1762 2803
84 127 127 182 248
274 125 353 178 nuta
368 122 485 185 tramae
499 122 592 184 aratia.
630 108 632 112 ’

157 255 172 292 ll
186 248 219 290 Da
230 264 301 289 sancro
313 247 421 290 Cuncnnol
433 264 530 289 nanamrn
542 263 565 287 ar
576 252 710 286 conrrssoua2.

88 330 162 406 DVm
182 329 256 372 quidam
278 327 486 371 constantinopolitanus
505 327 605 370 imperator
622 326 645 359 ab
664 325 786 369 imperatrice,

149 381 221 416 Luciria
232 380 330 423 nominata,
342 385 426 424 speraret
437 391 526 425 generare
540 379 617 423 prolem,
629 377 698 412 nullam
710 388 786 422 genera-

84 436 126 470 bat:
138 434 186 470 vnde
198 434 252 468 ambo
263 432 325 467 tristes
337 433 458 467 condolebant
468 433 492 467 de
502 431 632 466 infecunditate
642 431 740 465 communi.
763 431 786 465 Et

84 488 192 533 inceperunt
210 487 284 521 assidue
302 486 390 529 ieiunare,
410 485 520 520 elemosinas
540 495 621 529 erogare,
641 485 786 529 omnipotentem

66 551 74 580 ,ἦ
84 542 139 575 deum
147 541 227 574 fidenter
236 545 253 574 ct
264 540 397 574 incessabiliter
408 540 494 573 inuocare
505 539 591 582 q'uatinus
603 538 684 572 omnium
695 539 785 572 donorum

84 595 161 627 donator
171 594 248 626 donaret
255 593 282 625 eis
292 593 350 625 filium
360 592 472 635 adoptiuum,
482 592 513 635 qui
523 590 601 634 genitori
612 597 675 635 posset
687 592 786 625 succedere

84 651 102 680 et
117 651 159 690 post
173 644 290 689 imperatoris
305 644 375 679 obitum
390 643 470 678 retinere
483 644 588 687 imperium.
611 644 675 687 Itaque
688 639 786 678 adiuuante

84 703 185 743 magestate
200 698 286 732 exaudite
302 703 344 732 sunt
359 709 424 741 preces
438 697 539 738 amborum,
551 696 669 741 acceptabilia
681 702 699 731 et
712 701 787 740 accepta

84 753 132 787 dona
141 751 287 787 elemosinarum.
321 744 367 786 Post
373 752 458 785 hecvero
464 750 571 795 imperatrix
579 749 717 795 religiosissima
725 750 787 784 diuino

58 815 76 838 10
84 811 129 840 nutu
147 804 223 839 feliciter
240 804 328 848 concepit,
347 809 365 838 et
384 809 426 848 post
441 804 581 848 conceptionem
599 804 670 838 felicius
687 803 787 847 generauit.

85 859 153 892 Audita
161 857 215 901 igitur
223 858 316 892 natiuitate
324 858 382 901 pueri,
390 857 497 901 parentibus
505 862 523 891 et
531 856 655 900 compatriotis
663 857 787 891 exultantibus

84 912 182 945 veniebant
193 915 278 955 potentes
290 911 355 953 duces,
364 910 435 945 nobiles
446 915 464 944 et
476 910 543 944 diuites
552 911 575 944 ad
584 910 700 954 imperialem
712 910 787 953 curiam,

86 964 209 999 collaudantes
227 963 338 998 vnanirniter
356 969 374 998 et
392 963 523 998 benedicentes
540 963 607 998 summi
624 963 693 998 datoris
711 963 787 998 beniuo-

86 1017 166 1058 lentiam,
182 1016 225 1059 quia
239 1016 345 1049 exaudierat
362 1016 469 1060 petitionem
488 1016 603 1060 postulatam,
619 1022 637 1050 et
652 1016 729 1059 insuper
745 1026 787 1059 per-

58 1082 76 1113 15
86 1070 163 1104 duxerat
180 1069 203 1103 ad
222 1067 353 1112 perfectionem
372 1073 390 1103 et
409 1068 503 1112 impletam
522 1073 540 1102 et
559 1068 676 1112 implendam.
722 1061 787 1103 Infans

85 1122 164 1157 nutritus
175 1122 232 1156 creuit
242 1123 265 1156 ad
274 1121 377 1165 pueritiam,
388 1127 406 1156 et
417 1121 507 1165 gradatim
517 1132 564 1166 puer
572 1122 620 1156 bone
627 1121 694 1156 indolis
705 1121 787 1164 florebat,

85 1177 164 1210 tendens
175 1176 199 1209 ad
210 1174 309 1209 iuuenilem
321 1174 404 1209 formam.
428 1175 494 1209 Forma
506 1174 545 1209 eius
557 1180 595 1209 erat
606 1176 672 1209 decora
684 1180 701 1209 et
715 1174 787 1209 inenar-

86 1230 158 1272 rabitis,
175 1233 252 1272 propter
265 1229 314 1271 quod
328 1228 379 1261 multi
391 1239 445 1271 reges
456 1233 474 1261 et
486 1228 549 1271 regine
561 1228 690 1262 desiderabant
702 1229 788 1271 copulare

85 1282 141 1315 talem
149 1281 220 1315 filiabus
229 1281 273 1314 suis.
295 1280 401 1314 Audiebant
410 1281 460 1315 enim
470 1280 521 1315 illum
532 1291 574 1315 esse
584 1286 685 1315 amatorem
694 1281 788 1324 largitatis,

58 1347 77 1367 ιο
86 1339 104 1369 et
116 1335 225 1368 adornatum
240 1332 321 1368 moribus
336 1333 435 1377 legittimis.
461 1333 541 1376 Interea,
553 1344 645 1368 consensu
658 1339 755 1378 parentum
770 1339 788 1368 et

86 1386 252 1431 compatriotarum,
264 1385 359 1420 cuiusdam
371 1386 420 1430 regis
434 1386 543 1420 nobilissimi
555 1386 592 1420 filia
603 1392 657 1431 pacta
667 1392 695 1421 est
706 1386 732 1420 illi
745 1397 788 1421 cum

86 1440 156 1473 honore
163 1439 259 1481 Vtriusque
267 1439 325 1481 regni.
348 1439 382 1472 Ille
390 1444 456 1480 autem,
465 1441 552 1472 caducam
560 1444 669 1482 potestatem
678 1439 787 1482 despiciens,

86 1497 104 1526 et
122 1492 171 1536 quod
191 1496 219 1525 est
238 1495 347 1535 perpetuum
369 1491 430 1525 animo
450 1491 525 1534 eligens,
541 1490 664 1535 virginitatem
683 1491 788 1526 inuiolatam

86 1556 163 1580 seruans
176 1546 210 1579 sub
223 1544 255 1578 vili
268 1544 335 1578 amictu
347 1544 431 1579 discessit
442 1546 465 1578 ab
477 1544 566 1589 imperiali
579 1545 633 1588 curia,
645 1546 691 1579 nulli
702 1546 788 1579 reuelans

59 1613 77 1642 ²5
87 1609 123 1642 que
135 1597 234 1641 cogitabat:
247 1597 287 1631 Ac³
300 1597 345 1631 nulli
357 1597 480 1638 consentiens,
490 1597 576 1632 diuinitus
586 1598 691 1643 inspiratus,
703 1598 788 1642 peruenit

87 1653 110 1686 ad
118 1650 172 1686 tireni
183 1650 238 1685 maris
249 1651 318 1685 littora:
330 1649 395 1685 vnicus
407 1649 467 1685 itineri
479 1649 578 1693 insistebat,
590 1652 623 1686 sed
634 1652 752 1686 comitabatur
763 1651 789 1686 illi

87 1705 166 1738 societas
183 1703 250 1738 diuina.
279 1703 356 1745 Quando
374 1704 462 1737 debuerat
479 1703 543 1738 venari
561 1714 595 1748 per
613 1715 694 1747 nemora,
712 1705 789 1739 latenter

86 1756 147 1790 adibat
160 1755 243 1789 diuinum
259 1756 364 1796 oratorium,
378 1757 455 1799 repetita
470 1756 568 1800 sepissime
584 1757 667 1791 oratione
684 1758 787 1800 dominica,

87 1810 160 1852 quando
171 1807 225 1841 etiam
236 1808 334 1851 cogebatur
343 1818 354 1840 a
364 1807 461 1842 curialibus
473 1808 537 1843 ludere
545 1809 564 1843 in
576 1808 626 1851 aleis,
635 1809 741 1844 discedebat
752 1809 788 1844 illis

59 1877 78 1907 30
86 1862 147 1896 inuitis
165 1858 268 1895 festinando
283 1862 305 1894 ad
319 1861 441 1895 ecclesiastica
454 1862 541 1896 oracula:
555 1862 582 1896 lbi
595 1873 694 1896 remanens
708 1868 726 1896 et
739 1874 789 1906 genu

86 1915 168 1955 flectens,
180 1925 221 1949 cum
235 1913 302 1948 eximio
316 1914 382 1949 affectu
393 1916 461 1949 orabat.
485 1915 509 1950 Et
519 1926 556 1950 non
567 1917 591 1950 ad
603 1916 670 1950 curiale
685 1916 789 1960 prandium,

87 1970 119 2004 sed
138 1969 161 2003 ad
179 1978 244 2002 cenam
261 1968 378 2002 constitutam
390 1969 456 2002 venire
472 1970 548 2003 solebat.
575 1969 646 2004 ieiunia
661 1970 789 2013 frequentabat

86 2022 116 2064 ita,
123 2027 142 2056 vt
149 2031 213 2055 omnes
221 2020 305 2055 videntes
313 2027 331 2055 et
338 2021 434 2056 audientes
442 2022 465 2055 de
473 2021 545 2056 iuuenis
553 2022 642 2067 religione
649 2023 789 2057 admirarentur.

88 2068 128 2109 His
143 2074 223 2119 peractis
238 2080 280 2117 post
295 2075 428 2108 discessionem
443 2075 491 2109 vnici
507 2075 539 2109 filii
554 2077 641 2120 lugebant
656 2081 754 2119 parentes:
771 2082 789 2110 et

59 2141 77 2171 35
87 2127 136 2162 ciues
150 2127 206 2162 dediti
220 2126 302 2162 mesticie
317 2127 369 2162 iussu
384 2127 497 2171 imperatorie
515 2129 573 2163 secuti
586 2134 628 2163 sunt
641 2128 728 2164 iuuenem
740 2130 789 2164 Cun-

86 2191 151 2225 garum
165 2180 270 2224 fugientem,
283 2181 314 2213 ut4
327 2181 343 2214 si
358 2186 435 2224 possent
449 2181 545 2216 inuentum
560 2193 655 2227 occupare,
669 2188 756 2226 caperent
772 2188 790 2216 et

87 2235 196 2268 reducerent
208 2233 285 2267 inuitum
299 2235 322 2268 ad
334 2233 469 2277 imperatorem.
493 2234 531 2268 lllis
543 2241 605 2269 autem
617 2235 733 2270 venientibus
747 2247 789 2269 curn

87 2297 154 2330 magna
165 2285 282 2319 festinatione
294 2287 317 2319 ad
327 2297 426 2329 equoreum
437 2287 492 2328 littus,
502 2299 545 2320 ecce
556 2288 608 2321 nauis
620 2294 706 2331 prompta
716 2294 755 2321 erat
766 2289 789 2320 ad

87 2339 249 2373 transfretandum.
272 2338 347 2373 quenis
358 2344 419 2374 autem
427 2340 492 2374 videns
501 2340 542 2374 illos
552 2346 657 2385 sequentes,
668 2346 686 2374 et
693 2346 790 2374 ventorum

60 2409 79 2438 40
88 2391 229 2437 prosperitatem
247 2397 265 2427 et
282 2397 366 2436 paratum
384 2392 483 2437 nauigium,
498 2393 572 2428 intrauit
590 2403 658 2428 nauem
672 2394 756 2435 velatam,
772 2399 790 2429 et

89 2445 114 2479 sic
129 2444 208 2480 veniens
223 2456 313 2490 prospere
329 2446 351 2479 ad
367 2457 466 2490 equoream
481 2446 589 2491 marginem,
605 2446 692 2481 deuitauit
707 2447 790 2482 odiosam

88 2498 242 2543 persecutionem.
287 2492 378 2543 indigene
391 2499 452 2544 itaque
467 2499 600 2544 inuestigantes
615 2506 755 2544 proposuerant,
767 2502 790 2535 ab

109 2587 144 2617 1αἱ,
152 2586 238 2616 Docuinus
297 2587 527 2620 ‘ThislifeisomitledinR
587 2589 656 2620 ΒΕ.Αῐ.
716 2590 751 2621 4Ε.
759 2596 779 2620 et.
