1762 2803
236 115 282 172 ibt
297 113 397 169 &antro
413 112 533 177 elaboro.
691 120 733 177 385

32 239 92 275 ulcisci
105 242 186 272 conatur.
208 237 246 271 Sed
258 237 302 271 dum
313 248 378 281 parum
389 238 490 281 proficeret,
500 237 594 272 Danorum
606 237 673 273 auxilia
684 239 734 283 petit,

32 303 68 328 non
80 292 103 325 ad
115 291 230 325 Cantuaritas
243 291 293 324 solos
304 290 428 332 debellandos,
440 290 472 324 sed
481 291 504 324 ad
516 290 571 324 totius
582 290 677 326 Britannie
688 292 735 327 lines

32 343 151 385 inuadendos,
169 353 283 387 regnumque
302 348 344 387 post
362 342 456 377 victoriam
475 353 522 387 equa
540 347 590 377 sorte
609 343 735 379 diuidendum.

32 398 99 440 Sicque
110 396 164 429 sedus
175 395 245 436 ineunt,
257 396 331 429 dextras
343 396 386 429 dant
398 400 416 429 et
427 395 521 439 accipiunt,
532 402 648 430 sacramenta
659 396 736 440 exigunt

32 455 50 486 et
62 449 162 494 porrigunt,
174 447 291 482 Cantuariam
302 453 374 482 vastare
388 447 447 493 primo
461 448 567 482 deliberant.
590 448 643 491 Quod
657 450 752 490 audiens5

33 502 126 546 Elphegus
134 500 236 545 episcopus,
243 506 342 536 conuocato
350 501 417 546 populo
425 502 460 536 ait:
473 501 498 536 ‘F
498 501 533 536 orti
541 502 602 536 animo
610 507 674 544 estote,
681 503 735 537 deum

32 566 64 600 pre
76 555 133 589 oculis
145 555 216 594 habete,
226 559 289 598 preter
301 566 348 593 eum,
359 555 390 599 qui
402 565 469 598 corpus
482 561 500 589 ct
513 554 592 589 animam
605 554 623 589 in
636 554 735 591 iehennam

32 609 109 654 perdere
124 612 189 652 potest,
203 607 258 641 nichil
272 608 372 648 formidate,
384 607 503 642 humilitatem
515 613 533 642 et
543 608 650 653 patientiam
662 608 735 643 habete·

32 662 114 696 Christus
123 660 177 700 enirn,
184 671 225 695 cum
234 661 280 695 deus
290 667 344 701 esset,
351 667 369 695 et
377 661 437 695 omnia
446 661 471 695 illi
479 667 532 704 pater
541 661 560 695 in
571 672 638 695 manus
646 662 734 704 dedisset,

32 715 54 748 de
65 713 143 746 inimicis
151 713 212 747 vlcisci
224 724 245 747 se
256 713 317 753 noluit,
326 714 359 747 sed
370 713 450 757 gladium
462 713 528 747 llalchi
538 714 627 758 sanguine
638 720 734 749 cruentum
744 721 763 743 10

31 766 96 809 vagina
104 765 215 799 recondidit!
238 766 320 800 Obsessa
327 767 401 800 tandem
409 776 420 799 a
429 766 487 800 Danis
496 765 568 801 ciuitate
575 776 610 810 per
616 766 681 810 viginti
689 766 734 806 dies,

32 825 49 853 et
60 818 144 862 quicquid
154 818 177 851 ad
184 830 238 852 vsum
247 818 285 852 vite
292 818 342 852 ciues
349 824 460 862 parauerant
469 819 563 858 exhausto,
572 818 648 853 mittitur
655 829 666 852 a
673 818 735 863 ponti·

32 873 70 913 fice,
79 871 109 915 qui
119 871 177 904 Danis
188 871 283 915 suggerat¹
292 877 310 905 vt
319 873 342 905 ab
351 872 424 915 incepto
432 871 521 905 desistant
528 871 633 915 populoque
641 871 734 906 innocenti

32 923 122 968 parcant²,
134 929 247 968 caueantque
262 936 286 959 ne
301 925 362 959 diuine
377 923 498 969 correptionis
513 923 591 967 flagello,
604 934 639 969 pro
655 924 735 959 liliorum

32 977 148 1021 castigatione
159 977 182 1011 ad
195 983 269 1022 tempus
283 988 376 1020 concesso,
388 976 444 1012 nimis
457 976 559 1012 insolenter
570 977 674 1013 abutantur.
697 977 734 1013 Sed
745 990 762 1021 15

33 1030 90 1064 Dani³
103 1031 188 1064 mandata
203 1030 365 1075 pretermittentes,
377 1036 438 1064 turres
453 1035 546 1072 extruere,
559 1029 645 1064 arietibus
661 1040 734 1065 murum

32 1084 91 1125 ferire,
97 1083 161 1126 igneas
167 1083 216 1118 laces
222 1084 282 1118 iacere
287 1090 392 1118 constanter
398 1083 504 1127 ceperunt⁴.
516 1083 540 1116 Et
546 1095 588 1117 ecce
593 1094 652 1117 vorax
660 1083 735 1118 llamma

32 1147 65 1179 per
72 1137 136 1170 domos
145 1136 267 1178 succenditur,
272 1148 298 1179 ac,
305 1136 389 1171 seuiente
398 1142 465 1177 austro,
473 1146 495 1170 se
504 1135 598 1170 dilatando
606 1136 734 1181 dispergiturt.

32 1188 82 1222 Tunc
96 1189 200 1223 miseranda
213 1189 262 1224 inter
275 1189 326 1224 ciues
337 1189 384 1223 sacta
396 1194 424 1223 est
436 1189 526 1223 cunctatio
537 1194 642 1222 utrumnam
654 1189 734 1223 desertis

32 1252 125 1276 murorum
142 1243 285 1285 propugnaculis
300 1244 323 1277 ad
340 1242 425 1286 proprias
442 1243 508 1277 domos
526 1241 649 1284 conuolarent,
664 1252 688 1276 an
706 1241 733 1278 eis
742 1256 762 1278 πο

32 1293 119 1337 neglectis
127 1294 222 1328 munitioni
231 1295 364 1329 incumberent.
382 1294 430 1327 Vicit
437 1303 553 1328 communem
559 1293 654 1328 utilitatem
662 1294 733 1337 priuata

32 1345 106 1389 allectio,
117 1347 196 1382 liliorum
208 1347 266 1382 dulcis
278 1346 384 1388 recordatio,
393 1347 461 1381 tuende
473 1346 540 1381 familie
552 1346 613 1381 innata
624 1346 733 1391 compassio.

32 1398 110 1434 Currunt
116 1400 178 1444 itaque
184 1407 202 1435 et
208 1400 465 1444 rapiuntdemediisssammis
471 1399 558 1444 coniuges
564 1405 582 1433 et
588 1399 733 1442 charosliberos,

32 1451 91 1486 hostili
103 1453 163 1496 gladio
174 1453 236 1487 statim
247 1453 344 1488 feriendos.
367 1453 390 1487 Et
401 1464 444 1487 ecce
456 1452 530 1487 effracta
541 1453 591 1494 vrbe,
603 1452 695 1487 exercitus
706 1453 733 1487 in·

31 1506 117 1547 greditur,
129 1506 215 1541 terribilis
228 1507 299 1541 sonitus
312 1518 336 1541 ex
349 1506 428 1541 clamore
439 1516 505 1540 vocum
518 1511 537 1539 et
550 1506 636 1549 clangore
649 1507 733 1541 tubarum
742 1521 760 1550 25

32 1559 122 1600 attollitur,
135 1560 182 1593 adeo
196 1565 216 1593 vt
233 1558 294 1593 omnia
309 1559 387 1593 ciuitatis
402 1558 521 1593 fundamenta
536 1557 607 1592 concuti
621 1558 734 1594 viderentur.

32 1609 67 1643 Alii
73 1621 153 1654 namque
159 1611 207 1645 ferro
213 1611 294 1654 iugulati,
300 1611 330 1644 alii
336 1611 416 1644 ilamrnis
422 1610 532 1655 consumpti,
538 1611 602 1653 plures
608 1621 665 1654 supra
671 1621 734 1645 muros

31 1662 128 1706 precipites
139 1663 182 1706 dati,
193 1663 276 1698 nonnulli
288 1675 323 1708 per
333 1665 414 1698 verenda
426 1662 514 1707 suspensi
527 1662 620 1697 deliciunt.
643 1662 733 1706 lllatrone,

32 1714 74 1748 dum
90 1716 186 1751 thesauros
199 1727 246 1761 quos
259 1728 296 1750 non
309 1716 401 1750 habebant
416 1721 506 1760 coguntur
518 1716 603 1759 prodere,
616 1715 686 1759 capillis
699 1727 734 1760 per

31 1777 94 1803 omnes
108 1768 184 1804 ciuitatis
196 1770 267 1815 plateas
281 1769 372 1813 distracte,
384 1770 408 1804 ad
418 1769 502 1805 vltimum
516 1767 595 1803 flammis
607 1768 673 1803 iniecte
685 1774 733 1805 sunt.
741 1786 761 1816 30

32 1820 104 1856 Paruuli
112 1834 122 1857 a
130 1829 209 1858 matrum
216 1823 303 1858 uberibus
311 1823 388 1866 euulsifl,
396 1823 464 1857 lanceis
472 1823 587 1864 effodiuntur,
596 1827 626 1856 aut
636 1827 733 1866 superacto

31 1873 111 1917 plaustro
117 1877 219 1911 minutatim
225 1882 349 1911 conteruntur.
368 1876 448 1910 Sanctus
454 1880 515 1909 autem
522 1874 621 1919 Elphegus,
627 1885 664 1908 non
669 1875 732 1908 serens

31 1931 98 1963 tantam
106 1941 181 1964 suorum
192 1929 358 1975 depopulationem,
366 1930 410 1963 dum
419 1929 472 1963 turba
481 1928 613 1963 monachorum
623 1927 642 1962 in
653 1927 732 1962 ccclesia

31 1979 173 2027 circumseptusT
186 1983 257 2025 fuisset,
271 1988 348 2026 repente
363 1983 386 2016 de
401 1981 486 2015 manibus
500 1981 602 2015 tenentium
616 1982 696 2025 elapsus,
708 1982 732 2015 de

31 2033 107 2066 ecclesia
112 2034 179 2068 euasit:
188 2045 301 2077 currensque
307 2035 329 2068 ad
335 2035 394 2067 locum
400 2034 519 2067 cadaueribus
525 2033 606 2076 plenum,
611 2034 732 2066 intercuneos
741 2049 759 2077 35

31 2082 109 2120 hostium
116 2097 137 2121 se
144 2087 232 2130 ingerens
240 2086 360 2121 exclamauit:
372 2086 459 2128 ‘Parcite
468 2085 531 2131 inquit,
539 2085 609 2129 parcite
616 2097 620 2128 ;
632 2090 650 2119 et
658 2085 674 2119 si
681 2087 733 2120 viros

30 2145 62 2169 vos
74 2149 115 2172 esse
126 2139 241 2183 cognoscitis,
249 2139 366 2173 innocentem
377 2143 444 2173 etatem
454 2137 542 2182 persequi
551 2142 627 2172 cessate.
651 2138 692 2172 Non
703 2143 732 2173 est

30 2186 64 2224 ista
69 2191 149 2235 victoria,
156 2203 191 2236 qua
199 2191 304 2227 lactentium
312 2191 408 2236 perimitur
413 2190 526 2234 innocentia;
539 2202 573 2226 nec
581 2190 629 2225 laudi
635 2190 732 2225 ascribitur

30 2242 115 2287 quicquid
123 2246 142 2280 in
150 2245 242 2290 simplices
248 2250 265 2280 et
273 2244 339 2280 mites⁸
347 2244 432 2280 bellando
439 2244 538 2290 peragitur.
554 2244 582 2279 En
592 2254 626 2287 me,
632 2243 663 2288 qui
669 2248 732 2279 vestre

30 2292 127 2338 impietatis
141 2298 217 2332 crimina
230 2298 287 2331 libero
301 2308 376 2341 semper
388 2308 420 2331 ore
434 2296 522 2331 clamaui:
538 2296 566 2330 En
578 2296 609 2340 qui
620 2295 702 2339 captiuos
714 2301 732 2330 et
740 2309 760 2338 40

31 2349 115 2384 multatos
128 2351 176 2396 paui,
187 2351 259 2393 vestiui,
271 2350 346 2385 redemi.
369 2350 391 2384 ln
406 2360 437 2385 me
447 2355 510 2385 vestra
522 2349 583 2393 potius
598 2348 625 2382 ira
638 2348 731 2383 deseuiat.¹

31 2398 74 2436 Mox
82 2402 143 2447 itaque
152 2404 227 2448 capitur,
236 2410 254 2438 et
261 2404 362 2448 intercepto
370 2403 455 2438 manibus
463 2408 535 2447 gutture
543 2413 579 2437 vox
589 2401 680 2446 loquentis
689 2412 732 2447 pre-

30 2454 112 2494 peditur:
128 2457 207 2492 vinculis
223 2457 284 2501 palme
301 2457 424 2498 innectuntur,
435 2466 483 2500 gene
496 2455 587 2499 vnguibus
600 2455 732 2497 dissecantur⁹,

49 2525 165 2568 ¹T.suggirat.
197 2531 309 2568 ²E.percant.
340 2529 423 2561 ³T.Boll.
437 2528 490 2567 Angli.
520 2528 591 2561 ladom.
622 2528 730 2568 ladspargit¹

29 2563 127 2602 “alauulst
166 2570 328 2609 ⁷E.circumceptus,
369 2569 541 2608 lBollinsupplices.
586 2569 621 2599 ΗΞ.
629 2569 732 2601 discerentur.

368 2629 397 2655 CC
