1762 2803
83 144 120 218 '30
184 224 185 228 Ἰ
282 160 362 214 mota
377 158 493 221 iromus
509 159 602 222 anglic.

91 283 108 317 ei
116 280 194 316 mirabili
202 282 272 326 fulgore
281 283 359 325 quedam
369 291 436 325 ymago
446 281 530 325 spineam
539 287 615 324 portans
626 291 719 323 coronam,
729 280 792 315 dicens

92 336 119 370 ei:
134 334 258 377 ‘eonfortare
271 334 363 376 Pachomi,
376 334 419 378 quia
429 335 528 378 posteritas
538 339 570 368 tua
581 345 642 378 vsque
657 333 676 368 in
687 335 744 369 finem
756 343 794 367 non

92 387 170 430 deficiet,
178 392 196 422 et
203 387 235 433 qui
242 387 290 422 inter
297 398 329 422 eos
337 388 368 432 pie
376 392 394 421 et
402 388 516 421 continenter
521 386 592 428 vixerit,
600 397 654 421 amen
662 387 702 421 dico
710 386 793 431 requiem

92 441 188 476 sortietur.¹

365 519 380 556 il
388 517 488 553 Narratb‘.

76 605 84 635 5
116 585 146 628 Eo
154 597 242 638 tempore,
251 593 353 627 secundum
362 592 437 633 Bedam,
446 591 509 626 Sebba
519 602 553 625 rex
562 590 684 626 Orientalium
693 591 795 631 Saxonum,

92 644 120 678 m'r
128 644 205 678 multum
213 645 247 677 deo
255 644 338 685 deuotus,
344 643 411 677 iloruit.
435 643 479 677 Erat
485 643 535 676 enim
543 643 635 687 religiosis
643 642 718 683 actibus,
724 642 794 675 crebris

94 697 184 742 precibus,
192 697 228 742 piis
235 697 377 732 elemosinarum
386 695 474 730 fructibus
482 695 582 740 plurimum
589 696 671 730 intentus
678 706 682 735 ;
694 696 751 729 vitam
757 693 795 738 pri-

94 756 155 784 uatam
169 755 186 784 et
199 750 319 784 monasticam
327 750 397 784 cunctis
407 750 459 793 regni
471 749 539 783 diuitiis
551 754 569 783 et
581 749 681 783 honoribus
693 749 795 792 preferens,

95 813 150 846 quam
158 807 176 836 et
183 804 231 845 olim,
239 803 255 837 si
267 814 303 836 non
315 803 417 837 obstinatus
430 802 513 845 coniugis
522 802 595 835 animus
603 801 702 845 diuortium
714 805 795 843 negaret,

69 869 88 891 ro
95 856 159 890 relicto
163 865 221 899 regno
227 855 311 889 subisset.
330 856 376 890 Cum
383 860 444 889 autem
450 854 524 898 triginta
529 854 582 888 annis
587 853 659 898 placitis
667 854 702 887 deo
708 852 796 897 operibus
805 854 806 858 ’

95 912 195 952 regnasset,
208 907 312 942 infirmitate
324 913 424 952 correptus,
436 908 468 943 vix
477 907 574 951 impetrato
588 907 650 941 uxoris
661 916 759 946 consensu,
772 905 794 938 ab

95 962 182 1006 episcopo
190 961 305 996 londoniensi
313 961 394 996 habitum
402 960 495 1006 religionis
501 960 587 1004 suscepit,
594 965 612 995 et
620 968 711 995 summam
718 957 796 1004 pecunie

95 1015 194 1049 maximam
201 1014 312 1059 pauperibus
320 1015 432 1059 erogandam
443 1013 541 1058 episcopo²
549 1014 612 1055 attulit,
621 1013 666 1046 nihil
674 1014 749 1047 omnino
760 1012 795 1045 sibi

95 1078 197 1102 reseruans
221 1068 305 1110 Quicum
314 1069 362 1102 diem
371 1067 435 1101 mortis
440 1068 475 1101 sibi
485 1068 582 1101 imminere
591 1066 672 1108 sentiret,
678 1067 735 1101 accito
743 1066 766 1099 ad
775 1076 795 1099 se

70 1133 86 1162 15
95 1121 187 1165 episcopo,
198 1120 343 1161 consolatoriam,
355 1130 410 1164 quam
420 1120 496 1160 viderat,
508 1120 589 1154 narrauit
600 1119 618 1153 ei
628 1119 723 1154 visionem.
745 1117 796 1152 Vidit

95 1173 144 1206 enim
152 1172 187 1205 sibi
193 1173 280 1206 assistere
287 1178 325 1206 tres
333 1173 382 1206 viros
391 1173 439 1206 claro
447 1173 520 1205 indutos
528 1173 595 1214 habitu,
604 1182 683 1215 quorum
690 1182 738 1206 vnus
749 1171 795 1204 dixit

94 1225 143 1268 quod
152 1224 213 1258 anima
220 1226 259 1258 eius
265 1224 305 1258 sine
311 1225 347 1258 vilo
354 1225 416 1258 dolore
424 1235 466 1258 cum
474 1234 541 1268 magno
550 1224 596 1258 lucis
603 1224 702 1268 splendore
708 1223 761 1257 tertio
766 1222 796 1256 die

94 1281 144 1312 esset
152 1287 249 1321 egressura
260 1277 283 1311 de
293 1288 376 1322 corpore.
400 1276 434 1311 Die
444 1287 490 1312 vero
503 1281 545 1321 post
556 1276 591 1311 hec
601 1276 660 1317 tertia,
669 1276 721 1319 quasi
732 1276 797 1310 leuiter

94 1329 212 1365 obdormiens
220 1330 260 1365 sine
266 1330 302 1365 vllo
310 1340 367 1366 sensu
375 1330 442 1365 doloris
452 1330 513 1365 emisit
521 1329 610 1374 spiritum.
634 1329 657 1363 Et
666 1335 729 1373 parato
737 1340 797 1363 sarco-

68 1398 86 1418 κο
94 1384 160 1428 phago,
168 1383 279 1418 inuenerunt
287 1395 353 1428 corpus
361 1394 448 1418 mensura
456 1382 513 1427 palmi
521 1383 594 1426 longius
602 1394 645 1417 esse
653 1382 688 1416 illo.
712 1382 795 1426 Cumque

94 1435 193 1483 quidinde
208 1441 284 1482 agerent
300 1436 396 1471 hesitando
406 1436 459 1481 quasi
471 1435 542 1470 attoniti
556 1441 631 1477 starent,
645 1435 710 1479 subito,
726 1440 797 1470 astante

95 1491 182 1533 episcopo
190 1495 209 1524 et
217 1490 253 1523 filio
262 1489 310 1533 regis
318 1491 401 1524 eiusdem
409 1495 427 1524 et
433 1491 486 1524 turba
494 1490 589 1524 hominum
597 1490 659 1531 multa,
666 1489 761 1524 inuentum
769 1494 797 1523 est

96 1541 230 1585 sarcophagum
242 1542 287 1575 illud
298 1552 378 1586 congrue
391 1541 516 1585 longitudinis,
524 1546 544 1575 vt
555 1552 566 1575 a
577 1547 630 1586 parte
644 1542 708 1585 capitis
719 1542 796 1576 ceruical

96 1594 189 1637 interponi
196 1599 265 1638 posset,
270 1600 289 1628 et
296 1606 307 1628 a
314 1600 366 1639 parte
371 1595 440 1638 pedum
445 1606 532 1629 mensura
538 1600 616 1638 quatuor
623 1594 721 1637 digitorum
729 1605 796 1638 corpus

71 1660 89 1689 ²5
97 1647 201 1681 excederet.
224 1647 312 1691 Sepultus
320 1653 348 1682 est
355 1652 416 1682 autem
424 1647 443 1681 in
451 1647 528 1682 ecclesia
536 1647 593 1682 sancti
601 1641 652 1682 'Pauli
661 1647 743 1691 apostoli.

156 1793 170 1828 ll
180 1785 213 1827 DE
225 1804 294 1827 SANCTO
307 1786 400 1827 HONORIO
411 1804 558 1828 nncrrmffiscot’o
570 1805 593 1828 ET
604 1795 737 1829 CONFESSORN.

101 1881 180 1956 BEato
192 1881 328 1925 archiepiscopo
337 1882 387 1916 Iusto
398 1882 422 1916 ad
433 1883 508 1917 celestia
517 1883 611 1923 translato,
619 1887 694 1916 sanctus
703 1883 798 1916 Honorius

156 1945 189 1978 pro
200 1934 231 1968 illo
243 1940 271 1968 est
282 1934 301 1968 in
313 1936 427 1979 presulatum
439 1937 513 1977 electus,
522 1935 553 1979 qui
561 1941 601 1970 erat
609 1947 657 1970 vnus
668 1947 692 1970 ex
704 1936 798 1980 discipulis

97 1987 145 2023 beati
156 1998 204 2031 pape
211 1987 300 2031 Gregorii,
308 1989 336 2022 vir
347 1999 414 2032 magne
425 1989 530 2023 reuerentie
542 1993 560 2022 et
571 1989 590 2023 in
601 1989 657 2023 rebus
669 1988 797 2023 ecclesiasticis

97 2041 211 2077 sublimiter⁴
219 2041 324 2076 instructus.
347 2041 382 2083 Qui
390 2041 502 2075 ordinandus
510 2041 561 2075 venit
568 2043 591 2076 ad
598 2042 701 2083 Paulinum,
708 2047 726 2076 et
735 2053 799 2076 occur-

70 2108 89 2137 50
97 2101 149 2130 rente
157 2094 192 2128 sibi
199 2094 230 2127 illo
236 2094 255 2127 in
262 2093 380 2136 Lindecolnio
386 2094 398 2137 ⁶,
404 2094 547 2128 dorobernensis
555 2095 633 2129 ecclesie
641 2100 760 2130 consecratus
769 2100 797 2129 est

96 2148 177 2181 antistes.
200 2147 234 2180 Cui
242 2146 298 2180 etiam
305 2157 354 2190 papa
360 2147 454 2180 Honorius
463 2147 615 2190 misitpalliumet
623 2147 699 2189 litteras,
705 2149 724 2181 in
731 2147 797 2191 quibus
834 2139 836 2143 Α

96 2198 216 2235 decreuittvt
224 2210 265 2232 cum
273 2199 416 2233 dorobernensis
426 2200 455 2233 vel
467 2200 584 2234 eboracencis
596 2200 675 2233 antistes
686 2201 709 2234 de
721 2200 755 2233 hac
763 2200 800 2234 vita

96 2251 196 2293 transierit,
205 2252 221 2286 is
226 2251 258 2295 qui
266 2257 351 2295 superest
356 2262 433 2289 consors
441 2252 524 2286 eiusdem
531 2253 604 2296 gradus,
613 2253 679 2287 habeat
690 2258 799 2297 potestatem

96 2306 175 2341 alterum
183 2304 279 2339 ordinandi
288 2304 327 2340 loco
335 2304 375 2340 eius
380 2305 412 2350 qui
420 2306 518 2341 transierat
526 2306 651 2349 sacerdotem
663 2316 687 2340 ne
693 2306 717 2341 sit
723 2316 800 2341 necesse

70 2375 87 2404 35
96 2360 119 2394 ad
131 2368 225 2394 romanam
239 2369 299 2401 vsque
313 2359 404 2392 ciuitatem
420 2369 455 2402 per
471 2364 508 2393 tam
522 2358 593 2403 prolixa
608 2364 698 2393 terrarum
712 2364 731 2393 et
743 2359 800 2393 maris

97 2411 159 2457 spacia
166 2421 200 2454 pro
208 2410 310 2445 ordinando
318 2406 456 2455 archiepiscopo
463 2422 538 2456 semper
546 2411 621 2457 fatigari.
645 2411 707 2447 ‘Inter
714 2412 800 2456 plurima,

117 2497 123 2516 1
135 2496 159 2525 Ex
167 2495 212 2525 Beda
219 2495 245 2525 IV.
254 2505 277 2525 rr.
317 2496 323 2513 ²
334 2496 372 2526 Bed.
380 2497 456 2526 vocabulo
463 2497 538 2526 Valdheri
545 2497 572 2534 qui
581 2496 687 2527 Erkcnwaldo
696 2502 799 2528 successerat

97 2537 102 2553 υ
113 2536 142 2565 Ed.
149 2535 165 2563 in
173 2534 207 2564 Act.
217 2535 246 2563 SS.
254 2534 293 2563 Boll.
305 2534 348 2572 Sept
358 2536 402 2565 VIII.
414 2545 429 2571 p.
440 2546 474 2573 qro.
496 2537 577 2572 Abridged
588 2537 628 2565 from
638 2536 727 2565 Goscelin's
737 2537 774 2565 Vita
784 2537 801 2565 in

98 2575 131 2606 MS.
140 2574 181 2604 Cott.
188 2573 237 2611 Vesp.
245 2573 263 2604 Β,
271 2573 308 2609 XX,
314 2573 357 2604 Harl.
364 2583 396 2611 105,
405 2574 449 2606 Harl.
455 2577 485 2613 652
492 2575 518 2613 (an
526 2575 638 2612 amplification
644 2575 662 2605 of
667 2575 712 2606 Beda
720 2576 740 2607 ΙΙ.
747 2577 766 2605 18
773 2575 800 2615 ft),

96 2617 102 2634 ⁴
112 2617 129 2646 T.
138 2613 224 2644 sullimiter.
266 2613 273 2631 ⁵
283 2613 322 2645 Bed.
330 2615 439 2645 Lindocolino.
481 2613 487 2633 ⁶
497 2615 536 2645 Bed.
545 2615 620 2646 decernit
