1762 2803
209 83 254 138 Ue
269 81 356 135 &otoo
371 80 425 138 moi
442 80 555 133 oootito.
687 92 731 137 475

33 202 93 237 abbati
101 213 136 246 que
144 202 214 237 uiderat
222 202 316 237 reuelauit.
339 202 403 237 Abbas
410 214 460 245 uero,
466 202 497 247 qui
505 207 613 247 preceptum
619 200 691 236 tacendi
696 210 732 233 non

32 261 132 300 acceperat,
140 257 163 290 ad
171 256 308 290 edificacionem
316 256 430 291 audienciunr
439 258 464 300 (et
471 256 574 300 legencium
582 254 672 289 uisionem
681 264 733 288 reue·

33 309 82 352 lauit)
88 309 106 352 ¹.]

177 384 192 420 di
200 383 230 417 DE
238 374 329 418 Goomco
337 393 398 417 SERUO
406 394 437 417 DEl
446 394 468 417 ET
476 384 589 418 Hunutiirnh

33 454 39 474 ³
85 455 131 490 Ater
138 456 197 490 sancti
208 455 281 491 Godrici
293 455 352 490 dictus
362 462 390 490 est
397 456 507 497 Ailwardus,
515 463 574 492 mater
580 467 625 491 vero
634 455 734 494 Edwenna,

99 508 166 542 diuitiis
179 515 249 552 tenues,
261 509 294 542 sed
306 508 376 543 iusticia
388 516 406 543 et
415 509 511 545 virtutibus
522 511 640 544 abundantes.
663 509 699 551 Qui
711 509 752 547 dea

36 562 161 596 Northfolcia⁴
176 565 218 605 nati,
232 563 251 596 in
262 563 305 596 villa
318 563 341 595 de
355 563 441 606 Walpol⁶
452 563 553 598 diutissime
565 563 667 597 conuersati
679 567 734 601 sunt3

34 614 79 647 recti
92 620 110 647 et
121 614 234 656 innocentes,
246 620 264 647 et
276 625 337 647 coram
349 616 384 648 deo
396 615 502 657 simpliciter
514 616 633 649 ambulantes.
656 615 681 648 Hi
693 624 735 647 cum

34 667 117 701 sobolem
129 677 165 700 non
177 667 271 707 haberent,
283 666 355 701 deuotis
368 667 453 711 precibus
467 669 543 702 orabant
555 674 574 702 vt
586 667 657 711 prolem
671 667 694 701 ad
705 665 734 700 dei

35 720 103 753 cultum
118 719 214 754 idoneamfi
229 724 344 764 generarent.
368 720 456 763 Concepit
471 720 525 763 igitur
543 721 614 761 mulier,
629 726 647 754 et
663 719 735 764 peperit

35 772 92 807 filium
104 772 178 807 nomine
190 773 294 813 Godricum‚
306 773 355 817 quod
367 772 498 817 interpretatur
509 774 586 808 ‘bonum
598 775 684 816 regnum’
696 772 735 806 siue
746 781 764 803 10

36 827 75 860 ‘dei
83 828 172 870 regnum!
195 827 239 861 Post
247 827 315 870 aliquot
323 827 391 860 deinde
401 837 460 860 annos
470 828 507 861 nati
517 833 559 861 sunt
570 827 597 860 eis
608 826 656 860 filius
665 826 736 860 Willel-

35 890 82 922 mus,
102 885 120 914 et
135 891 187 914 soror
202 881 241 914 eius
257 880 366 914 Burwenna.
398 872 502 915 Puerilibus
519 880 573 914 annis
588 880 606 913 in
622 880 736 923 simplicitate

35 933 137 973 transactis,
145 938 237 967 mercator
248 933 331 975 efficitur,
339 939 357 966 et
368 933 428 977 primo
440 933 488 966 circa
498 934 551 968 villas
563 938 581 966 et
592 943 635 966 rura
646 932 737 966 mercibus

36 986 112 1020 minoris
124 986 181 1030 precii
194 992 296 1028 exercetur,
308 992 325 1020 et
338 993 380 1030 post
392 987 475 1020 ciuitates
487 993 505 1020 et
518 986 609 1020 nundinas
622 985 667 1019 lucri
680 985 737 1030 gratia

36 1038 152 1081 frequentare
160 1040 213 1081 cepit.
263 1033 299 1072 Est
307 1040 358 1072 locus
365 1040 384 1072 in
394 1039 490 1072 maritimis
497 1040 615 1073 Wellestrem
624 1038 687 1077 dietus,
694 1038 737 1071 ville
747 1050 765 1077 ¹5

36 1102 72 1136 que
84 1092 185 1137 Spaldinga
196 1098 271 1127 vocatur
282 1105 331 1137 pene
342 1093 443 1138 contiguus,
454 1093 485 1126 vbi
497 1094 579 1127 refluxus
592 1093 648 1126 maris
659 1093 738 1138 plerum-

37 1155 73 1188 que
86 1156 120 1189 pcr
133 1151 211 1189 quatuor
223 1147 299 1180 miliaria
311 1147 370 1180 siccas
382 1147 467 1190 relinquit
482 1156 559 1181 arenas:
576 1147 600 1179 ibi
616 1146 645 1180 die
660 1147 737 1190 quadam

38 1198 89 1232 solus
101 1199 221 1234 deambulans
231 1199 327 1242 Godricus,
335 1205 373 1234 tres
385 1198 492 1244 delphines⁷
503 1200 572 1234 inuenit
583 1198 602 1234 in
614 1198 672 1234 sicco:
692 1199 738 1233 duos

37 1252 121 1286 viuentes
132 1252 206 1296 reliquit
216 1253 299 1295 intactos,
307 1254 331 1287 de
342 1259 414 1287 mortuo
424 1253 458 1287 sibi
470 1260 540 1297 partem
552 1252 614 1294 secuit,
623 1258 641 1286 et
652 1259 738 1287 oneratus

37 1305 127 1339 discessit.
151 1306 189 1338 Nec
197 1317 253 1347 mora,
262 1306 335 1339 rediens
345 1306 411 1339 fluctus
422 1306 478 1339 maris
489 1306 606 1349 consequitur
616 1305 738 1346 festinantem,
748 1319 767 1339 ω

38 1364 56 1392 et
64 1358 123 1402 primo
131 1359 189 1402 pedes
197 1364 215 1393 et
221 1359 274 1393 tibias
282 1358 383 1401 madefacit,
390 1359 456 1394 deinde
465 1360 469 1376 ‘
476 1370 543 1403 corpus
548 1358 621 1393 vallauit
626 1358 715 1400 abissus⁸,
721 1365 739 1392 ct

39 1418 93 1455 caput
100 1412 182 1455 operuit!
206 1412 239 1446 Ille
247 1412 298 1446 fortis
309 1411 328 1446 in
340 1412 381 1454 fide,
389 1423 447 1456 usque
459 1412 482 1446 ad
493 1412 542 1447 littus
554 1413 588 1447 sub
600 1411 652 1456 aquis
663 1418 740 1446 onustus

38 1464 116 1507 incedit,
130 1465 237 1508 parentibus
246 1465 298 1509 pisce
306 1465 372 1499 tradito
380 1470 444 1499 cuncta
454 1467 537 1507 retexuit,
546 1470 563 1499 et
574 1465 596 1499 ad
606 1466 741 1499 enarranduml

39 1518 68 1550 dei
76 1518 152 1561 gloriam
161 1528 193 1550 eos
201 1518 288 1551 inuitauit.
334 1511 357 1551 In
367 1518 464 1551 Lindeseia
471 1528 505 1561 per
513 1523 590 1561 quatuor
601 1528 659 1551 annos
671 1518 742 1551 minora

39 1569 158 1604 mercimonia
169 1571 228 1614 pedes
240 1569 328 1612 exercuit,
340 1576 358 1604 et
367 1570 410 1604 inde
422 1569 474 1614 prius
485 1571 507 1604 ad
520 1570 607 1604 Sanctum
615 1569 710 1603 Andream
722 1570 740 1603 in
751 1585 769 1614 ²5

40 1622 124 1665 Scotiam,
140 1623 207 1657 deinde
221 1624 314 1667 profectus
329 1630 357 1657 est
373 1624 458 1657 Romam.
481 1623 582 1665 Reuersus,
597 1624 742 1667 negociatoribus

40 1676 135 1710 adiunctus
151 1676 269 1719 Britanniam,
284 1676 395 1718 flandriam,
408 1676 483 1709 Daciam
497 1676 569 1721 nauigio
581 1686 685 1719 aggressus,
697 1677 742 1710 diui·

40 1730 78 1763 eias
89 1735 211 1772 congregatum,
220 1730 272 1762 nauis
284 1729 384 1770 dimidium,
392 1735 410 1762 et
422 1729 497 1762 alterius
507 1735 590 1773 quartam
600 1734 671 1773 partem
682 1730 743 1773 acqui-

40 1781 89 1823 siuit,
101 1785 119 1814 et
130 1781 242 1823 gubernator
253 1782 306 1815 nauis
319 1792 353 1825 pro
367 1793 401 1816 sua
413 1781 479 1825 peritia
491 1782 530 1816 fieri
543 1781 613 1816 meruit.
637 1781 680 1816 Erat
693 1782 742 1816 enim

41 1834 102 1867 animo
110 1839 202 1875 strenuus,
207 1834 277 1869 viribus
285 1834 356 1878 integer
364 1841 382 1868 et
390 1835 481 1876 robustus,
486 1841 554 1868 statura
562 1834 649 1876 modicuS,
656 1835 743 1869 humeros
752 1845 771 1873 30

41 1886 112 1919 habens
125 1886 176 1927 latos,
187 1892 252 1929 pectus
265 1887 352 1931 amplum,
364 1887 428 1920 faciem
440 1887 554 1930 productam,
565 1886 628 1920 oculos
639 1887 714 1930 glaucos
725 1893 743 1921 et

41 1940 143 1974 clarissime
154 1940 251 1983 radiantes,
258 1941 329 1974 hirsuta
339 1941 441 1985 supercilia,
450 1940 528 1974 frontem
538 1941 598 1980 latam,
607 1950 662 1974 nares
672 1941 744 1984 patulas

64 2016 67 2033 l
146 2014 149 2020 ’
194 2025 198 2033 ι

63 2014 215 2089 Filiidelhtchh,Tfelix
222 2054 294 2091 ecclesia,
300 2054 375 2084 Gileberti
383 2054 428 2084 diues
435 2055 524 2092 presencia:
532 2054 576 2084 Felix
583 2057 616 2084 tota
623 2053 681 2084 letatur
687 2054 745 2092 Anglia

42 2094 88 2125 Tanti
98 2094 146 2131 patris
156 2095 221 2124 illustris
231 2096 286 2133 gloria.
308 2095 380 2135 (Sancte)
392 2099 441 2132 pater,
448 2095 464 2124 in
472 2094 501 2124 celi
510 2095 552 2125 curia
560 2094 594 2124 Nos
603 2095 623 2124 ad
632 2095 667 2125 loca
677 2095 745 2125 transfer

42 2135 112 2164 celestia.
132 2134 150 2164 V.
160 2134 183 2163 Os
190 2135 226 2164 iusti
234 2135 337 2164 meditabitur.

68 2172 136 2210 Plenam
149 2180 165 2209 in
180 2182 231 2217 nobis,
243 2185 298 2211 eterne
312 2181 387 2218 saluator,
397 2186 424 2211 tue
437 2181 499 2211 uirtutis
513 2190 580 2219 operare
593 2179 676 2216 medelam,
687 2184 704 2210 ut
718 2181 745 2218 qui

42 2222 112 2261 preclara
119 2221 160 2250 beati
167 2221 244 2252 Gileberti
250 2222 345 2252 confessoris
353 2224 375 2252 tui
383 2222 438 2252 merita
447 2231 547 2258 ueneramur,
554 2220 603 2258 ipsius
610 2219 659 2250 adiuti
666 2220 745 2259 suffragiis

43 2272 52 2291 a
59 2262 120 2291 cunctis
127 2262 214 2290 animanrm
221 2268 309 2291 nostrarum
317 2263 407 2300 langoribus
414 2263 501 2294 liberemur,
508 2262 535 2298 qui
542 2261 587 2290 uiuis.

63 2302 69 2320 ²
78 2300 160 2338 Abridged
167 2300 206 2331 from
213 2303 240 2332 the
251 2311 350 2339 anonymous
360 2302 387 2332 life
396 2303 412 2332 in
420 2301 454 2331 ltlS.
462 2301 505 2332 Harl.
513 2310 547 2339 322,
554 2299 608 2330 which
615 2299 662 2330 forms
669 2300 697 2330 the
704 2300 746 2330 basis

44 2342 61 2371 of
67 2340 159 2378 Reginald’s
166 2350 210 2371 more
217 2343 286 2372 detailed
293 2342 320 2371 life
327 2343 358 2381 (ed.
366 2343 387 2380 by
394 2342 488 2377 Stevcnson,
496 2339 565 2371 Snrtees'
574 2341 610 2370 Soc.
619 2341 673 2378 rthqtz
683 2341 711 2371 the
719 2341 746 2371 life

43 2382 65 2419 by
72 2381 137 2417 Galfn'd,
146 2382 170 2411 ed.
178 2382 194 2410 in
201 2382 236 2412 Act.
245 2383 275 2412 SS.
284 2382 331 2417 Bou,
341 2391 359 2412 ar
369 2383 411 2420 hlay,
418 2382 437 2412 V.
447 2391 470 2418 πο,
479 2382 491 2410 is
502 2381 566 2411 derived
577 2381 616 2410 from
626 2380 704 2418 Reginald
715 2382 746 2411 and

44 2422 137 2451 Germanus.
208 2422 214 2439 ³
226 2422 244 2451 ln
251 2422 269 2452 T.
279 2422 317 2461 (and
328 2422 405 2460 Tanner),
415 2431 432 2450 as
443 2422 459 2450 in
471 2421 520 2458 Harl,
529 2421 556 2450 the
562 2424 629 2450 account
639 2421 658 2449 of
666 2422 704 2450 how
715 2421 747 2450 this

44 2461 79 2491 Life
89 2470 133 2491 came
142 2465 159 2489 to
168 2460 188 2490 be
194 2462 259 2491 written
266 2462 342 2500 precedes
349 2472 367 2491 as
374 2461 456 2498 Prologue,
462 2460 514 2491 which
522 2461 538 2489 in
546 2460 564 2490 E.
570 2460 633 2490 follows
640 2460 685 2497 later,
690 2471 705 2499 p.
711 2470 745 2498 497.

44 2502 74 2558 (ΒΤ.
83 2501 174 2568 ηοῑὶοΙεἯιι.
196 2502 321 2538 ³R.Ha1npole.
348 2502 378 2531 οΤ.
385 2502 468 2538 ydoneam.
496 2499 527 2531 ἶΤ.
535 2501 606 2530 delfines.
632 2501 666 2531 lT.
673 2501 745 2538 abyssus.

62 2541 83 2571 H.
91 2549 148 2569 narran
161 2549 190 2571 am.
