1762 2803
107 154 109 159 '
123 157 167 210 706
380 149 506 213 apperuit
521 151 567 198 111.

122 279 210 310 estuantes
218 272 262 317 ignis
273 274 359 317 sulphurei
370 274 436 317 globos,
445 273 503 309 omnia
512 284 546 318 que
554 285 616 319 passus
626 274 682 308 iuerat
691 278 770 317 respectu
781 271 826 307 illius

88 322 90 325 ’
122 326 200 369 angustie
213 325 258 358 leuia
272 327 368 368 reputabat.
392 327 438 359 Hinc
454 326 500 360 enim
515 327 591 369 gurgites
606 326 671 369 igneos,
686 324 726 358 inde
741 329 826 358 torrentes

122 376 206 419 grandine
213 375 281 417 glaciali
290 376 387 410 teterrimos
397 377 452 411 celum
462 383 479 411 et
487 383 550 411 terram
561 387 646 419 occupare
656 375 770 418 conspiciens,
778 375 827 409 uidet

121 437 157 460 non
169 427 205 460 sine
217 427 276 459 dolore
287 432 304 459 et
315 428 379 469 gemitu
390 427 434 460 inter
444 428 545 471 sulphureos
555 437 627 470 uapores
639 425 709 468 ignium,
721 425 765 459 inter
778 435 827 459 uora-

104 478 171 519 5gines
185 476 282 509 iauillarum
297 476 387 510 inauditos
401 478 492 512 hominum
508 478 598 519 cruciatus,
614 482 631 510 et
646 476 758 510 ineffabilium
772 475 827 509 iacies

122 533 250 561 tormentorum.
273 528 361 561 Demones
376 538 418 561 uero
433 527 467 561 hiis
480 528 509 570 qui
522 528 642 561 cruciabantur
655 525 758 560 horribiliter
772 525 827 559 insui-

122 583 183 618 tantes,
192 573 240 620 quas'i
248 577 270 610 de
278 577 315 611 uiro
323 577 350 611 dei
361 588 392 620 pro
404 589 435 612 suo
445 579 495 612 libitu
505 578 645 622 triumphassent,
653 577 727 621 superbe
738 583 755 610 et
765 587 826 620 proca·

123 628 165 663 citer
172 629 283 663 intonabant:
295 629 352 662 ‘Ecce
362 630 412 662 nobis
423 630 495 664 traditus
502 641 522 663 es
529 629 554 662 ad
562 629 646 663 cruciatus
657 635 730 663 eternos.
752 629 799 662 Ecce
808 627 826 661 in

123 678 156 713 hiis
169 679 257 713 doloribus
271 679 308 713 sine
322 681 355 714 fine
370 681 481 724 torqueberis,
495 680 535 723 quia
549 680 599 714 sedes
610 685 678 713 nostras
691 679 772 713 inuadere
787 688 827 721 pre·

96 734 115 756 10
123 729 222 771 sumpsisti.¹
246 731 342 762 Guthlacus
353 736 416 771 autern,
428 731 501 772 clipeum
513 729 601 772 paciencie
614 729 688 762 inimicis
701 738 796 772 opponens,
808 728 826 762 in

124 780 184 823 spiritu
194 780 283 813 humiliato
294 780 388 822 psallebat:
401 780 486 813 ‘Domine
497 780 540 813 deus
551 790 605 821 meus,
613 780 631 812 in
642 785 660 813 te
670 780 748 823 speraui:
760 780 827 813 saluum

123 843 153 865 me
162 831 190 866 fac
199 842 220 865 ex
228 830 307 864 omnibus
315 831 457 873 persequentibus
464 841 493 864 me
501 836 518 864 et
527 828 582 864 libera
590 830 627 864 me!
652 830 827 864 circumuallauerant

124 892 163 915 eum
171 887 189 915 ut
197 887 264 923 raptum
273 881 290 914 in
298 886 383 914 tomrenta
390 878 511 915 detruderent:
523 881 560 924 ipse
568 887 625 915 autern
632 881 702 923 erigens
709 881 732 915 ad
740 880 828 915 Christum

124 933 182 966 oculos
190 932 251 972 cordis,
260 937 277 965 et
285 932 326 965 linos
335 931 352 964 in
360 942 381 964 eo
391 932 493 965 fiducialiter
502 937 568 972 tenens,
577 931 605 965 ‘Si
615 931 800 975 ambulauero,inquit,
808 931 827 964 in

97 985 115 1016 15
124 982 181 1014 medio
188 981 248 1013 umbre
256 980 322 1020 mortis,
331 990 366 1013 non
374 981 438 1013 timebo
446 982 500 1014 mala:
512 981 593 1023 quoniam
601 986 620 1014 tu
627 991 695 1014 mecum
703 981 733 1014 es.y
755 982 779 1013 Et
787 991 828 1014 ecce

123 1033 184 1065 beatus
193 1031 324 1064 Bartholomeus
331 1031 403 1071 accedit,
411 1037 428 1064 et
436 1042 475 1064 cum
482 1040 503 1064 eo
513 1032 571 1064 lumen
579 1030 681 1064 mirabiliter
688 1030 827 1074 circumfulgens:

124 1082 172 1115 cuius
184 1082 291 1123 splendorem
303 1092 342 1115 cum
353 1082 437 1115 demones
449 1082 533 1115 sustinere
543 1092 577 1115 non
588 1086 664 1125 possent,
675 1082 734 1124 fugam
745 1081 828 1124 arripiunt

124 1139 141 1166 et
149 1133 171 1166 ab
179 1132 215 1165 eius
225 1132 279 1165 oculis
289 1137 399 1165 euanescunt.
422 1133 517 1166 Guthlacus
527 1140 568 1166 uero
577 1132 667 1173 presencia
678 1132 750 1175 apostoli
760 1137 777 1166 et
788 1142 827 1165 con·

124 1183 208 1217 solatione
220 1189 312 1223 recreatus,
325 1182 358 1216 deo
373 1183 440 1224 gracias
454 1184 528 1216 humiles
540 1183 631 1223 referebat,
645 1182 685 1225 quia
700 1193 739 1215 eum
752 1193 763 1215 a
778 1189 829 1224 porta

97 1233 173 1266 20inferi
192 1238 227 1265 tam
246 1232 383 1272 misericorditer,
402 1238 438 1265 tam
459 1238 538 1274 potenter
556 1238 629 1266 eruerat.
656 1233 751 1274 Apostolus
770 1238 828 1265 autem

125 1281 189 1316 Christi
200 1282 286 1325 spiritibus
299 1282 383 1315 reuocatis
395 1282 472 1316 districte
481 1281 553 1326 iniungit
564 1288 582 1315 ut
593 1290 632 1315 eum
643 1281 680 1316 sine
692 1282 740 1316 omni
752 1282 829 1325 corporis

124 1333 204 1368 molestia
211 1334 284 1367 reserant
295 1334 318 1367 ad
327 1334 384 1367 locum
392 1334 438 1366 vnde
448 1332 504 1376 ipsum
515 1338 611 1376 rapuerant.
633 1333 683 1376 Quod
693 1332 716 1366 ad
726 1332 828 1367 mandatum

125 1384 197 1427 apostoli
212 1384 250 1416 sine
267 1383 348 1417 dilatione
366 1384 448 1425 iecerunt,
463 1383 488 1417 ita
504 1381 584 1423 suauitcr,
600 1389 618 1416 ut
637 1394 693 1426 neque
708 1394 758 1416 curru
772 1393 829 1425 neque
857 1409 858 1413 ,

124 1435 193 1477 nauigio
200 1433 270 1468 suauius
277 1433 316 1466 terri
324 1440 388 1477 posset.
411 1432 455 1467 Cum
462 1445 503 1466 uero
510 1434 533 1466 ad
544 1431 621 1467 medium
631 1433 675 1468 aeris
684 1434 761 1476 spacium
769 1444 828 1476 perue-

98 1486 196 1525 25nissent‚
208 1484 277 1517 auditus
290 1490 316 1517 est
329 1484 392 1516 chorus
404 1484 517 1526 psallencium
530 1483 548 1516 in
560 1484 639 1517 excelso:
659 1484 722 1517 ‘Ibunt
735 1483 790 1517 sancti
806 1484 829 1517 de

125 1536 187 1569 uirtute
200 1535 218 1567 in
231 1534 317 1575 uirtutem,
329 1534 414 1566 uidebitur
425 1535 469 1567 deus
482 1535 554 1567 deorum
566 1533 584 1567 iu
597 1534 655 1576 Syon!
679 1533 763 1567 Hostibus
778 1534 829 1577 igitur

126 1584 234 1629 triumphatis
245 1583 262 1617 in
274 1584 312 1617 loco
325 1583 436 1618 habitationis
448 1595 478 1618 sue
490 1584 580 1627 repositus,
591 1595 613 1618 er
623 1584 662 1627 ipsa
672 1584 763 1619 uexatione
773 1584 829 1619 tactus

126 1643 152 1670 est
160 1635 243 1678 humilior,
251 1635 348 1677 feruentior,
357 1634 449 1678 sollicitior,
457 1634 521 1677 sortior,
529 1640 546 1669 et
555 1633 625 1669 cautior.

167 1756 267 1797 QUOMODO
279 1760 371 1787 DEMONES
382 1761 405 1787 IN
416 1761 482 1787 SPECIE
494 1761 581 1787 HOSTlLlS
589 1760 701 1788 -EXERCITUS
713 1761 734 1787 IN
746 1760 789 1787 EUM

416 1811 538 1839 IRRUERUNT.

165 1878 209 1911 Orro
222 1875 264 1909 dum
279 1874 325 1909 circa
339 1875 432 1909 matutinas
447 1875 507 1909 laudes
522 1875 604 1909 sollicitus
619 1874 716 1917 excubaret,
731 1875 804 1918 respexit
819 1886 830 1910 a

98 1935 118 1964 30
186 1926 255 1960 sinistra
263 1927 306 1959 duos
315 1924 402 1967 demones,
411 1926 442 1960 sibi
451 1926 599 1959 ceterisnotiores.
622 1926 703 1966 Quicum
711 1925 830 1959 miserabiliter

126 1979 192 2018 flerent,
203 1982 220 2011 et
232 1976 259 2009 ille
271 1986 341 2009 causam
356 1976 406 2009 fletus
419 1974 516 2019 inquireret,
530 1975 666 2018 responderunt:
683 1975 740 2018 ‘Quia
751 1976 829 2018 preuales

126 2035 186 2062 contra
200 2038 232 2060 nos
247 2026 264 2059 in
280 2026 365 2067 omnibus,
379 2032 430 2069 teque
445 2032 535 2060 attrectare
554 2032 583 2059 aut
602 2031 672 2068 tangere
687 2037 721 2060 non
736 2028 830 2067 audemus.¹

125 2080 215 2121 Factoque
228 2078 278 2120 signo
291 2076 351 2119 crucis,
364 2082 471 2111 euanuerunt
484 2077 506 2111 ab
518 2077 571 2110 oculis
582 2077 760 2120 eius—Temporibus
771 2084 830 2112 autem

127 2128 208 2163 Coinredi
223 2127 327 2162 Marciorum
342 2127 392 2169 regis,
407 2138 453 2162 cum·
462 2126 541 2161 Britones
556 2135 625 2170 gentem
640 2129 741 2171 Anglorum,
756 2139 790 2172 que
807 2129 830 2163 de

99 2189 117 2220 35
127 2181 214 2214 Saxonum
233 2179 286 2222 stirpe
305 2176 423 2220 descenderat,
438 2176 532 2212 hostilitate
549 2178 611 2212 bellica
629 2179 749 2213 deuastarcnt:
768 2181 830 2214 beatus

127 2233 221 2263 Guthlacus
236 2240 284 2261 more
297 2227 347 2260 solito
359 2229 426 2269 uigilias
438 2229 494 2261 noctis
509 2229 634 2270 anticipauerat
647 2234 698 2270 atque
711 2228 729 2261 in
741 2229 798 2270 ymnis
811 2235 829 2262 et

126 2280 198 2312 canticis
209 2278 324 2321 spiritualibus
336 2278 406 2312 domino
418 2278 493 2321 psallens
503 2278 605 2313 sacrificium
617 2278 685 2312 contriti
696 2278 766 2321 spiritus
777 2279 830 2312 deuo-

126 2331 203 2365 tissimus
211 2328 297 2362 offerebat.
316 2328 344 2361 'Et
352 2339 392 2362 ecce
400 2328 475 2370 undique
484 2328 553 2362 auditur
560 2327 679 2361 tumultuantis
687 2330 736 2362 turbe
744 2329 830 2373 strepitus,

126 2380 256 2422 horrendusque
263 2379 327 2411 clamor
337 2380 386 2421 quasi
394 2380 477 2412 exercitus
488 2379 571 2412 irruentis.
595 2379 678 2411 Cellulam
686 2389 726 2422 ergo
734 2380 830 2422 egrediens,

98 2441 118 2472 40
125 2437 142 2464 et
154 2442 204 2465 aures
215 2430 287 2472 erigens,
298 2428 346 2462 audit
357 2429 406 2471 quasi
417 2431 499 2471 populum
510 2429 652 2462 innumerabilem
663 2429 721 2471 lingua
732 2431 830 2473 loquentem

126 2482 227 2522 britannica,
239 2491 291 2523 quam
302 2480 408 2521 intelligebat
419 2491 441 2512 ex
451 2480 625 2522 parte-quandoque
636 2479 682 2513 enim
694 2480 738 2514 inter
750 2480 830 2515 Britones

125 2533 205 2572 exulauit,
213 2532 289 2573 linguam
297 2540 349 2573 quam
357 2540 392 2563 non
399 2535 471 2563 nouerat
478 2529 544 2563 audiuit
552 2536 569 2563 et
577 2529 641 2563 didicit.
664 2531 740 2563 Demum
752 2530 830 2564 certatim

125 2582 191 2616 irruunt
202 2581 265 2626 populi,
273 2588 290 2616 et
303 2580 402 2616 habitaculo
415 2579 451 2614 eius
463 2579 520 2623 ignem
531 2579 622 2623 subiciunt,
634 2580 681 2614 illurn
692 2591 732 2615 uero
744 2580 830 2625 rapientes
