1762 2803
213 105 258 161 bt
273 103 374 158 &anot
390 102 563 155 octrumum.
701 117 744 159 399

38 232 61 267 ad
76 228 150 274 propria
164 227 267 261 reuertitur.
312 219 396 270 Quidam
408 225 529 269 argentarius,
541 225 616 259 nomine
630 224 745 265 Eustachius,

39 293 80 319 cum
92 280 155 314 limina
166 280 233 313 domus
247 278 266 312 in
279 289 315 322 qua
326 279 384 312 sancti
396 277 514 311 Erkenwaldi
526 276 614 310 feretrum
626 276 745 310 fabricaretur

39 337 102 380 sepius
109 333 214 375 attriuisset,
220 333 250 365 vbi
258 337 298 366 erat
306 332 424 376 sepulchrum
432 332 513 374 ligneum
521 335 597 375 argento
604 335 623 364 et
628 340 673 364 auro
680 335 745 374 tegen-

39 391 88 429 dum,
93 389 112 421 in
117 397 153 429 quo
159 385 217 419 sancti
223 385 340 420 Erkenwaldi
345 385 428 418 membra
434 385 565 424 conderentur;
571 383 643 417 statim¹
650 388 745 417 crescente

39 441 115 481 insania,
122 439 170 482 cepit
177 438 234 472 miser
239 448 295 481 super
300 443 401 472 memorato
408 438 468 480 ligneo
475 437 540 471 locello
546 447 582 471 non
589 441 660 471 tantum
666 437 745 480 quedam
754 444 763 474 5

40 494 136 529 inhonesta
143 491 232 535 prolerre,
239 500 304 525 verum
313 490 367 524 etlam
375 500 421 524 ausu
430 489 533 531 temerario,
542 489 611 524 fabrica
616 489 677 533 lignea
685 489 746 523 suble-

40 552 87 588 uata,
95 545 118 579 ad
126 544 201 578 modum
209 544 267 579 sancti
273 544 355 587 corporis
362 543 474 587 quiescentis
480 543 557 577 interius
564 542 636 576 latitare
644 554 664 577 ac
672 542 744 578 dicere:

41 600 90 643 ‘Ego
98 608 139 632 sum
147 596 292 631 Erkenwaldus:
304 596 360 630 michi
368 607 445 630 munera
452 596 544 638 deserte‚a
552 606 582 630 me
589 595 677 630 auxilium
683 602 746 639 postu·

41 654 81 695 late,
89 649 145 684 michi
156 656 264 694 argenteum
275 649 364 684 feretrum
374 650 482 694 preparate·
505 649 552 683 Cum
562 648 679 684 hec²insetix
692 660 746 684 rauco

41 710 113 750 gutture
123 702 273 748 perstrepuisset‚
281 704 333 746 graui
343 702 449 737 infirmitate
459 707 554 745 correptus
566 713 577 736 a
587 702 747 737 circumstantibus
758 712 776 735 to

42 758 90 792 foras
105 756 180 797 eiicitur,
194 761 212 789 et
227 756 250 788 ad
265 756 325 789 locum
341 755 406 789 suuml
422 755 572 789 lachrimabiliter
591 756 687 797 deductus,
700 756 747 790 infra

41 818 109 855 paucos
121 808 161 842 dies
172 808 269 853 expirauit.
298 808 389 842 Nimirum
400 807 449 842 beati
462 807 591 842 Erkenwatdt*
604 807 696 849 miracula,
708 808 748 843 eius

42 862 121 906 denique
140 861 254 895 sanctitatem
272 860 390 895 obstinaciter
408 866 514 904 spreuerat3
535 860 584 895 vnde
603 861 670 895 secreti
689 860 747 895 iuditii

43 915 147 951 rimatorem
158 915 181 948 ad
191 914 331 958 percutiendum
341 913 459 948 animauerat.
503 906 580 948 Artifex
590 912 666 959 quidam
676 915 695 948 in
703 916 748 949 vrbe

43 969 100 1003 sancti
110 967 202 1012 pontificis
218 967 258 1002 aliis
269 967 378 1002 feriantibus
389 967 442 1011 ipse⁶
450 977 496 1011 opus
508 977 595 1001 exercere
607 967 680 1002 solitum
694 978 776 1009 cona-15

43 1028 72 1055 tus
84 1026 120 1055 est:
132 1021 197 1054 falcem
206 1020 256 1054 enirn
265 1020 347 1063 arripuit,
356 1020 434 1054 festinus
444 1020 536 1053 ascenditt
544 1020 647 1062 pellemque
659 1021 748 1054 radendi⁷

44 1084 99 1117 opera
107 1072 167 1106 dedita
176 1072 209 1116 (Ψ
217 1073 270 1117 cepit.
282 1071 361 1117 Contigit
369 1072 440 1106 interea
448 1071 534 1106 concines
539 1072 579 1106 illos
585 1071 669 1116 transire,
674 1073 697 1106 ad
703 1078 749 1107 tem·

44 1127 93 1170 plum
106 1126 135 1159 dei
148 1126 171 1160 ob
182 1126 271 1159 honorem
282 1126 341 1160 sancti
351 1125 469 1159 Erkenwaldi
480 1125 593 1167 festinantes,
601 1136 638 1169 quo
649 1130 749 1170 patronum

45 1178 124 1213 suumin
135 1178 175 1213 celo
184 1188 226 1212 cum
236 1179 270 1213 deo
281 1183 389 1222 regnantem
399 1178 536 1221 interpellarent
544 1188 568 1212 ne
578 1177 597 1212 in
605 1189 660 1213 causa
671 1178 749 1213 extremi

46 1231 135 1267 examinis
148 1231 184 1266 illis
196 1232 270 1267 deesset
280 1232 311 1276 qui
324 1231 363 1266 eius
375 1232 483 1266 memoriam
497 1231 573 1276 eiusque
585 1231 661 1276 gloriam
673 1233 750 1267 dulciter
759 1246 778 1267 ro

46 1287 152 1320 recolerent.
174 1285 199 1319 Vt
207 1291 268 1319 autem
274 1286 378 1328 pellificem,
383 1285 491 1328 postpositis
497 1285 564 1318 diuinis
573 1285 659 1328 operibus
664 1286 751 1319 humanis

46 1338 151 1372 intenderess
159 1343 310 1381 presumpserant
316 1338 333 1380 ¹¹¹,
344 1338 417 1381 quidam
429 1337 502 1371 illorum
514 1337 598 1381 pereunti
606 1338 656 1372 fratri
664 1339 750 1373 condolu-

47 1396 104 1433 erunt,
112 1392 186 1434 quidam
193 1401 238 1424 vero
248 1395 336 1434 tanquam
343 1389 432 1433 sacrilego
443 1389 582 1424 insultauerunt.
608 1390 648 1424 Nec
660 1391 751 1426 suemnt¹¹

47 1443 77 1486 qui
88 1444 169 1477 fraterno
179 1444 244 1477 affectu
256 1444 279 1477 ab
290 1443 351 1477 illicito
362 1452 407 1476 ausu
415 1448 572 1486 transgressorem
584 1453 671 1478 reuocare
680 1444 732 1487 [non]
739 1444 752 1462 ¹²

47 1501 158 1541 temptarent
163 1495 181 1530 ¹³.
204 1495 277 1530 Horum
284 1502 346 1530 autem
354 1495 485 1529 monitionibus
490 1494 592 1530 diutissime
599 1497 703 1540 protractis,
709 1507 751 1541 per·
761 1511 779 1540 ²5

48 1549 114 1582 mansit
125 1550 143 1581 in
153 1560 209 1592 opere
219 1555 277 1592 cepto,
285 1554 344 1582 morte
352 1548 424 1591 dignus.
435 1548 502 1582 Parum
508 1548 542 1582 sibi
547 1548 580 1582 luit
586 1549 599 1567 ¹⁴
604 1553 623 1583 vt
629 1549 698 1584 amicos
703 1550 753 1584 salu·

48 1601 228 1636 briterexhortantes
236 1600 348 1645 negligeret:
360 1599 433 1635 Accidit
438 1600 493 1635 etiam
499 1605 519 1635 vt
527 1612 560 1644 pro
568 1601 699 1636 ammonitione
709 1602 753 1637 sub-

49 1653 175 1688 sannationem
181 1660 199 1688 et
204 1653 316 1688 derisionem
321 1654 375 1688 aliam
383 1659 401 1688 et
409 1654 463 1687 aliam
471 1655 561 1697 proximis
569 1654 661 1698 ingereret
668 1655 685 1689 ¹⁵.
706 1656 752 1690 Cum

49 1706 753 1752 igiturcontumeliispretereuntibusingerendisoperamdaret‚lerramentuu1

50 1770 85 1803 quo
93 1761 161 1805 pellem
170 1761 263 1806 scalpebat
268 1760 382 1805 improuidus
389 1761 401 1780 ¹⁸
409 1760 488 1794 extraxit
497 1761 605 1804 oculumque
611 1762 706 1806 proprium
712 1774 753 1807 per·
761 1773 782 1802 3⁰

50 1812 118 1848 forauit.
141 1815 172 1848 Sic
180 1814 234 1858 igitur
242 1814 274 1848 luit
283 1814 337 1847 homo
345 1813 419 1857 iniquus
426 1813 565 1847 instructionem
570 1813 619 1857 piam
625 1825 680 1858 quam
686 1816 753 1850 frustra

51 1866 152 1907 perfecerat
160 1867 186 1900 illi
194 1867 273 1910 populus
280 1867 355 1900 amicus.
401 1859 492 1909 Captiuus
500 1866 579 1908 quidam,
587 1866 638 1901 iussu
646 1867 697 1911 regio
704 1879 753 1901 com-

51 1918 128 1960 peditus,
136 1919 163 1953 ire
172 1919 264 1953 festinauit
271 1919 295 1952 ad
303 1918 399 1953 eccleslam
408 1928 430 1952 eo
438 1917 467 1952 die
475 1929 511 1962 quo
520 1917 608 1952 lestiuitas
616 1920 674 1953 sancti
682 1919 753 1955 Erken·

50 1971 104 2004 waldi
112 1973 224 2013 celebratum
237 1978 255 2006 et
265 1973 366 2015 ingressus,
373 1972 392 2005 in
404 1972 452 2005 hunc
463 1973 538 2005 modum
549 1978 576 2005 est
586 1983 674 2007 exorsus:
687 1974 753 2016 ¹Deus,

51 2033 104 2066 quem
111 2035 165 2059 nemo
170 2026 216 2070 petit
221 2024 240 2059 in
245 2035 313 2059 uanum
320 2024 355 2059 nisi
360 2034 425 2067 vanus
429 2024 528 2059 vanitatem
534 2024 546 2043 ¹⁷
552 2034 612 2060 meam
617 2035 695 2061 euacua:
703 2025 754 2061 Deus
762 2037 781 2069 35

51 2075 161 2113 illuminator
167 2079 262 2120 mentium,
270 2089 300 2114 me
306 2085 337 2114 tua
343 2079 410 2123 pietate
419 2079 507 2121 illumina,
514 2084 533 2113 vt
541 2078 586 2113 mihi
594 2078 637 2123 qnid
643 2080 654 2099 ¹*
663 2081 754 2124 expediat,

52 2140 104 2166 orare
109 2133 184 2176 possim,
191 2132 259 2177 tibique
265 2132 332 2178 placita
337 2132 431 2177 postulare
436 2142 457 2166 ac
463 2132 572 2176 impetrare.¹
585 2132 631 2166 Cum
637 2132 656 2167 in
662 2133 710 2168 hunc
716 2145 755 2168 rno-

52 2183 213 2229 dum[orantem]¹⁹
219 2185 577 2230 custodesquererentillum,nunciatum
583 2191 611 2219 est
617 2185 755 2227 illis,homincm

53 2246 106 2278 quem
114 2240 215 2281 querebant
223 2240 246 2272 ad
256 2239 352 2283 solempne
362 2239 449 2282 gaudium
459 2239 562 2272 lestiuitatis
572 2239 630 2272 sancti
639 2239 756 2274 Erkenwaldi

53 2291 165 2331 peruenisse,
171 2300 205 2324 nec
210 2289 280 2324 latitare
286 2290 373 2332 voluisse,
378 2291 412 2324 sed
420 2291 439 2323 in
447 2295 547 2333 conspectu
555 2290 636 2323 fidelium
643 2290 756 2325 altariassis-
765 2304 785 2332 ⁴0

53 2343 97 2382 tere,
106 2343 162 2378 oculis
172 2354 193 2377 ac
204 2343 289 2377 manibus
300 2342 318 2377 in
326 2342 383 2377 altum
390 2342 456 2376 leuatis
463 2342 486 2376 ad
494 2341 588 2376 dominum
598 2341 686 2376 intentius
698 2356 756 2379 orare.

73 2402 169 2436 ¹Sar.fatui.
190 2406 223 2436 1Τ.
232 2406 384 2437 Sar.add:ethiis
392 2406 453 2435 similia
473 2405 570 2435 ²0m.inT.
594 2405 757 2438 *Tbeatuserken-

54 2442 119 2474 waldus.
154 2446 188 2475 5Τ.
196 2446 231 2484 ipsi.
261 2446 425 2483 ⁰T.assentlit;Sar.
435 2445 492 2483 pellem
500 2445 600 2475 extenditet.
631 2445 757 2480 wortunae.

54 2481 59 2498 l
70 2482 103 2514 Sar.
112 2495 176 2523 operam
184 2487 226 2517 dare.
247 2487 253 2504 ⁹
263 2486 281 2515 T.
289 2486 355 2516 intendi.
383 2486 395 2504 ¹⁹
404 2486 422 2516 T.
431 2486 449 2515 E.
456 2490 583 2523 presumpscrnt;
595 2486 630 2516 Sar.
638 2494 756 2524 prescnscrant.

55 2520 65 2537 ¹¹
75 2522 115 2554 Boll.
124 2527 213 2556 defuerunt.
234 2526 245 2542 ¹²
255 2536 273 2555 so
281 2527 323 2561 Sar.;
334 2525 437 2556 om.inT.E.
458 2526 626 2563 ”atemptauereut
647 2527 658 2545 ¹⁴
669 2527 687 2557 T.
695 2529 758 2566 dignus.

55 2558 161 2601 ¹⁵T.gereret.
182 2565 193 2583 ¹⁶
200 2566 355 2605 T.E.imperuidus·.‘
370 2565 381 2584 ¹⁷
388 2565 406 2596 E.
413 2565 515 2595 natiuitutcm.
535 2565 688 2604 coaequodmihi.
708 2570 757 2600 ¹⁹om.
