1762 2803
60 122 193 163 resurae
212 114 258 169 be
272 113 308 167 b.
320 115 453 167 uumuuuu
466 124 524 177 true
538 119 562 167 et
576 118 694 176 mettere.
717 119 762 170 669

93 242 108 275 ti
119 242 150 275 Da
160 251 244 277 vccrouu
255 251 315 277 carra
326 251 388 279 suasa
399 251 495 278 uoiuuuru
508 245 614 278 iouaxxun
626 251 653 277 nu
664 245 729 277 Bucco

327 296 398 329 Monac
410 303 500 330 ancirani,

61 366 117 441 ΑΒ
131 367 262 402 veneracionem
275 374 373 403 sanctorum
386 376 403 403 et
417 376 499 403 terrorem
513 375 628 412 peccatorum,
640 380 686 402 annu
699 368 763 402 domini

122 418 228 460 rr⁰.ccc.x1j⁰.
243 424 322 450 narratur
337 419 428 459 contigisse
443 418 489 461 quod
504 418 573 460 quidam
589 418 638 451 miles
652 423 731 451 strenuus
746 417 763 450 in

61 466 113 499 armis
122 467 224 501 militaribus
234 467 304 502 nomine
316 468 403 502 lohannes
410 468 432 503 de
440 468 488 502 nuto
497 469 557 503 Monte
568 468 641 503 accessit
652 468 675 502 ad
683 468 764 503 feretrum

61 517 116 551 sancti
127 518 222 559 Edmundi,
231 519 261 562 qui
272 519 316 551 dum'
322 529 382 551 aurum
392 525 408 552 et
419 524 513 561 argentum,
520 518 586 561 lapides
596 518 682 561 preciosos
692 525 709 552 et
718 519 764 552 varia

61 574 162 602 ornamenta
176 568 241 603 ibidem
257 568 379 613 conspexisset,
393 568 409 602 in
424 569 457 603 hec
470 569 522 603 verba
537 569 624 612 prorupit:
643 569 668 604 ¹0
681 576 781 613 quantums

61 624 132 661 possent
139 620 172 652 ista
180 619 240 653 iocaiia
247 626 265 653 et
272 621 363 653 thesaurus
370 629 471 662 promouere
479 629 536 660 regem
544 626 622 651 nostrum
630 619 647 651 in
655 620 765 661 expedicione

61 678 122 709 guerre
132 669 189 708 suet',
203 669 283 701 nesciens
293 670 321 701 uei
333 669 443 701 dissimulans
454 668 500 710 quod
510 669 548 709 pius
560 669 617 700 valent
628 668 704 700 subsidia
716 678 765 700 sanc-

61 723 124 759 torum,
137 727 190 762 quam
204 718 280 752 infinitus
294 718 372 752 cumulus
387 718 505 752 thesaurorum
518 723 635 758 terrenorum,
653 717 701 751 cuius
713 718 766 750 verba

61 768 182 802 assistentibus
194 774 212 803 et
226 768 335 803 audientibus
348 767 439 812 plurimum
453 767 580 811 displicuerunt.
603 767 649 810 Quid
662 768 722 810 plura?
738 768 766 801 ilie

61 817 149 860 recedens,
160 823 178 852 et
189 819 233 852 sicut
244 820 295 862 uulgo
305 818 367 853 dicitur
377 829 412 852 uon
420 828 525 859 reuersurus,
533 824 551 853 vt
560 828 597 852 mos
608 826 634 851 est
642 818 741 861 columpnas
749 825 766 851 et
775 825 794 847 ιο

62 873 119 911 postes
127 869 209 902 ostiorum
217 870 304 903 osculatus
312 875 348 903 est:
360 875 378 903 et
388 880 423 902 non
430 869 502 902 muitum
510 875 549 912 pust
560 868 577 901 in
585 868 677 902 hastiludio
685 868 767 901 membris

62 925 186 961 conquassatus
194 926 211 952 et
219 926 296 952 mortuus
303 926 335 953 est.
378 923 381 930 '

122 1023 153 1057 DE
164 1031 248 1057 VLCIONE
259 1032 320 1057 CAPTA
331 1032 393 1057 SUPER
404 1025 530 1057 WiLLELiiiUhl
541 1031 568 1056 DE
579 1024 708 1058 Gisutiotietnl

310 1082 446 1108 manumittunt
458 1081 519 1108 REGIS.

107 1146 172 1180 Uidam
180 1146 229 1180 miles
238 1148 259 1179 de
266 1146 346 1180 Estsexia
353 1147 423 1179 nomine
430 1147 507 1180 Thomas
515 1147 583 1186 Gubun,
591 1147 663 1179 audiens
671 1145 767 1189 predictum

65 1146 104 1236 Q
129 1196 218 1230 dominum
227 1197 322 1230 Iohannem
330 1196 352 1230 de
360 1197 408 1230 Bello
417 1198 478 1230 Monte
489 1196 506 1229 in
515 1196 608 1230 hastiludio
615 1196 683 1229 vindice
692 1197 726 1229 deo
736 1207 767 1238 pro

64 1253 124 1280 sancto
131 1247 226 1279 Edmundo
236 1246 261 1279 sic
272 1245 346 1289 perisse:
358 1246 400 1279 dixit
410 1247 457 1290 quod
467 1257 506 1279 cum
517 1246 582 1280 iuuenis
592 1252 637 1280 esset
649 1245 717 1280 intrauit
728 1256 767 1279 cum
777 1256 794 1286 ¹5

64 1296 146 1339 magistro
158 1307 189 1331 suo
201 1307 287 1331 cameram
298 1297 343 1340 regis
354 1297 400 1340 apud
407 1297 580 1332 westmonasterium
592 1307 625 1341 que
636 1303 707 1330 vocatur
717 1297 767 1340 nigra

63 1358 136 1388 camera,
144 1348 174 1381 vbi
185 1358 215 1381 rex
225 1347 309 1381 consuluit
320 1347 382 1390 quibus
392 1348 488 1389 sumptibus
498 1355 609 1381 manutenere
619 1353 677 1390 posset
688 1358 767 1388 guerram

63 1409 123 1438 suam3
141 1397 212 1438 ingessit
227 1407 246 1429 se
261 1397 331 1439 quidam
346 1397 448 1429 iusticiarius
463 1408 535 1439 magnus
550 1397 619 1430 nornine
634 1397 730 1430 Willeimus
745 1398 768 1430 de

64 1447 177 1489 Gisiingham,
186 1446 217 1490 [et]
226 1447 286 1480 volens
297 1457 382 1490 aucupare
392 1447 467 1481 fauorem
477 1457 579 1489 magnorum
587 1454 605 1481 et
615 1448 691 1482 minuere
698 1448 767 1481 laudem

63 1505 168 1539 sanctorum,
182 1498 235 1531 dixit:
253 1498 279 1532 ‘O
297 1503 360 1540 quanta
379 1497 442 1531 scrinia
460 1504 477 1531 et
496 1497 553 1541 qualia
570 1503 674 1539 sanctorum,
688 1496 796 1532 uidelicetao

64 1548 158 1589 Edmundi,
167 1549 234 1581 Thorne
244 1553 261 1581 et
272 1548 349 1587 aiiorum,
357 1548 423 1581 infinito
433 1548 514 1581 thesauro
524 1554 590 1588 ornata,
598 1547 650 1580 nichil
661 1547 768 1581 continencia

63 1598 96 1632 nisi
107 1609 148 1631 ossa
158 1604 275 1639 mortuorum,
291 1609 324 1641 que
337 1598 352 1632 si
365 1598 383 1631 in
396 1599 439 1632 fisco
450 1598 572 1640 redigerentur,
583 1609 617 1631 non
630 1604 676 1631 esset
688 1598 729 1630 aiibi
741 1608 768 1630 re⁴

63 1648 175 1681 currendum!
198 1649 237 1689 Quo
245 1648 302 1681 dicto:
314 1648 404 1681 confestim
415 1648 432 1680 in
439 1647 497 1680 medio
505 1647 567 1681 cecidit
578 1653 595 1681 et
605 1647 694 1689 expirauit.
717 1648 768 1688 Quod

63 1697 174 1730 intortunium
189 1707 218 1730 rex
229 1697 290 1730 videns
305 1696 339 1731 ait:
356 1696 454 1731 ‘Extrahite
468 1708 529 1731 canem
541 1697 599 1739 istum,
610 1697 639 1740 qui
654 1696 700 1730 istud
712 1697 768 1731 scelus

64 1747 148 1790 suggessit
155 1753 173 1781 ut
181 1747 209 1781 dei
217 1752 234 1781 et
242 1753 340 1781 sanctorum
348 1748 451 1781 incurrerem
458 1747 563 1781 vindictam?
777 1758 795 1789 ²5

102 1852 133 1884 DE
144 1858 221 1885 DUOBUS
233 1858 370 1886 Piscnroitiuus
381 1859 416 1886 SUB
427 1858 486 1885 VNDIS
498 1858 558 1885 nisius
569 1859 582 1884 Α
593 1859 729 1885 SUBMERSIONE

348 1909 483 1934 PRESERVATIS.

103 1975 145 2007 Nno
160 1974 217 2017 gracie
233 1978 289 2017 13430,
303 1974 320 2007 xi
335 1974 414 2008 homines
429 1974 451 2008 de
465 1973 539 2008 Monisie
552 1974 570 2007 in
584 1974 710 2016 Northfolchia,
722 1974 768 2008 iuxta

125 2025 230 2066 Eromhoim,
242 2024 314 2067 ingressi
326 2031 366 2058 sunt
377 2036 425 2058 mare
437 2024 514 2066 piscandi
526 2025 594 2067 gracia:
610 2032 682 2068 ortaque
692 2032 768 2069 tempes-

64 2081 103 2117 tate,
116 2086 176 2109 euersa
189 2081 214 2109 est
227 2074 312 2116 nauicula,
325 2081 343 2108 ct
357 2075 407 2122 eiecti
422 2081 460 2108 sunt
473 2076 502 2118 qui
515 2075 587 2116 inerant,
599 2086 671 2118 quorum
686 2076 702 2109 ix
716 2076 768 2109 maris

64 2126 143 2159 fluctibus
161 2126 197 2159 dati
214 2127 258 2158 vltra
276 2136 310 2158 non
328 2132 465 2167 comparuerunt,
480 2125 515 2157 duo
530 2136 570 2157 vero
587 2125 656 2165 residui,
672 2126 713 2159 hinc
728 2126 769 2159 inde

64 2176 140 2218 procella
146 2175 210 2216 iactati,
218 2175 277 2208 diuina
285 2174 402 2208 misericordia
409 2180 426 2207 et
437 2174 492 2207 sancti
500 2174 589 2208 Edmundi
600 2176 665 2209 meritis
673 2183 768 2210 euaserunt*
777 2188 796 2217 30

66 2227 110 2259 Cum
117 2226 163 2259 enirn
170 2225 188 2258 in
196 2225 293 2258 turbulento
301 2231 369 2257 centinn
379 2225 443 2266 pedum
452 2224 572 2267 profunditatis
579 2225 686 2267 fluctuarent,
695 2226 769 2259 brachiis

65 2275 89 2312 ori
101 2275 185 2320 appositis
198 2286 220 2310 ne
232 2275 331 2319 gustacione
343 2284 387 2318 aque
399 2273 488 2319 perissent,
500 2275 571 2310 mentali
584 2275 677 2311 deuocione
690 2283 768 2311 sanctum

65 2328 178 2360 Edmundum
193 2327 321 2361 inuocauerunt.
343 2326 540 2369 Appropinquantesque
555 2327 637 2367 naucelie,
652 2328 695 2360 aiter
709 2338 768 2360 eorum

65 2377 153 2419 temptatis
160 2376 224 2410 viribus
236 2387 314 2409 euersam
325 2386 387 2409 nauem
399 2376 482 2415 ascendit,
489 2377 533 2409 aiter
543 2387 595 2418 super
605 2378 668 2409 maium
679 2376 767 2418 pendulus,

65 2436 135 2459 manum
145 2425 192 2459 socio
202 2426 297 2468 porrigens,
305 2426 350 2459 iilius
361 2425 464 2459 adminiculo
476 2431 492 2459 et
503 2425 578 2459 martiris
586 2426 647 2459 virtute
659 2425 680 2458 de
689 2425 768 2459 ductibus
777 2438 795 2468 35

66 2481 151 2509 extractus
162 2481 194 2508 est.
216 2476 265 2509 Tunc
277 2476 324 2517 quod
336 2475 383 2518 prius
394 2482 452 2509 mente
463 2481 581 2517 conceperant,
589 2485 619 2508 ore
630 2474 768 2517 pronunciatum,

65 2531 147 2559 vorantes
155 2526 188 2559 deo
195 2535 227 2567 pro
235 2536 266 2567 spe
273 2525 387 2564 liberacionis,
395 2525 442 2568 quod
449 2536 484 2558 non
492 2532 611 2567 pernoctarent
620 2536 653 2557 nec
660 2525 769 2559 comederent

66 2575 132 2610 invilla
141 2575 210 2619 propria
217 2575 273 2608 donec
282 2581 360 2608 sanctum
368 2574 481 2608 Edmundum
491 2575 573 2619 corporali
583 2575 642 2609 labore
651 2580 668 2609 et
679 2585 769 2609 munerum
