1762 2803
144 164 196 220 396.
335 163 415 216 tatto
430 159 547 224 tentata
562 161 655 224 tincti.

144 283 232 324 mirabile,
239 284 300 317 onmia
308 284 359 318 salua
367 289 385 317 et
392 285 463 327 integra
470 284 593 326 inuenerunt·,
605 290 623 318 et
631 286 680 327 quod
685 285 783 328 plumbeus
788 283 847 327 liquor

144 340 162 372 et
170 336 205 370 viui
214 337 303 370 carbones
309 337 346 370 vim
354 336 425 371 virtutis
430 347 463 370 sue
469 337 594 381 perdiderunt.
617 338 681 371 Preter
688 338 721 371 hec
728 337 848 371 etiamtrabes

145 391 224 434 quedam
235 400 307 433 magna,
317 390 359 433 igne
371 390 489 432 inflammata,
500 401 557 434 super
568 390 662 434 palliolum
678 395 799 424 memoratum
812 401 847 433 quo

145 442 190 478 illud
201 443 324 477 reuerendum
336 443 454 487 sepulchrum
466 444 566 488 tegebatur,
578 444 609 477 diu
620 443 698 478 iacuisse
711 443 808 477 inuenitur.
831 442 848 477 Ο

128 507 199 541 5quam
215 495 298 530 mirabile
313 497 335 530 ad
351 497 461 530 videndum!
484 496 545 531 omnia
560 498 579 530 in
595 497 669 530 circuitu
685 498 703 530 in
719 497 791 530 cineres
806 501 848 530 sunt

145 550 223 589 redacta,
231 559 265 582 nec
273 549 370 592 quicquam
378 550 411 582 fuit
419 551 468 593 quod
478 551 559 583 comburi
569 550 627 592 potuit
638 550 686 592 quod
698 550 745 592 ignis
757 559 794 582 non
806 559 848 582 con-

145 603 229 645 sumpsit,
243 606 334 635 ettamen
348 612 381 635 nee
396 602 447 635 filum
463 602 513 646 pallii
528 602 626 646 sepulchro
640 603 751 646 superpositi
766 606 848 635 naturam

145 665 197 689 suam
205 655 284 698 perdidit
292 660 322 688 aut
330 655 410 689 colorem
419 657 500 690 mutauit.
523 655 603 689 Currunt
610 656 665 698 igitur
676 655 718 688 hinc
728 655 771 688 inde
781 655 848 697 populi,

145 708 226 740 inaudita
234 708 338 749 spectacula
346 708 464 749 admirantes,
471 713 489 740 et
497 708 519 740 ad
525 712 635 750 perpetuam
642 707 698 739 sancti
705 707 769 739 huius¹
776 706 849 739 laudem

120 769 138 790 10
146 761 181 794 deo
188 759 256 802 gratias
264 760 372 794 referentes,
395 759 468 793 Patrata
476 765 518 793 sunt
526 759 560 793 hec
569 758 664 793 Londonie
673 760 707 793 sub
714 758 801 793 Mauricio
807 764 849 792 tunc

146 812 233 855 episcopo
239 811 360 853 londoniensi,
368 812 470 855 imperante
478 811 537 855 primo
543 822 587 854 rege
593 812 742 845 Normannorum
750 811 850 851 Willelmo‚

147 875 195 900 anno
202 865 260 908 gratie
268 864 365 899 millesimo
375 866 485 909 octogesimo
496 866 574 909 septimo
580 864 590 907 i,
600 875 665 899 mense
673 864 717 899 iunii
726 864 755 898 die
766 865 849 908 septimo.

148 919 169 952 111
177 918 232 952 huius
240 917 294 961 igitur
302 919 382 952 nouitate
390 919 472 952 miraculi
479 919 584 961 sepedictus
590 918 688 961 episcopus
695 918 749 951 aliam
754 917 850 952 ecclesiam

148 983 159 1005 a
170 970 293 1004 fundamentis
303 970 376 1015 incepit,
384 982 431 1015 opus
440 971 529 1013 videlicet,
536 977 556 1005 vt
567 971 628 1005 multis
638 970 739 1012 videbatur,
747 971 850 1004 inconsum-

122 1025 221 1065 15mabile,
237 1034 301 1058 uerum
317 1025 333 1058 si
349 1024 473 1058 consummari
490 1029 558 1068 posset,
571 1024 629 1058 honor
646 1029 664 1058 et
680 1025 736 1058 decus
750 1024 851 1057 Londonie.

150 1079 231 1111 Peractis
250 1078 328 1119 denique
347 1078 414 1119 criptis,
433 1077 544 1110 sanctissimi
561 1088 627 1120 corpus
647 1076 763 1109 Erkenivaldi
782 1076 850 1109 ibidem

149 1129 233 1164 collocari
246 1129 333 1172 precepit.
356 1129 444 1163 Mauricio
456 1129 517 1173 itaque
526 1129 575 1163 viam
589 1130 675 1163 vniuerse
687 1129 747 1163 earnis
762 1129 851 1173 ingresse,

151 1183 241 1217 Ricardus
256 1182 332 1226 primus,
347 1182 376 1217 vir
388 1183 509 1223 venerandus,
522 1192 584 1215 curam
599 1182 681 1225 suscepit
696 1181 801 1225 regiminis:
818 1182 852 1223 vir,

149 1236 229 1277 inquam,
244 1235 327 1277 prudens
343 1240 361 1268 et
374 1240 466 1276 strenuus,
480 1234 572 1267 nobilitate
587 1240 605 1267 et
620 1235 722 1268 moralitate
737 1235 852 1277 conspicuus.

123 1288 187 1322 101516
203 1287 294 1330 siquidem
309 1287 381 1331 incepte
397 1297 459 1320 muros
473 1286 550 1321 ecclesie
565 1286 673 1321 mirabiliter
685 1288 739 1329 auxit,
751 1298 823 1321 necnon
835 1291 853 1321 et

149 1340 218 1385 plateas
227 1341 274 1374 circa
281 1341 359 1374 candem
367 1339 464 1374 ecclesiam
472 1340 601 1383 permaximas,
610 1351 645 1384 que
655 1345 697 1374 ante
705 1340 789 1373 domibus
799 1340 852 1373 laico-

149 1404 191 1427 rum
200 1393 287 1426 obsesse³
294 1392 371 1434 fuerant,
379 1394 455 1436 proprio
467 1399 541 1435 sumptu
551 1393 647 1435 acquisiuit
655 1398 672 1426 61
682 1393 701 1426 111
713 1394 788 1426 0110111111
800 1403 853 1426 muro

150 1445 248 1479 fortissimo
256 1455 304 1488 pene
312 1445 373 1486 cinxit,
381 1445 457 1489 aliisque
465 1444 513 1478 iam*
521 1445 605 1488 plurimis
613 1445 707 1478 beneficiis
713 1444 853 1478 londoniensem

151 1499 248 1533 ecclesiam
260 1498 358 1542 ampliauit.
382 1498 467 1540 Demum,
481 1497 542 1531 diuino
551 1503 661 1542 procurante
671 1497 751 1540 consilio,
763 1498 809 1532 dura
820 1508 854 1541 per

124 1563 141 1592 25
152 1550 297 1595 quinquennium
307 1555 325 1583 et
338 1561 359 1584 eo
372 1551 451 1594 amplius
464 1550 569 1585 infirmitate
582 1550 688 1594 concutitur,
702 1550 766 1595 sicque
779 1550 853 1584 homine

151 1605 245 1639 mundano
253 1605 327 1638 demum
336 1604 399 1637 relicto
407 1609 495 1647 perpetua
503 1615 549 1647 pace
557 1604 629 1648 quieuit.
651 1604 732 1638 Vacuam
741 1615 813 1648 quoqne
820 1614 854 1648 per

153 1666 211 1690 vnum
226 1666 295 1689 annum
306 1656 413 1689 cathedram
425 1656 517 1689 Gilbertus
529 1656 560 1699 qui
571 1657 700 1690 ‘uniuersalis'
714 1656 773 1690 dictus
786 1662 819 1697 est,
831 1656 854 1690 ab

152 1708 282 1743 111111510110165
294 1707 365 1743 ciuitate
378 1708 435 1742 Gallie
446 1715 526 1750 vocatus,
538 1708 615 1743 feliciter
628 1710 715 1743 ascendit.
738 1709 774 1743 Hic
786 1719 854 1754 nempe

152 1762 216 1796 litteris
224 1767 243 1795 et
250 1762 344 1805 sapientia,
352 1773 424 1795 necnon
432 1763 537 1795 auctoritate
545 1768 563 1796 et
571 1762 672 1806 frugalitate
681 1762 741 1795 media
747 1762 854 1804 cumulatus,

125 1828 145 1856 30
154 1820 196 1851 ante
208 1815 332 1859 episcopatum
340 1814 408 1850 veteris
416 1815 496 1850 hominis
504 1815 606 1859 imperfecti
616 1816 692 1860 gibbum
702 1816 814 1859 parauerat,
823 1827 855 1850 ex-

152 1868 282 1913 planatumquc
290 1878 336 1911 opus
344 1873 391 1902 tecto
400 1870 516 1912 superposito
526 1870 548 1902 ad
559 1868 647 1912 liquidum
660 1872 792 1913 composuerat.
815 1868 855 1910 Que

152 1933 196 1956 vero
210 1921 239 1956 vel
251 1926 319 1965 quanta
334 1921 427 1966 episcopiB
440 1934 496 1955 onere
512 1927 597 1965 suscepto
613 1922 690 1956 ecclesie
706 1933 738 1955 sue
754 1921 855 1963 contulerit,

153 1975 228 2009 euiusue
236 1974 344 2018 integritatis
353 1974 437 2016 extiterit,
444 1985 480 2007 non
489 1980 517 2007 est
526 1974 579 2008 huius
587 1975 648 2018 operis
660 1985 751 2008 enarrare.
781 1974 787 1993 ⁷
795 1967 855 2018 Prop-

153 2034 181 2061 ter
191 2027 282 2060 immensa
292 2027 350 2061 sancti
361 2026 478 2061 Erkenwaldi
488 2027 557 2069 merita,
566 2026 706 2070 circumquaque
718 2027 809 2069 diuulgata
822 2035 857 2070 per

126 2091 144 2121 35
154 2080 220 2113 crebra
235 2079 363 2113 miraculorum
377 2079 455 2123 insignia
467 2090 503 2122 que
516 2079 576 2113 facere
591 2079 700 2122 dignabatur
710 2078 740 2113 dei
757 2080 855 2123 prouiden-

154 2133 178 2167 tia
189 2143 223 2175 pro
237 2132 295 2166 salute
307 2132 388 2166 fidelium
400 2133 422 2166 ad
434 2132 508 2166 laudem
519 2132 548 2166 sui
566 2133 629 2175 sancti,
641 2132 769 2176 imponebatur
782 2132 857 2176 quibus-

154 2187 197 2220 dam
205 2185 308 2227 Anglorum
320 2185 435 2219 monasteriis
446 2186 494 2228 quod
504 2185 552 2218 fama
564 2185 693 2219 miraculorum
705 2184 776 2219 attoniti
790 2195 857 2229 corpus

154 2238 212 2273 sancti
224 2243 278 2271 noctu
289 2237 345 2272 furari
356 2239 458 2272 voluerunt.
481 2238 535 2271 Vnde
544 2238 654 2281 intempeste
666 2238 724 2271 noctis
735 2238 807 2272 silentio
820 2248 857 2272 non

155 2290 208 2337 pauci
220 2291 305 2324 homines
312 2291 376 2325 valuas
384 2292 484 2335 criptarum
493 2290 512 2324 in
523 2290 589 2334 quibus
599 2290 648 2325 idem
659 2296 733 2325 sanctus
745 2291 858 2326 condebatur

126 2358 146 2387 40
155 2345 289 2387 confregerunt,
297 2349 316 2378 et
323 2344 387 2378 ianuas
395 2344 458 2378 altaris
465 2354 524 2387 vsque
531 2343 627 2378 venientes
635 2354 680 2378 ausu
689 2344 787 2378 temerario
799 2355 858 2389 prope

155 2398 239 2439 frangere
253 2403 409 2440 presumpserunt,
439 2397 521 2438 Quorum
535 2396 611 2439 strepitu
627 2397 715 2440 euigilans
727 2398 801 2440 quidam
815 2403 858 2430 tunc

155 2449 251 2494 pueritiam
267 2460 342 2490 exuens,
357 2449 387 2492 qui
401 2450 451 2483 solus
467 2459 508 2482 cum
522 2450 593 2482 duobus
606 2449 676 2483 clericis
689 2450 749 2482 locum
762 2451 857 2483 custodum

155 2513 247 2546 occupans
255 2502 274 2535 in
282 2502 361 2536 ecclesia
368 2503 492 2545 pernoctabat,
501 2502 610 2536 clamoribus
620 2502 658 2536 suis
668 2508 724 2536 totam
736 2502 786 2536 illam
798 2502 859 2535 multi-

175 2573 209 2615 lT.
217 2586 255 2615 eius.
293 2567 469 2624 Ζ5011111110,0111.111Τ.
507 2585 645 2615 ῃΤ11Ξ.01100556.
682 2585 771 2623 ¹queiam,
779 2595 808 2615 0111.
816 2586 832 2614 in
840 2585 857 2614 T.

155 2626 161 2644 ⁵
172 2624 190 2655 E.
197 2625 297 2656 antisiodora.
339 2625 345 2643 ⁵
356 2626 396 2656 Boll.
404 2625 495 2664 episcopali.
535 2625 540 2642 ⁷
552 2625 574 2655 Cf.
581 2625 615 2656 Sar.
624 2626 670 2656 Brev.
680 2636 698 2664 14
705 2625 744 2657 Nou.
754 2629 804 2664 [same
812 2626 858 2663 text).
