1762 2803
256 139 302 196 Da
317 137 417 192 &totto
434 137 582 191 decantato.
727 148 769 193 179

68 259 122 294 soluit
135 259 191 303 illum,
205 265 223 295 et
234 260 332 305 imperauit
344 265 363 294 vt
377 260 480 295 discederet
493 265 511 295 et
525 259 594 295 nemini
609 269 690 304 unquam
702 268 769 293 nocere

67 320 189 358 presumeret.
212 314 236 349 Et
248 314 316 349 sactum
330 319 358 349 est
372 314 403 348 ita.
426 313 449 348 Et
464 313 534 359 accepit
548 314 577 349 vir
592 313 622 348 dei
637 314 694 348 altare
710 322 770 353 suum,

67 368 117 411 quod
129 367 240 411 cogitauerat
250 368 344 402 Arthurus
355 366 375 401 in
387 378 472 402 mensam
485 368 553 402 edendi
563 367 629 409 facere,
638 366 672 401 sed
684 365 769 409 quicquid

68 430 125 464 super
139 419 188 455 illam
204 421 335 465 apponebatur,
350 421 370 455 in
387 419 506 465 longinquum
522 419 653 455 excutiebatur.
676 419 721 453 Post
736 419 770 453 hec

67 472 118 508 venit
128 473 169 507 viro
180 474 211 508 dei
220 484 257 508 vox
267 474 291 508 de
302 473 341 508 celo
351 479 372 508 vt
384 474 465 508 mitteret
476 474 533 507 altare
545 474 563 507 in
577 484 640 515 mare;
652 477 671 507 et
682 482 724 507 cum
735 471 788 509 hocs

68 526 147 567 fecisset,
155 526 204 560 misit
214 527 237 560 ad
248 526 350 560 Cathonem
360 532 379 559 et
389 526 497 566 Arthurum,
506 531 525 560 vt
535 527 669 568 interrogarent
679 524 703 558 de
712 523 770 557 altari.

68 577 91 611 Et
101 577 207 612 nunciatum
217 583 246 612 est
256 577 292 612 illis
303 579 352 623 quod
363 578 387 612 ad
399 579 466 612 ostium
479 577 573 613 cuiusdam
584 577 665 613 fluminis
677 576 770 622 applicuit.

68 631 92 664 Et
103 631 149 664 dixit
159 641 204 666 rex:
218 631 275 666 ‘Date
285 631 311 665 illi
321 631 419 665 duodecim
431 635 493 675 partes
504 631 549 675 agri,
561 630 592 665 vbi
604 630 661 664 altare
673 629 769 664 inuentum

68 682 106 717 est)
128 682 164 717 Vbi
179 683 264 718 edificata
278 684 363 726 ecclesia,
377 683 441 718 viuere
458 682 511 728 cepit.
535 683 573 719 Nec
588 684 646 718 multo
660 687 703 727 post
717 682 769 717 venit

68 736 135 770 iterum
143 747 180 770 vox
190 736 215 769 illi
225 737 248 770 de
261 737 301 770 celo
311 741 330 770 vt
341 736 404 770 relicta
412 741 462 770 terra
473 736 572 770 natiuitatis
582 746 620 778 sue,
630 736 650 769 in
660 735 769 769 Hiberniam
779 743 799 766 ιο

68 788 178 832 peregrinus
184 794 275 833 pergeret⁴
298 788 334 823 Vbi
341 789 360 822 in
369 793 464 823 senectute
471 789 525 830 bona,
531 788 598 832 plenus
605 787 674 822 sanctis
682 787 770 831 operibus

68 840 137 885 quieuit
144 841 163 875 in
171 852 222 885 pace,
231 841 273 875 xvii
284 841 319 875 kal.
329 840 379 883 iunii,
388 846 406 876 et
417 840 501 885 sepultus
512 840 569 876 estin
581 841 654 875 ciuitate
665 851 704 882 sua,
713 850 749 884 que
760 850 771 874 a

68 894 143 928 nomine
150 905 184 929 suo
192 900 255 929 vocata
262 899 290 929 est
299 893 388 929 Chernac.

91 982 139 1026 [MS.
145 982 187 1018 Tib.
194 983 251 1017 adds:
366 981 468 1016 Narrau‘01.

92 1049 171 1100 Legitur
182 1056 232 1090 enim
243 1055 262 1090 in
271 1054 319 1089 Vitis
329 1060 402 1098 patrum
414 1056 462 1099 quod
473 1055 594 1090 nunciabatur
602 1055 674 1090 cuidam
684 1055 772 1099 episcopo

69 1109 118 1152 quod
130 1109 166 1142 due
177 1114 261 1142 matrone
272 1108 365 1152 impudice
376 1108 466 1143 uiuerent.
489 1107 525 1150 Qui
536 1113 638 1143 commotus
649 1118 673 1143 ex
684 1107 719 1143 hoc
731 1118 799 1150 sus-15

69 1161 140 1206 picatus
148 1166 176 1196 est
184 1173 209 1196 ne
216 1161 263 1196 sorte
272 1167 289 1195 et
297 1161 332 1195 alie
340 1161 446 1196 huiusmodi
454 1167 528 1204 essent;
538 1162 561 1196 ad
571 1162 708 1205 deprecandum
716 1161 771 1196 deum

70 1224 91 1248 se
105 1214 200 1256 conuertit,
215 1219 235 1248 ut
250 1214 293 1248 inde
308 1218 369 1248 certus
384 1213 432 1248 effici
448 1218 554 1248 mercretur·
577 1213 621 1248 Post
636 1214 711 1248 missam
726 1224 772 1249 uero

70 1267 114 1301 dum
122 1268 233 1301 accederent
240 1266 308 1309 singuli
315 1267 338 1300 ad
347 1268 500 1308 communionem,
507 1266 609 1310 perunitus
615 1277 678 1300 eorum
685 1267 771 1302 cernebat

70 1320 147 1361 animas,
152 1319 219 1363 quibus
224 1329 334 1363 unaqueque
340 1319 400 1353 anima
408 1319 510 1353 subiaceret
518 1318 603 1363 peccatis.
623 1319 646 1353 Et
654 1325 771 1363 peccatorum

70 1372 144 1414 quidem
156 1371 251 1405 hominurn
263 1371 337 1405 uidebat
348 1370 404 1405 facies
416 1372 483 1414 nigras,
495 1371 583 1415 quasdam
595 1382 640 1406 uero
651 1377 738 1415 tanquam
748 1372 772 1406 ab
781 1377 801 1399 ²0

70 1430 111 1459 estu
124 1429 205 1466 exustas,
216 1417 280 1458 oculos
290 1425 358 1458 rubeos
369 1429 423 1467 atque
435 1423 558 1467 sanguineos3
575 1424 621 1458 alios
634 1429 695 1458 autem
708 1435 772 1459 eorum

71 1477 131 1511 claros
144 1476 219 1520 quidem
231 1477 283 1517 facie,
297 1476 385 1510 candidos
399 1486 444 1510 uero
459 1476 531 1511 amictu.
554 1476 578 1510 Et
593 1476 623 1510 alii
638 1476 713 1521 quidem
728 1477 771 1511 dum

70 1528 175 1573 acciperent
186 1539 254 1574 corpus
266 1528 341 1572 domini,
351 1528 440 1563 exurebat
451 1540 483 1563 eos
494 1534 512 1563 et
523 1528 642 1572 incendebat3
660 1529 700 1564 aliis
712 1535 773 1565 autem

70 1583 118 1617 sicut
133 1582 196 1617 lumen
209 1582 324 1617 efficiebatur
336 1582 356 1616 in
369 1593 394 1622 se,
408 1587 426 1616 et
438 1592 473 1625 per
488 1592 509 1616 os
523 1582 628 1626 ingressum
641 1592 696 1616 omne
708 1593 772 1617 eorum

71 1645 139 1680 corpus
157 1634 264 1670 illustrabat.
292 1635 344 1670 Inter
360 1635 447 1671 mulieres
463 1635 512 1670 enim
529 1635 643 1670 aduenerunt
658 1642 676 1670 et
691 1635 721 1670 ille
737 1636 773 1672 due
783 1641 801 1672 25

71 1689 159 1723 mulieres
177 1700 213 1733 que
232 1694 316 1723 accusate
333 1694 385 1722 erant
401 1689 427 1722 illi
443 1688 541 1733 episcopo:
561 1695 579 1723 et
595 1689 663 1724 clarum
680 1690 773 1724 habebant

71 1742 142 1776 uultum
158 1747 176 1776 et
191 1741 318 1783 honorificum,
333 1741 448 1785 candidaque
463 1742 511 1776 stola
525 1742 660 1777 circumamicte
673 1748 736 1785 erant;
754 1750 773 1777 et

72 1805 113 1828 curn
125 1795 224 1838 participes
236 1794 314 1828 fuissent
325 1794 450 1828 misteriorum
462 1794 530 1828 Christi
542 1794 612 1836 effecte,
624 1794 670 1829 sicut
682 1795 774 1830 alumine

71 1846 161 1880 illustrate
174 1852 222 1880 sunt.
245 1846 268 1880 Et
279 1846 372 1881 admirans
384 1846 488 1891 episcopus,
500 1846 633 1891 deprecabatur
646 1847 741 1882 dominum
754 1854 774 1882 ut

72 1900 126 1934 huius
141 1899 216 1933 uisionis
230 1905 293 1942 posset
305 1899 374 1933 habere
386 1899 478 1933 noticiam.
500 1899 524 1933 Et
535 1899 558 1933 ab
572 1900 638 1944 angelo
650 1899 725 1941 domini,
739 1900 773 1934 sibi
783 1905 803 1935 30

72 1958 178 1997 apparente,
187 1952 210 1985 dc
217 1951 254 1984 illis
265 1952 336 1985 duabus
347 1952 473 1986 sciscitabatur
482 1951 590 1986 mulieribus
601 1951 617 1986 si
627 1962 672 1986 uera
682 1957 732 1987 esset
742 1952 773 1987 illa

72 2005 132 2049 prima
147 2004 241 2038 accusacio
258 2014 281 2038 an
298 2004 348 2037 falsa.
375 2004 460 2047 Angelus
476 2009 538 2038 autem
554 2004 653 2039 affirmauit
670 2015 715 2039 uera
730 2015 773 2040 esse

73 2057 179 2101 omniaque
190 2057 237 2090 dicta
247 2056 270 2090 de
280 2057 306 2090 cis
315 2056 396 2098 fuerant5
409 2057 437 2090 ‘et
448 2058 467 2090 in
478 2056 600 2100 perceptione
612 2058 694 2101 corporis
706 2057 774 2092 Christi

73 2110 170 2154 splendide
183 2114 235 2143 erant
248 2108 304 2143 sacies
317 2119 385 2150 earum,
398 2113 416 2144 et
429 2109 489 2144 albam
503 2109 568 2144 stolam
581 2109 678 2152 habebant,
690 2120 712 2144 eo
724 2111 774 2155 quod

73 2162 191 2206 resipuerunt
208 2162 231 2196 de
247 2162 316 2196 actibus
332 2161 377 2204 suis,
393 2167 411 2195 et
427 2161 544 2196 discedentes
559 2164 582 2196 ab
598 2163 639 2205 hiis,
657 2163 737 2197 lacrimis
756 2167 802 2199 etas

73 2214 171 2259 gemitibus
182 2220 237 2259 atque
248 2214 353 2249 elemosinis
365 2225 467 2259 pauperum
479 2220 497 2249 et
508 2226 543 2259 per
554 2216 689 2250 consessionem
700 2216 774 2251 ueniam

74 2268 162 2311 consequi
174 2273 286 2309 meruerunt,
298 2266 415 2310 diuinamque
426 2268 574 2302 immutacionem
584 2268 651 2312 adepte
662 2274 680 2302 et
691 2279 702 2302 a
713 2269 774 2303 crimi-

74 2321 128 2355 nibus
140 2320 227 2363 absolute‚
239 2320 301 2355 uiuent
313 2320 400 2364 deinceps
414 2320 475 2354 sobrie
486 2325 504 2355 et
517 2320 565 2355 iuste
578 2326 596 2355 et
607 2321 647 2364 pie.¹
671 2321 775 2366 Episcopus

75 2379 138 2407 autem
149 2373 211 2408 mirari
219 2384 240 2408 se
248 2374 319 2408 dicebat
328 2383 365 2407 non
374 2378 445 2407 tantum
456 2374 479 2407 de
491 2372 619 2408 immutatione
629 2372 701 2409 illamm
711 2374 776 2410 mulie·

74 2427 173 2460 rum-hoc
185 2428 234 2461 enirn
246 2427 309 2461 multis
320 2425 405 2471 contigit;
418 2430 446 2460 set
458 2426 487 2460 dei
499 2427 573 2470 donum,
583 2426 613 2471 qui
625 2437 662 2462 non
674 2428 734 2463 solum
744 2439 776 2464 eas
785 2439 805 2471 4⁰

74 2480 171 2514 tormentis
182 2479 258 2514 minime
269 2480 350 2522 adiecitl,
358 2484 386 2514 set
396 2479 451 2513 etiam
461 2484 530 2514 tantam
539 2478 566 2514 eis
574 2480 643 2514 donare
654 2481 777 2526 dignatusest

76 2532 162 2574 graciam*
184 2532 269 2577 Angelus
281 2532 332 2577 (aitx)
344 2532 458 2566 ‘Admiraris
469 2532 504 2566 hoc
517 2533 564 2567 iuste
579 2538 598 2567 ut
610 2533 676 2577 homo;
692 2535 778 2570 dominus

135 2615 141 2634 ¹
152 2615 199 2646 From
204 2616 241 2647 Vite
248 2616 316 2655 Patrum,
324 2617 349 2648 ed.
357 2616 416 2654 Migne,
423 2627 438 2655 p.
444 2617 479 2655 998.
575 2618 582 2635 ¹
591 2618 611 2648 V.
618 2619 637 2649 B.
645 2619 717 2650 subiecit.

413 2681 425 2705 lt
432 2681 443 2705 2
