1762 2803
285 118 331 174 D&
346 117 446 171 &stultu
461 116 607 169 issllllssssllss.
756 132 797 175 147

95 245 184 283 ceperunt
203 246 287 275 cantare:
307 241 370 275 ‘Deus
387 241 496 275 misereatur
510 241 577 275 nostri’
592 250 651 285 vsque
666 240 685 273 in
701 240 763 282 linem,
779 245 798 274 et

96 293 159 326 ‘Deus
170 293 189 327 in
202 294 310 327 adiutorium
324 303 385 328 mcum
401 294 487 334 intende‚'
500 298 518 329 et
532 293 616 329 'Credidi
629 293 716 337 propter,’
728 297 746 327 et
758 302 799 327 ora·

95 345 164 380 tionem
177 351 197 381 vt
207 357 268 391 supra.
290 347 320 381 Ad
332 347 396 381 horam
408 357 487 381 nonam:
500 346 540 381 ‘De
553 345 660 390 profundis,'
673 344 732 379 ‘Ecce
744 356 798 389 quam

96 399 174 439 bonum,'
186 404 204 434 et
218 400 290 433 ‘Lauda
302 399 402 433 Ierusalem
415 400 520 433 dominum)
542 400 573 434 Ad
585 409 676 443 vesperas
688 398 799 432 cantabant:

96 450 134 485 ‘Te
142 452 194 486 decet
202 452 292 496 hymnus'
301 452 392 487 ‘Benedic
400 452 461 487 anima
472 463 513 487 mea
521 452 604 486 domino'
613 452 636 493 ii,
645 451 738 485 ‘Laudato
746 450 799 495 pueri
809 461 817 492 5

96 504 212 548 dominum3¹
231 499 256 541 et'
266 506 348 550 psalmos
363 506 467 551 quindecim
486 506 576 551 graduum
595 504 693 541 cantabant
711 505 800 539 sedendo.

97 558 192 602 Completo
207 563 268 601 cantu,
282 559 398 594 obumbrauit
413 560 462 594 illam
477 559 556 594 insulam
572 561 631 594 nubes
646 559 693 593 mire
707 558 799 599 claritatis,

96 612 129 645 sed
141 622 178 645 non
190 616 273 655 poterant
284 611 391 656 videreque
402 617 445 647 ante
455 612 544 654 viderant,
554 623 589 657 pre
600 611 721 657 spissitudine
732 611 798 646 nubis:

96 663 201 698 Audiebant
215 670 277 699 tamen
289 676 345 699 voces
360 666 463 699 canentium
478 666 580 710 predictum
596 676 670 700 carmen
685 665 726 700 sine
742 665 799 699 inter-

96 716 190 760 missione,
201 728 259 761 vsque
272 719 294 752 ad
305 718 376 762 vigilias
388 719 492 754 matutinas.
513 719 565 753 Tunc
577 718 627 753 enim
639 718 729 752 canebant
741 717 799 752 ‘Lau-
810 730 828 752 ιο

98 770 139 804 date
153 769 246 805 dominum
261 772 284 806 de
298 771 352 812 celis:
366 771 452 806 ‘Cantate
466 771 550 812 domino,’
565 772 657 805 ‘Laudate
670 771 765 805 dominum
780 771 799 804 in

97 821 165 855 sanctis
177 814 227 856 eius?
251 823 295 856 Post
306 824 341 856 hec
353 825 450 857 cantabant
463 824 559 857 duodecim
574 824 657 866 psalmos
669 816 703 866 per
715 823 800 857 ordinem

98 874 179 918 psalterii
184 875 201 915 ¹„
212 874 330 917 Adueniente
338 886 408 917 aurora,
413 875 529 919 discooperta
537 880 565 909 est
573 875 632 909 insula
639 875 663 909 de
671 875 726 917 nube,
732 879 750 908 et
758 885 800 909 can-

97 928 160 962 tabant
166 930 170 946 ‘
176 927 266 962 Miserere
273 928 310 962 mei
316 929 372 969 deus,¹
379 928 384 946 ‘
390 928 441 963 Deus
450 930 496 963 deus
503 929 567 970 meus,‘
574 934 591 962 et
600 927 689 962 ‘Domine
697 927 800 971 refugium,'

99 980 136 1025 [Ad
146 980 248 1032 tertiam]²:
257 981 338 1016 ‘Omnes
349 982 425 1032 gentepf
434 981 496 1016 ‘Deus
507 980 526 1016 in
538 981 612 1016 nomine
623 983 664 1023 tuo,’
672 980 744 1016 ‘Dilexi
756 991 801 1025 quo·
811 989 829 1020 15

98 1034 159 1076 niam,'
171 1044 212 1068 cum
224 1034 300 1069 alleluia.
329 1034 402 1069 Deinde
415 1035 534 1069 immolabant
547 1044 614 1078 agnum
627 1033 770 1076 immaculatum,
783 1039 801 1068 et

98 1083 163 1121 omnes
174 1087 197 1121 ad
209 1087 356 1122 communionem
366 1088 470 1130 veniebant,
478 1088 573 1122 dicentes:
585 1087 637 1122 ‘Hoc
648 1098 722 1121 sacrum
733 1098 802 1131 corpus

98 1140 172 1182 domini,
188 1145 206 1173 et
221 1140 317 1174 saluatoris
332 1140 399 1175 sumite
414 1140 522 1185 sanguinem
534 1140 587 1176 vobis
602 1139 621 1174 in
634 1139 690 1175 vitam
706 1141 801 1174 eternam!

98 1193 140 1234 Quo
150 1193 203 1235 facto,
214 1194 251 1227 duo
260 1193 338 1227 iuuenes
346 1194 443 1237 portabant
453 1193 551 1237 cophinum
561 1193 637 1236 plenum
649 1193 673 1226 de
686 1192 747 1226 scaltis
758 1203 801 1236 pur-

98 1245 166 1289 pureis,
174 1251 192 1279 et
208 1246 296 1280 miserunt
311 1246 330 1280 in
345 1257 417 1288 nauem,
429 1246 523 1280 dicentes:
540 1245 621 1279 ‘Sumite
633 1246 656 1278 de
667 1245 726 1278 fructu
740 1244 800 1278 insule
810 1255 830 1276 ao

98 1297 180 1331 virorum
188 1297 265 1340 sortium,
274 1302 292 1332 et
299 1298 371 1332 reddite
378 1299 432 1332 nobis
439 1298 514 1332 fratrem
522 1303 616 1332 nostrum:
628 1308 649 1332 ac
658 1297 800 1341 proficiscamini

98 1349 117 1383 in
125 1353 182 1394 pace.r
205 1351 256 1385 Tunc
264 1356 327 1385 vocato
335 1351 396 1393 fratre,
404 1352 429 1385 ait
437 1351 557 1386 Brendanus:
570 1351 669 1385 ‘Osculare
677 1351 743 1385 fratres
751 1356 799 1391 tuos,

99 1408 117 1437 et
129 1404 175 1438 vade
188 1414 230 1437 cum
243 1403 278 1437 illis
294 1404 324 1447 qui
339 1409 357 1437 te
369 1404 471 1438 inuocant’.
494 1404 546 1437 Bona
558 1403 604 1437 hora
615 1404 699 1446 concepit
711 1408 729 1436 te
741 1408 801 1436 mater

98 1460 135 1498 tua,
153 1456 196 1499 quia
214 1455 298 1489 meruisti
317 1456 399 1490 habitare
417 1467 459 1490 cum
478 1456 509 1490 tali
528 1455 680 1499 congregatione!
709 1455 802 1489 Osculatis

99 1507 185 1549 fratribus
201 1513 219 1543 et
234 1514 296 1543 sancto
311 1513 368 1552 patre,
379 1508 403 1543 ait
419 1508 540 1543 Brendanus:
560 1508 610 1549 ‘Fili,
622 1508 720 1542 recordare
735 1513 803 1552 quanta
812 1520 830 1551 ²5

99 1561 188 1595 beneficia
198 1561 273 1595 contulit
286 1561 319 1595 tibi
331 1562 378 1596 deus
390 1564 409 1595 in
421 1562 456 1595 hoc
468 1562 541 1596 seculo:
558 1563 605 1596 vade
618 1567 636 1595 et
648 1572 681 1595 ora
693 1572 727 1604 pro
740 1562 803 1595 nobis.¹

42 1643 45 1648 ,
101 1613 134 1647 Illo
145 1619 207 1648 autem
218 1624 259 1648 cum
271 1615 342 1648 duobus
353 1614 451 1649 iuuenibus
462 1620 558 1658 pergente,
571 1619 659 1658 ceperunt
672 1613 738 1647 iratres
752 1613 803 1647 naui·

100 1676 154 1709 gare:
171 1672 189 1700 et
204 1667 249 1700 hora
264 1666 368 1701 resectionis
383 1667 454 1709 accepit
469 1666 580 1700 Brendanus
594 1677 649 1700 vnam
663 1666 687 1699 de
702 1665 770 1706 scabis,
785 1672 804 1699 et

99 1717 165 1752 videns
180 1718 229 1753 illam
245 1730 287 1753 esse
299 1719 373 1762 plenam
388 1729 448 1760 succo,
460 1719 553 1753 admirans
566 1718 622 1753 dixit:
642 1718 753 1762 ‘Nunquam
766 1718 804 1752 vidi

100 1781 134 1805 nec
147 1771 182 1815 legi
195 1772 260 1805 scaltas
274 1777 324 1806 tante
339 1771 481 1816 magnitudinis?
504 1771 561 1806 Erant
577 1776 638 1805 autem
651 1770 721 1815 equalis
733 1776 803 1805 stature
812 1782 832 1812 ³⁰

100 1823 119 1857 in
135 1825 209 1857 modum
224 1823 261 1867 pile
276 1834 353 1867 magne:
372 1829 391 1857 et
405 1824 497 1867 expressit
513 1825 536 1858 de
550 1835 587 1857 vna
602 1823 667 1857 libram
681 1823 730 1857 succi
742 1822 839 1874 vnaius*

101 1876 160 1919 Quam
169 1876 188 1910 in
199 1877 272 1920 partes*
280 1876 376 1911 duodecim
388 1876 472 1917 diuisam,
480 1876 566 1911 fratribus
577 1876 681 1911 distribuit:
694 1882 712 1910 et
724 1877 802 1911 habebat

100 1929 119 1963 in
128 1941 159 1964 ore
167 1940 252 1974 saporem
260 1929 325 1964 mellis.
347 1930 448 1964 Transacto
459 1930 533 1964 demum
542 1929 625 1964 triduano
635 1929 708 1972 ieiunio,
716 1940 752 1964 vna
763 1930 803 1964 auis

100 1983 222 2026 grandissima
229 1983 293 2017 volans
305 1983 378 2016 tenebat
388 1993 460 2016 ramum
470 1983 565 2016 cuiusdam
577 1983 648 2016 arboris
659 1982 726 2026 ignote,
735 1983 803 2017 habon-

101 2040 138 2070 tern
150 2035 169 2069 in
180 2046 252 2070 snrnmo
263 2036 335 2070 botrum
347 2046 434 2079 magnum
447 2035 492 2070 mire
504 2034 648 2076 rubicunditatis
660 2041 678 2069 et
690 2035 740 2070 misit
750 2035 803 2070 illurn
813 2047 832 2077 35

100 2088 119 2121 in
129 2089 190 2123 sinum
201 2088 258 2132 patris
269 2089 332 2123 sancti.
355 2089 420 2123 Etvue
430 2088 478 2122 illius
488 2089 535 2122 sicut
543 2099 604 2133 poma.
628 2088 656 2121 De
664 2088 731 2132 quibus
741 2088 804 2123 relecti

101 2141 172 2182 fratres,
187 2142 253 2175 iterum
271 2147 312 2184 post
327 2142 431 2174 triduanum
450 2141 537 2174 ieiunium
553 2142 639 2174 viderunt
652 2141 731 2174 insulam
747 2146 803 2173 totam

101 2198 206 2236 coopertam
218 2193 313 2227 arboribus
324 2192 457 2235 densissimis¹⁵‚
468 2192 578 2226 habentibus
589 2192 668 2226 fructum
679 2192 803 2237 predictarum

101 2257 183 2288 vuarum,
194 2247 219 2280 ita
231 2251 250 2280 vt
265 2256 330 2280 omnes
345 2247 420 2279 arbores
435 2247 531 2279 incuruate
544 2250 607 2279 essent
619 2246 641 2278 ad
654 2250 733 2287 terram
749 2247 804 2279 vnius

101 2298 170 2333 fructus
182 2303 200 2333 et
212 2299 283 2340 coloris,
291 2299 377 2341 nullaque
388 2303 427 2332 erat
439 2298 513 2332 alterius
520 2299 595 2341 generis
604 2297 664 2331 arbor.
687 2296 731 2331 Erat
743 2303 804 2332 autem
814 2308 835 2339 4⁰

101 2352 146 2385 odor
155 2351 216 2386 insule
224 2352 270 2386 sicut
278 2352 324 2386 odor
331 2352 396 2385 domus
407 2351 462 2395 plene
470 2352 523 2385 malis
530 2351 607 2395 punicis.
631 2350 654 2384 Et
665 2357 773 2385 manserunt
785 2351 805 2386 in

101 2403 161 2438 insula
172 2405 203 2438 illa
210 2405 330 2448 quadraginta
338 2404 408 2438 diebus.
431 2404 475 2438 Post
485 2404 519 2438 hec
529 2403 638 2447 nauigantes
646 2402 713 2437 fratres
720 2404 806 2439 viderunt

101 2467 161 2499 auem,
173 2468 209 2501 que
224 2457 271 2501 grisa
285 2462 365 2500 vocatur,
380 2457 405 2491 illi
431 2457 504 2491 obuiam
519 2456 618 2490 volantem.
642 2455 726 2501 Cumque
742 2464 807 2492 exten·

122 2529 127 2547 ¹
138 2530 157 2560 al.
165 2531 205 2561 add:
217 2541 267 2569 usque
275 2532 330 2561 ‘Dixit
337 2530 423 2570 insipiens!
498 2530 504 2548 ²
514 2540 544 2561 om.
552 2531 568 2560 in
575 2531 594 2562 T.
603 2531 622 2563 E.
699 2531 705 2549 ³
716 2532 736 2564 al.
744 2536 806 2563 vocant.

101 2567 107 2586 ⁴
118 2571 138 2601 al.
146 2572 205 2602 uncias.
266 2572 273 2590 ³
282 2571 300 2602 E.
309 2571 411 2602 dencissimis.

439 2631 468 2655 1.2
