1762 2803
35 93 169 172 ursaonae]
190 122 235 180 an
247 121 284 177 b.
295 122 428 175 utmunuu
441 131 499 187 teuc
514 126 538 176 ct
551 126 667 186 mutuet.
691 127 735 183 655

35 244 129 286 immundo,
136 251 209 280 mortem
216 252 302 290 optarunt.
323 247 407 281 Millesies
418 253 435 281 et
442 246 486 281 vltra
494 257 540 281 mors
549 252 613 290 optata,
622 257 663 290 sepe
670 254 737 288 uocata,

35 294 85 335 tarda
90 295 185 330 uidebatur,
201 297 336 339 Congemiscunt
342 304 359 330 et
366 298 457 330 condolent
465 308 484 331 se
490 296 578 339 morte[m]
585 296 669 330 sodalium
674 296 737 330 vitasse

34 343 149 388 fugitiuosque
159 347 217 380 fuisse.
240 348 281 380 Non
293 351 361 381 cessant
372 347 424 388 igitur
434 354 485 380 nocte
499 358 520 381 ac
532 346 561 380 die
572 348 647 380 clamare
658 354 675 379 et
688 347 737 379 inuo-

35 403 75 427 care
85 394 137 428 deum
148 396 166 430 in
177 403 237 431 sancto
248 396 342 430 Edmundo
353 403 370 431 et
381 405 442 431 sancto
450 398 522 432 Thoma.
545 396 612 441 Quibus
621 396 737 432 incessanter¹

35 444 130 487 orantibus,
137 448 187 480 adest
195 448 223 480 dei
231 448 328 489 clemencia,
336 455 353 481 et
364 449 446 482 maturius
458 458 477 482 se
488 449 552 483 solutos
560 448 649 491 senciunt;
661 453 688 482 set
698 458 737 482 vere
745 453 754 484 5

36 506 55 528 se
69 497 135 531 solutos
148 499 233 539 dubitant,
247 498 300 532 nimio
315 498 376 531 timore
391 498 475 540 perterriti
492 497 560 532 vincula
574 499 630 532 ferrea
644 499 737 539 refirmant,

36 547 106 580 tandem
118 548 165 582 nimii
177 549 240 582 doloris
252 548 325 582 tristicia
336 549 424 582 constricti
436 556 475 582 ante
486 560 565 582 auroram
576 549 633 591 sopori
643 550 737 582 traduntur.

37 595 104 637 Quibus
118 599 176 631 statim
187 598 267 632 videntur
278 598 313 631 duo
325 598 356 631 viri
367 598 438 641 preclari
450 598 536 639 accedere,
550 598 618 632 vincula
628 599 682 633 ferrea
697 609 738 632 con-

35 646 109 688 fringere
120 655 137 681 et
148 659 179 691 per
190 659 275 682 carcerem
288 649 397 691 dispergere;
408 648 519 690 vigilantibus
530 655 588 681 autem
596 648 652 691 ipsum
660 650 678 682 fit
686 649 738 683 idem.

37 696 91 738 Igitur
98 698 115 730 in
124 709 143 731 se
150 698 213 732 reuersi
220 698 291 731 laudant
299 699 350 732 deum
356 705 372 732 et
377 708 428 741 super
432 697 515 731 miraculo
522 703 659 740 constupescunt.
671 698 739 732 Deinde
748 704 767 726 10

37 746 60 779 ad
72 753 151 781 sanctum
163 748 275 782 Edmundum
286 754 303 782 et
315 754 393 782 sanctum
405 749 496 784 Thomam,
508 758 580 791 quorum
592 748 689 782 interuentu
702 748 739 782 sine

37 797 90 830 dubio
101 797 238 842 libera[ba]ntur,
248 799 280 844 iter
289 799 377 844 arripiunt,
386 799 437 833 deum
448 798 465 833 iu
474 798 538 834 sanctis
548 800 584 834 suis
595 809 626 843 per
634 799 693 834 omnia
702 809 740 833 ma·

37 846 144 889 gnificantes.

64 964 96 996 DE
106 971 191 998 VLCIONE
202 971 262 998 CAPTA
273 971 335 998 SUPER
347 971 443 1002 QUENDAM
454 972 586 997 PREDATOREM
598 972 711 998 Rarluurnnr

176 1022 270 1049 PAUONEM
281 1022 308 1047 DE
319 1022 405 1048 DOhssNIO
416 1021 483 1048 SANCTI
496 1015 598 1048 Eutruum.

81 1088 138 1121 Odem
149 1093 225 1130 tempore
236 1086 307 1130 qnidam
318 1087 399 1130 predator
406 1087 456 1120 villas
467 1087 543 1121 confines
555 1086 622 1121 inuasit.
644 1088 672 1121 Ad
682 1088 741 1122 villam

102 1138 124 1170 de
139 1137 245 1171 Brolredisch
261 1138 337 1178 veniens,
351 1138 421 1171 domum
436 1138 525 1171 cuiusdam
541 1137 630 1179 Stephani,
644 1137 675 1170 uiri
687 1138 740 1172 incliti
750 1145 768 1176 15

38 1194 55 1222 et
62 1187 138 1221 hominis
146 1187 200 1221 sancti
208 1187 302 1226 Edmundi,
309 1188 412 1230 aggreditur,
419 1187 513 1231 domosque
521 1198 584 1221 uacuas
592 1198 669 1229 cernens,
678 1188 741 1232 quippe

39 1249 69 1279 pre
83 1238 145 1271 timore
159 1248 219 1271 omnes
234 1239 258 1271 ad
273 1238 363 1271 ecclesiam
380 1248 419 1271 curn
437 1237 487 1271 bonis
504 1237 539 1271 suis
557 1238 673 1280 confugerant,
688 1249 741 1272 vnum

39 1298 126 1331 pauonem
137 1289 209 1323 naturali
223 1289 314 1332 splendore
326 1288 423 1323 rutilantem
436 1287 516 1333 repperit,
529 1287 601 1331 inuadit,
614 1288 665 1332 rapit,
678 1296 695 1323 et
709 1291 741 1324 sub

39 1340 110 1374 brachio
118 1340 248 1382 comprehendit
260 1346 277 1374 et
287 1346 368 1383 asportat.
389 1341 484 1374 Transiens
491 1346 548 1375 autem
558 1351 589 1384 per
596 1347 655 1383 portas
663 1340 741 1383 ecclesie,

39 1397 136 1424 matronam
141 1391 216 1424 nobilem
223 1392 305 1433 prospicit
311 1402 380 1424 vxorem
388 1391 472 1432 Stephani
480 1391 604 1432 prenominati:
616 1402 650 1432 que
656 1402 741 1432 pauonem
751 1400 770 1420 20

41 1449 90 1473 suum
98 1439 163 1479 videns,
171 1439 273 1473 exclamauit
281 1446 297 1473 et
305 1440 340 1473 ait:
357 1440 383 1473 ‘O
392 1439 416 1472 mi
425 1441 480 1483 pauo!
493 1438 543 1480 heu²,
552 1439 574 1472 de
582 1446 628 1473 terra
638 1440 742 1474 sanctissimi

39 1490 84 1532 regis
96 1489 185 1524 Edmundi
197 1501 236 1524 sum
250 1497 267 1524 et
278 1501 310 1533 ego
323 1497 340 1525 et
353 1491 412 1524 omnia
424 1501 473 1525 mea:
492 1490 558 1525 dimitte
571 1501 663 1533 pauonem,
674 1491 743 1524 dimitte

40 1542 78 1575 aio!
101 1542 132 1575 Cui
144 1546 203 1584 raptor
215 1540 307 1575 subridens
319 1546 336 1575 et
349 1541 455 1575 cachinnans
467 1540 501 1575 ait:
519 1541 559 1575 ¹Sic
570 1547 587 1575 et
597 1541 622 1575 sic
633 1542 693 1575 omnia
704 1548 743 1575 sunt

40 1589 134 1633 Edmundi,
147 1591 205 1624 omnia
219 1602 266 1624 nunc
281 1591 379 1625 Edmundi:
398 1598 424 1625 set
438 1592 471 1624 hoc
486 1602 557 1631 meum3
574 1592 608 1625 hoc
620 1599 652 1632 est,
667 1593 743 1635 inquam,

40 1643 108 1674 meum!
132 1643 232 1684 inpretatur
239 1642 290 1684 igitur
297 1641 363 1683 mulier,
371 1647 388 1675 et
396 1641 527 1675 circumstantes
537 1641 623 1675 secrecius
632 1642 743 1675 maledicunt.
752 1652 771 1682 ²5

41 1691 128 1733 Turgidns
141 1698 158 1724 et
170 1690 311 1734 parui[pen]dens
324 1690 397 1724 discedit
408 1697 426 1725 et
438 1691 521 1724 discurrit.
544 1692 568 1724 Et
579 1692 650 1725 tandem
662 1692 685 1725 ad
697 1701 744 1725 mare

40 1741 116 1782 veniens,
129 1751 168 1775 cum
183 1751 250 1785 pauone
265 1741 309 1775 sub³
322 1742 386 1776 lacerto
399 1741 471 1785 gurgitis
486 1741 616 1784 transnauigare
630 1742 744 1785 capacitatem

41 1793 149 1827 accelerans:
165 1793 223 1826 statim
235 1792 252 1826 in
263 1792 341 1834 ingressu
353 1793 371 1826 fit
383 1792 457 1826 fluminis
469 1793 532 1835 preda;
548 1793 635 1836 fluctuque
647 1792 744 1835 periclitans

41 1843 69 1876 ille
77 1854 151 1876 nocens:
163 1842 209 1875 exilit
216 1853 251 1875 non
260 1843 358 1885 periclitans
366 1853 410 1884 pauo
419 1843 506 1876 innocens.
528 1844 592 1875 Euolat
601 1849 619 1875 et
629 1843 703 1882 abuolat,
711 1853 744 1876 nec

41 1903 95 1936 usque
103 1893 179 1935 predicte
187 1892 259 1926 ecclesie
270 1892 385 1926 summitatem
397 1891 470 1932 desistit,
478 1891 577 1934 ibidemque
587 1891 642 1925 tribus
653 1892 714 1925 diebus
723 1904 744 1925 ac
752 1900 772 1927 30

41 1943 95 1977 tribus
106 1942 185 1977 noctibus
196 1941 279 1976 recumbit
291 1948 308 1976 et
318 1940 395 1985 quiescit.
418 1942 497 1975 Tandem
508 1941 595 1985 predictus
607 1942 705 1987 Stephanus
717 1943 744 1976 vir

41 1993 109 2027 inclitus
120 2005 159 2026 cum
166 2004 218 2026 vxore
228 2004 258 2026 sua
269 2004 302 2035 que
312 2004 398 2035 pauonem
408 1993 459 2036 diripi
466 1993 533 2025 viderat
543 1999 560 2026 et
572 1993 649 2027 doluerat
660 2004 744 2036 egressus,

41 2055 126 2087 pauonem
134 2043 208 2077 culmine
216 2043 288 2077 ecclesie
296 2043 398 2078 residentem
407 2043 482 2085 miratur,
490 2048 508 2078 et
517 2044 654 2086 congratulatum
666 2055 745 2087 paneque

42 2096 57 2129 ei
73 2101 156 2138 porrecto,
170 2106 224 2128 manu
239 2095 304 2128 domini
319 2094 344 2128 sui
358 2101 376 2127 et
391 2094 461 2127 domine
474 2099 543 2127 assueta
556 2101 626 2135 aspecta
639 2101 657 2127 et
670 2095 745 2136 cognita,

42 2144 136 2185 descendit,
144 2144 275 2187 appropinquat,
284 2149 301 2176 et
309 2144 391 2184 vescitur;
403 2143 461 2185 sicque
469 2148 542 2176 mortem
550 2142 583 2176 sibi
591 2142 700 2183 destinatam,
708 2143 746 2178 eius
754 2151 773 2181 35

42 2194 146 2228 destinatore
156 2200 229 2235 mortuo,
239 2193 304 2235 uitauit,
312 2193 373 2234 euasit,
381 2193 468 2236 uitamque
479 2192 546 2226 diucius
556 2199 573 2226 et
585 2193 696 2228 innocencius
705 2205 746 2238 pro-

42 2243 107 2278 celauit.

213 2325 228 2361 li
239 2325 270 2357 Dn
281 2331 359 2359 vrsroun
370 2326 474 2358 Raoumru
486 2332 582 2358 uouncru.

43 2397 150 2472 Vidimus
157 2397 213 2429 uirum
220 2397 318 2440 religiosum
325 2397 395 2430 nomine
403 2388 520 2439 Radulphum,
528 2397 582 2431 sancti
591 2397 678 2431 Edmundi
686 2407 746 2430 mona·

106 2448 162 2481 chum.
185 2446 266 2489 Quicum
276 2457 287 2480 a
297 2446 384 2481 iuuentute
391 2446 426 2481 vite
436 2456 528 2491 sucusque
537 2447 560 2481 ad
572 2457 625 2482 canos
635 2446 652 2481 in
663 2446 746 2489 religione

43 2503 173 2541 perseuerasset,
186 2496 266 2540 iussuque
280 2498 351 2541 dompni
367 2497 435 2532 abbatis
451 2498 530 2541 Hugonis
544 2498 598 2533 altare
612 2497 666 2532 sancti
679 2497 746 2532 Thome
754 2507 775 2538 40

124 2586 129 2603 ¹
140 2585 173 2616 MS.
181 2585 294 2616 incessantibus
395 2577 403 2603 ²¹
411 2595 423 2616 r.
431 2585 473 2617 heus.
572 2584 578 2603 ¹
589 2585 622 2617 MS.
630 2595 665 2616 cum
