1762 2803
152 142 198 185 400
221 151 223 156 ,
344 128 424 181 nouo
439 126 556 190 tantona
571 126 663 190 nortio

152 249 204 283 Tunc
212 250 303 292 custodes,
311 260 359 283 nunc
367 253 440 293 reperto
448 249 520 292 captiuo
528 249 583 290 letati,
591 259 640 283 nunc
647 260 691 284 vero
699 249 757 293 ipsius
767 249 854 285 euasionc

152 303 242 343 commoti,
250 303 273 336 ad
281 302 370 345 templum
378 302 408 336 dei
416 313 490 336 cursum
496 302 617 343 instituerunt,
623 307 700 336 etsuum
706 305 854 339 commendatum

152 365 189 388 non
195 355 235 388 sine
243 365 292 399 pena
299 356 388 389 reducere
395 360 537 397 proposuerunt.
560 355 672 390 Intrantibus
680 361 741 389 autem
750 356 854 391 custodibus

152 413 169 442 et
175 407 268 442 hominem
274 408 356 451 arripere
361 407 499 450 destinantibus,
504 408 575 451 fragore
583 407 663 442 maximo
672 413 724 451 rupta
730 408 854 452 suntvincula,

134 472 143 501 5
152 461 254 503 captiuique
262 460 336 501 orantis,
343 472 384 495 cum
390 460 517 494 ammiratione
523 466 629 495 cunctorum
635 462 666 505 qui
672 462 761 503 astabant,
766 462 854 497 dissoluta

151 517 194 545 sunt
202 522 260 545 crura.
282 511 307 545 Vt
314 523 358 545 vero
366 522 429 545 rumor
437 512 518 546 miraculi
526 512 611 555 peruenit
618 514 641 546 ad
649 513 761 556 episcopum,
767 515 823 547 verba
831 516 854 548 de

151 565 238 599 miraculo
246 565 288 599 fecit
297 566 320 599 ad
329 565 428 609 populum3
444 570 462 599 et
472 576 527 609 quem
538 571 612 600 sanctus
621 565 757 604 ,Erkenwaldus
769 565 854 610 dignatus

151 624 179 653 est
187 618 289 660 absoluere,
297 618 390 662 prohibuit
397 618 474 652 arctius*
487 629 510 652 ne
521 619 603 662 predicto
615 618 684 651 homini
692 630 726 662 per
734 620 819 653 custodes
827 618 853 653 in-

151 670 252 705 iuriaretur.
276 671 348 713 Quanta
355 682 400 704 vero
408 676 451 705 tunc
459 676 536 714 sequuta
544 677 572 704 est
580 670 642 714 populi
651 671 742 713 exultatio,
751 677 854 715 quantaque

124 737 143 758 10
150 725 169 759 in
178 724 232 758 deum
243 724 310 759 eteius
321 724 406 759 dilectum
418 724 559 758 Erkenwaldum
571 724 644 768 prodita
655 729 683 759 est
694 723 778 766 laudatio,
787 725 853 760 nullius

150 777 241 821 eloquium
250 779 310 820 edere,
318 778 387 811 nullum
395 778 489 821 Ingenium
497 777 545 812 valet
553 778 661 822 excogitare.
706 770 789 812 Gloriosi
795 778 802 799 ²
809 790 853 813 vero

150 830 242 875 pontificis
256 830 384 874 solempnitate
397 831 434 865 iam
447 830 612 874 appropinquante,
624 832 674 864 iuxta
689 841 760 864 morem
776 831 853 867 ecclesie

150 882 280 919 denunciatum
292 889 320 918 est
332 883 435 918 uniuersis³
447 883 466 918 in
482 883 573 918 territorio
585 883 699 927 degentibus,
709 889 729 917 vt
740 885 853 920 secularibus

150 936 214 970 studiis
228 937 343 977 intermissis,
357 937 376 970 in
390 937 419 970 die
432 937 500 980 quam⁴
512 936 623 971 sanctissimi
637 937 695 980 patris
710 938 733 971 ad
747 938 853 981 paradisum

124 999 141 1031 15
150 988 239 1023 transitus
246 989 345 1032 insigniuit,
351 990 374 1022 ad
381 989 477 1023 ecclesiam
484 989 552 1022 Christi
557 989 677 1022 conuenirent
685 989 760 1032 suisque
768 990 853 1032 precibus

150 1054 171 1076 ac
179 1042 223 1075 tanti
231 1041 303 1086 patroni
312 1041 430 1075 Erkenwaldi
437 1040 507 1075 meritis
515 1045 552 1075 tam
564 1041 646 1085 corporis
654 1051 709 1086 quam
719 1042 779 1076 anime
789 1053 853 1078 neces·

150 1094 198 1128 saria
204 1095 287 1128 obtinere
292 1095 401 1128 laborarent.
422 1094 445 1128 Et
452 1105 494 1128 ecce
501 1094 574 1137 quidam
581 1094 643 1135 miser,
648 1094 700 1137 graui
705 1094 754 1128 fasce
759 1094 765 1113 ⁶
771 1101 852 1137 onustus,

149 1148 227 1182 occurrit
233 1148 298 1182 obuius
304 1148 376 1182 cuidam
382 1147 459 1182 ecclesie
466 1147 549 1186 ministro
554 1146 566 1190 ⁰,
572 1152 590 1181 et
596 1147 646 1181 iuxta
653 1147 758 1181 monasterii
764 1148 853 1192 parietem

149 1206 266 1240 exoneratus,
274 1201 322 1243 cepit
328 1200 419 1240 resistere,
425 1210 493 1233 vacans
499 1200 542 1243 quid
551 1199 628 1244 quisque
636 1200 745 1244 loqueretur.
769 1201 853 1235 Minister

122 1266 141 1286 20
148 1263 193 1288 vero
201 1253 283 1296 prefatus
290 1252 352 1286 verbis
360 1251 496 1286 ammonitionis
504 1251 534 1295 pie
542 1253 565 1285 ad
573 1252 634 1295 ipsum
641 1253 691 1296 loqui
697 1252 756 1296 cepit:
769 1253 825 1295 ‘Quis
832 1264 852 1287 es

148 1313 173 1348 tu,
181 1306 235 1339 honio
244 1305 354 1348 miserande,
363 1305 394 1349 qui
402 1305 431 1339 dei
439 1304 574 1340 misericordia⁷
583 1305 612 1339 et⁸
620 1305 678 1340 sancti
687 1304 803 1340 Erkeniualdi
810 1306 852 1349 plus

148 1359 188 1393 aliis
203 1359 308 1391 hominibus
320 1359 411 1401 indigens,
423 1363 441 1391 et
454 1359 477 1391 ad
491 1360 580 1397 orandum
593 1359 648 1392 deum
660 1359 782 1402 dilectumque
793 1359 852 1402 ipsius

149 1410 291 1445 Erkenwaldum
299 1410 339 1444 aliis
347 1409 492 1451 lestiuantibns⁹,
501 1415 520 1444 tu
530 1409 580 1444 solus
591 1420 628 1443 non
639 1410 739 1444 attendisi’
762 1410 798 1453 Qui
810 1421 852 1454 pro-

148 1470 200 1498 terne
215 1464 311 1508 respondit
317 1464 339 1497 ¹⁰:
357 1464 410 1497 ‘Vult
422 1474 452 1497 me
467 1463 600 1496 Erkenwaldus
614 1474 695 1507 pascere,
709 1464 725 1497 si
740 1463 780 1497 eius
795 1465 852 1508 gratio

121 1512 139 1565 ²¹5
149 1522 233 1562 questum
246 1527 307 1551 meum
320 1516 406 1560 incipiam
419 1517 514 1550 omittere?
529 1516 626 1549 ridiculum
638 1522 693 1558 esset,
705 1516 720 1549 si
732 1527 766 1560 ego
778 1518 852 1551 deserto

149 1570 208 1605 officio
220 1570 289 1605 victum
302 1581 312 1604 a
326 1574 388 1604 vestro
403 1574 481 1613 patrono
493 1575 616 1613 expectarem.
647 1569 674 1603 Ite
685 1569 740 1613 igitur
752 1575 769 1604 et
780 1575 851 1605 vestras

149 1623 204 1657 ferias
211 1628 320 1666 vestrasque
328 1622 428 1656 cantilenas
436 1632 477 1655 cum
486 1622 608 1655 Erkenwaldo
613 1627 675 1656 vestro
681 1623 721 1655 sine
727 1624 795 1656 inuidia
799 1624 852 1657 vobis

149 1676 220 1717 habete,
232 1681 250 1709 et
264 1685 311 1719 opus
323 1675 404 1708 virorum
416 1674 489 1707 fortium
500 1675 562 1717 ignaui
574 1675 627 1708 nobis
639 1675 746 1718 relinquite.’
769 1675 800 1708 Sic
811 1677 851 1719 ipse

148 1729 201 1772 quasi
209 1734 258 1762 esset
266 1728 344 1770 fugatus,
351 1727 432 1770 profecto
440 1728 475 1760 sub
481 1728 530 1760 omni
537 1726 634 1769 celeritate,
642 1738 697 1761 onere
703 1728 797 1762 subleuato
803 1729 851 1772 quod

120 1796 140 1825 30
148 1785 211 1814 contra
219 1780 337 1823 sepulchrum
346 1780 404 1814 sancti
413 1778 529 1813 Erkenwaldi
537 1784 589 1814 extra
597 1779 728 1813 monasterium
736 1781 851 1824 deposuerat,

147 1835 174 1868 sic
179 1839 208 1867 est
213 1832 311 1876 auersus¹¹,
318 1833 344 1866 sic
349 1833 419 1866 inviam
426 1842 490 1866 amens
497 1836 525 1865 est
530 1833 725 1876 progressus,quodad
731 1839 785 1875 caput
791 1834 850 1876 sepul·

147 1887 186 1921 chri
194 1886 289 1920 cuiusdam
297 1886 363 1919 mortui
371 1886 438 1929 pedem
446 1885 548 1927 offendens,
553 1885 572 1918 in
580 1885 675 1929 proprium
683 1890 737 1930 caput
743 1891 771 1920 est
777 1886 851 1930 prolap-

128 1978 130 1981 f
147 1949 184 1981 sus,
190 1944 208 1972 et
214 1938 281 1972 suimet
286 1938 339 1972 ruina
345 1942 478 1981 conquassatus
483 1941 501 1970 et
510 1939 606 1971 extinctus.
626 1938 716 1981 Cognouit
723 1939 784 1982 itaque
792 1950 851 1982 popu·

146 1994 175 2027 lus
184 1993 277 2026 hominem
285 1992 377 2026 infelicem
387 2002 421 2035 per
431 1989 572 2025 inobedientiam
580 1995 599 2025 et
606 1991 704 2026 verborum
715 1992 833 2036 petulantiam
839 1991 851 2011 n

119 2057 138 2087 35
147 2045 214 2080 summi
226 2046 291 2078 indicis
303 2044 394 2078 sententia
408 2049 485 2078 mortem
498 2044 588 2078 meruisse
602 2049 656 2087 atque
671 2045 770 2079 incurrisse
783 2046 851 2079 subita·

146 2108 206 2139 neam,
215 2098 259 2131 dum
267 2108 287 2130 se
296 2107 365 2140 suaque
373 2097 399 2130 sic
407 2101 482 2138 amaret,
489 2102 509 2130 vt
517 2097 648 2130 correctionem
658 2098 742 2139 irridens,
750 2098 769 2131 in
777 2103 851 2131 sanctos

146 2151 176 2185 dei
184 2149 313 2184 contumeliam
323 2160 399 2193 grauem
409 2149 516 2193 diuulgaret.
561 2142 649 2195 Quedam
657 2150 768 2185 venerabilis
780 2151 850 2192 mulier,

147 2204 247 2238 Benedicta
259 2204 338 2243 nomine,
347 2203 370 2235 ad
380 2203 438 2235 sancti
448 2202 536 2236 feretrum
546 2203 610 2237 diebus
620 2203 696 2246 singulis
705 2203 779 2238 veniam
788 2209 850 2247 postu-

145 2255 200 2297 labat,
207 2260 225 2289 et
233 2256 281 2298 quod
290 2260 354 2288 natura
362 2255 484 2296 subtraxerat,
491 2256 573 2288 obtinere
582 2255 699 2288 Erkenivaldi
707 2256 792 2298 precibus
799 2256 850 2298 ssagl-

117 2321 138 2350 40
146 2308 199 2344 tabat
222 2307 318 2351 Siquidem
330 2308 366 2341 duo
378 2308 460 2350 pessima
471 2308 525 2342 simul
537 2308 554 2343 ei
566 2319 577 2343 a
588 2308 681 2343 natiuitate
693 2309 817 2353 contigerant:
831 2313 850 2342 vt

145 2367 208 2407 preter
214 2371 289 2395 manum
297 2361 372 2404 aridam,
380 2371 435 2405 quam
443 2361 526 2405 gestabat
534 2371 555 2395 ac
563 2361 579 2395 si
587 2362 646 2396 adhuc
654 2363 718 2396 matris
724 2362 850 2397 vterofouere-

145 2422 179 2457 tur,
198 2416 256 2458 pugni
275 2419 359 2449 concreta
376 2414 472 2458 congeries
489 2420 507 2448 et
523 2415 620 2459 digitorum
636 2415 696 2459 pollici
713 2416 849 2460 suppositorum

145 2467 239 2511 integralis
255 2467 389 2511 conglutinant),
403 2478 469 2501 manus
485 2468 633 2501 obseruationem
649 2469 723 2511 penitus
739 2470 849 2512 denegaret:

165 2521 198 2554 1'T.
206 2526 253 2555 acius.
293 2525 327 2555 ²T.
335 2525 390 2562 glorio.
431 2525 464 2554 ΒΤ.
473 2525 490 2555 Ε.
498 2526 514 2555 in
522 2526 605 2556 uniuersis.
647 2526 722 2563 ¹E.qua.
762 2526 847 2556 ⁵Eisaste.

145 2564 240 2595 ⁵ominT.
271 2565 436 2594 ⁷T.misericordlam.
467 2565 559 2597 ⁸om.inT.
589 2565 765 2597 ⁹T.E.sestiuitatibus.
796 2567 807 2584 ¹⁰
818 2574 848 2597 oui⁴

145 2604 186 2635 inT.
217 2603 228 2622 ¹¹
240 2604 258 2634 Ε.
266 2614 317 2635 ausus,
348 2605 359 2622 ’²
370 2605 387 2636 Ε,
396 2604 504 2643 petulantium.
777 2609 779 2611 “
