1762 2803
137 140 180 188 412
207 174 209 178 .
327 124 644 192 natantianatantia.

138 254 194 290 multa
207 254 255 299 cepit
270 265 388 299 proponere:
407 264 473 298 graues
488 264 531 289 esse
546 254 594 288 illius
610 252 704 297 discipline
716 253 794 294 labores
807 263 839 289 sua

139 319 184 343 uero
200 310 246 342 dura
261 308 343 352 imperia,
355 318 391 351 que
407 307 474 341 nullius
488 307 540 341 facile
557 307 627 341 ualeret
642 306 719 350 implere
736 305 838 349 paciencia:

139 372 173 396 nec
186 363 284 404 temptaret
297 360 372 404 aggredi
384 361 432 404 quod
445 360 522 405 implere
535 371 572 393 non
585 364 653 404 posset.
677 359 710 393 Ille
725 369 769 392 uero
785 358 839 393 nichil

139 415 174 449 hiis
189 414 289 448 terroribus
306 419 371 455 motus,
387 424 461 448 omnem
478 413 604 448 obedienciam
623 412 705 457 polliceri
721 412 773 456 cepit,
790 416 810 445 ut
825 414 839 447 si

122 478 181 510 ¹reum
193 468 250 500 abbas
261 466 280 499 in
292 468 353 511 ignem
365 466 392 501 ire
405 468 515 511 preciperet,
528 467 596 500 intrare
610 477 646 499 non
660 471 758 500 recusaret.
781 464 839 507 Quam

139 522 187 556 illius
200 519 335 565 professionem
348 520 404 554 abhas
418 521 497 564 accepit:
514 526 532 554 et
544 519 563 554 in
576 520 668 554 fornacem
682 521 777 553 ardentem
789 518 840 553 illum

139 575 208 607 intrare
219 573 278 606 iussit.
301 573 336 614 Qui
346 583 380 605 nec
390 573 459 606 distulit
470 583 536 616 parere
546 579 639 615 precepto,
647 579 665 606 et
677 573 747 606 medias
757 572 840 606 flammas

139 625 194 660 nichil
206 630 300 659 cunctatus
312 624 419 669 ingreditur.
442 625 482 667 Que
494 635 543 666 mox,
555 625 618 659 audaci
630 625 667 659 fide
679 624 732 666 uicte,
743 624 793 657 uelut
805 623 841 658 illis

139 679 232 723 quondam
240 679 314 713 hebreis
324 678 392 722 pueris,
401 689 475 713 cessere
483 677 573 720 uenienti;
586 684 672 722 superata
680 684 744 712 natura
752 682 786 719 est,
797 676 841 720 fugit

113 745 132 766 ro
140 733 250 774 Incendium,
267 737 285 765 et
300 731 331 774 qui
346 733 444 774 putabatur
460 742 540 772 arsurus,
555 731 606 764 uelut
621 733 700 774 quodam
715 730 780 774 frigido
800 740 841 763 rore

140 784 225 829 perfusus
236 789 270 818 est.
318 777 413 829 ¹Quidam
425 784 487 817 itidem
499 785 522 817 ad
535 784 615 817 eundem
628 784 713 817 abbatem
726 782 841 827 recipiendus

140 838 222 879 ueniens,
231 842 249 871 et
260 848 318 882 usque
330 839 353 871 ad
365 843 468 871 extremam
480 838 593 881 pacienciam
605 836 730 871 obedienciam
742 836 842 880 pollicetur.

141 892 189 926 Casu
201 892 257 926 abbas
269 892 379 925 storacinam
391 892 462 935 uirgam
474 892 511 925 iam
523 891 595 935 pridem
610 891 679 925 aridam
692 901 747 925 manu
763 895 842 933 gestans,

141 946 181 980 solo
189 944 234 987 fixit,
243 950 261 979 et
271 944 297 978 illi
309 945 380 978 aduene
389 945 407 978 id
418 944 479 989 operis
489 944 567 989 imponit
576 949 596 978 ut
606 950 643 978 tam
655 945 685 978 diu
695 943 766 987 uirgule
777 953 842 987 aquam

116 1007 133 1041 1¹5
142 998 229 1040 irriguam
248 997 365 1037 ministraret,
381 999 444 1038 donec,
463 998 511 1040 quod
530 1003 593 1030 contra
611 1003 695 1030 naturam
714 1002 758 1037 erat,
774 996 843 1038 lignum

142 1050 213 1085 aridum
228 1050 333 1084 uiresceret.
359 1049 456 1084 Subiectus
471 1050 542 1084 aduena
558 1050 604 1083 dure
618 1049 664 1093 legis
679 1049 762 1093 imperio,
778 1058 843 1092 aquam

143 1103 223 1148 propriis
231 1102 312 1136 humeris
322 1113 332 1135 a
341 1103 388 1146 Nylo
397 1102 472 1135 flumine
481 1112 515 1146 per
523 1107 595 1146 septem
603 1102 680 1136 miliaria
687 1102 752 1135 cotidie
761 1100 843 1144 portauit.

142 1155 208 1191 Tercio
227 1156 301 1189 demum
320 1167 373 1197 anno,
389 1166 430 1190 cum
446 1167 506 1200 neque
521 1161 575 1190 nocte
590 1167 650 1199 neque
666 1157 695 1189 die
710 1154 795 1198 aquarius
814 1153 844 1188 ille

143 1214 229 1251 cessaret,
241 1210 293 1251 uirga
304 1209 335 1242 illa
348 1209 414 1242 florere
427 1208 481 1252 cepit,
493 1214 511 1242 et
525 1215 614 1253 quantum
626 1209 732 1243 obediencia
745 1207 811 1242 meruit
826 1213 844 1240 et

116 1275 134 1295 κο
143 1267 232 1307 quantum
241 1263 287 1295 fides
296 1262 359 1306 possit,
367 1263 447 1296 ostendit
453 1261 470 1304 ³.]

250 1333 295 1375 ³Dn
307 1351 378 1374 saucro
391 1333 519 1374 Eruauaanro
531 1351 579 1375 naon
592 1351 614 1375 ar
625 1341 726 1375 arammeh

183 1403 271 1437 Loriosus
291 1404 411 1438 Orientalium
430 1404 533 1447 Anglorum
552 1415 586 1438 rex
606 1404 729 1445 Ethelbertus‚
744 1403 845 1438 secundum

205 1457 312 1500 dignitatem
324 1456 381 1490 seculi
389 1457 442 1490 claris
453 1457 511 1490 extitit
521 1458 611 1490 natalibus
619 1458 718 1498 oriundus;
732 1467 755 1490 ex
763 1456 845 1499 antiquo·

144 1520 185 1544 rum
191 1520 256 1553 regum
264 1509 357 1543 nobilitate
365 1510 480 1553 conspicuus,
486 1510 568 1543 morum⁵
576 1510 672 1544 honestate
680 1510 781 1554 preclarus;
793 1514 846 1553 patre

144 1564 218 1607 quidem
230 1562 334 1604 Ethelredo,
343 1568 401 1597 matre
411 1574 456 1597 vero
466 1562 586 1597 Leoueromia
598 1569 656 1598 natus.
680 1563 703 1597 Et
712 1573 752 1597 cum
764 1561 846 1605 intelligi-

118 1627 136 1657 ²5
145 1616 192 1650 biles
199 1615 321 1660 processisset
329 1617 352 1649 ad
360 1627 424 1658 annos,
430 1617 506 1650 traditur
515 1616 644 1659 [sanctissime]
651 1617 657 1636 u
664 1617 730 1650 indohs
736 1626 783 1659 puer
790 1615 846 1649 sacris

145 1669 211 1702 litteris
219 1668 336 1701 erudiendus.
360 1669 443 1711 Cumque
451 1668 470 1701 in
478 1669 574 1712 disciplina
582 1670 682 1703 litterarum
689 1669 803 1712 profecisset,
811 1678 846 1701 non

146 1722 261 1764 voluptatum
272 1721 364 1756 illecebris
377 1721 459 1756 animum
470 1722 564 1766 implicare
575 1723 649 1765 curauit,
661 1723 694 1756 sed
706 1721 817 1755 orationibus
830 1725 847 1754 et

146 1773 253 1809 elemosinis
273 1775 375 1818 ceterisque
390 1774 477 1818 operibus
492 1775 545 1809 bonis
562 1780 598 1809 tota
617 1774 732 1810 solicitudine
751 1774 847 1809 insudauit.

146 1827 243 1864 Coetaneis
251 1827 290 1862 eius
298 1828 320 1862 ad
329 1827 382 1862 ludos
390 1828 500 1872 exercitatis,
508 1828 548 1873 ipse
556 1828 575 1863 in
584 1827 660 1864 ecclesia
668 1828 773 1863 conuersari
781 1827 848 1872 gaude-

118 1894 137 1923 50
146 1883 181 1916 bat.
206 1881 287 1915 Demum
299 1882 408 1916 adolescens
420 1882 484 1924 factus,
496 1886 514 1915 et
527 1887 579 1926 patre
593 1883 673 1924 orbatus,
685 1883 708 1916 ad
720 1882 772 1926 regni
783 1881 847 1916 solium

146 1934 259 1970 sublimatur,
283 1934 373 1969 Prouidus
386 1935 435 1970 enim
448 1940 487 1969 erat
499 1935 518 1969 in
530 1935 606 1970 consilio
611 1935 622 1978 ⁷,
635 1935 694 1969 iustus
709 1940 727 1969 et
744 1934 848 1969 misericors

146 1999 222 2032 semper
229 1988 248 2022 in
256 1988 324 2029 iuditio,
333 1994 351 2022 et
362 1994 469 2023 mansuetus
477 1989 496 2022 in
503 1990 565 2024 verbo.
588 1989 686 2023 ‘Parcere’
694 1988 745 2022 nouit
753 1988 848 2023 ‘subiectis

147 2049 165 2076 ct
173 2041 265 2075 debellare
273 2042 374 2085 superbos’
397 2042 476 2076 Matrem
484 2053 537 2075 suam
544 2042 630 2085 diligebat
635 2047 654 2075 vt
662 2043 766 2084 dominam
779 2048 797 2075 et
805 2051 849 2085 que-

147 2104 219 2136 cunque
228 2094 282 2128 matri
293 2094 396 2137 placebant,
404 2104 442 2127 non
452 2094 573 2138 displicebant
582 2095 621 2128 sibi.
645 2094 731 2128 Morietur
742 2096 816 2128 demum
827 2095 849 2127 ab

119 2157 138 2187 35
147 2145 232 2181 omnibus
242 2146 295 2188 regni
306 2145 334 2179 sui
344 2146 440 2188 nobilibus,
449 2146 506 2180 immo
514 2147 536 2180 ab
548 2147 640 2180 vniuersis
650 2148 725 2190 cogitur,
734 2152 753 2181 vt
760 2147 849 2190 virginem

147 2201 206 2241 ducat,
215 2199 238 2231 de
246 2209 282 2242 qna
290 2199 379 2232 heredem
387 2200 462 2243 proprio
471 2200 560 2233 suscitare
568 2200 627 2244 possit
639 2199 658 2233 in
668 2210 730 2243 regno.
753 2198 849 2243 Acquieuit

168 2256 171 2274 ¹
183 2256 206 2287 Cf.
214 2257 245 2287 Vit.
255 2257 297 2288 Patr.
305 2258 341 2294 823,
348 2257 392 2287 Vino.
401 2257 440 2288 Bell.
448 2257 508 2288 XVIII.
516 2269 539 2296 17.

166 2296 172 2313 ²
183 2297 243 2327 Collect
251 2299 267 2327 in
274 2297 292 2328 Τ.
301 2298 389 2336 (Antiphon
396 2298 486 2336 wanting):

168 2335 216 2372 Deus
225 2343 250 2380 qui
261 2343 302 2371 inter
313 2352 359 2380 reges
368 2342 456 2380 Anglorum
465 2343 527 2372 beatum
539 2344 646 2373 Ethelbertum
655 2354 708 2381 regem
718 2348 734 2373 et
744 2344 850 2374 confessorem

148 2388 191 2413 tuum
198 2383 247 2421 primo
254 2382 317 2412 sociasti
324 2392 373 2420 regno
380 2383 477 2421 angelorum,
485 2385 554 2414 concede
562 2384 641 2422 propicius
648 2388 665 2415 ut
673 2385 716 2415 cuius
724 2384 785 2424 (hodie)
793 2393 850 2415 memo-

147 2425 186 2453 riam
193 2432 287 2452 ueneramur
294 2424 310 2452 in
317 2423 369 2458 terris,
377 2424 411 2453 eius
419 2428 495 2461 perpetuo
502 2425 584 2454 consorcio
592 2425 659 2454 letemur
665 2425 680 2453 in
688 2425 730 2463 celis,
739 2434 772 2461 per.

167 2463 264 2499 ³Abridged
274 2463 314 2492 from
324 2464 351 2491 the
361 2463 398 2492 Vita
409 2464 425 2491 in
436 2463 469 2494 MS.
479 2464 523 2493 Nero
534 2465 551 2493 E.
559 2464 571 2494 1.
580 2464 607 2493 tot.
616 2474 646 2501 409
654 2465 745 2503 (fragment)
757 2464 788 2493 and
798 2465 814 2493 in
824 2463 850 2491 the

149 2503 233 2538 Speculum
238 2503 318 2531 historiale
323 2503 341 2531 of
346 2503 380 2532 Ric.
387 2503 469 2532 Cirecestr.
474 2504 490 2532 in
496 2504 529 2534 MS.
536 2503 571 2533 Cbr.
578 2504 590 2532 F
591 2503 600 2533 f.
607 2505 645 2533 1-28
651 2504 683 2542 (ed.
691 2501 752 2540 Mayor,
761 2503 811 2533 Roll's
817 2503 851 2532 Ser.

150 2542 193 2577 1863,
201 2542 213 2571 l.
221 2550 236 2578 p,
244 2542 280 2578 262)
288 2551 292 2576 3
302 2543 370 2570 another
378 2542 411 2570 Lise
419 2542 432 2571 is
439 2543 456 2571 in
463 2542 522 2573 Chron.
529 2543 605 2572 Bromton
612 2544 641 2580 748
647 2542 678 2580 (ed,
684 2543 700 2571 in
705 2543 724 2573 A.
731 2543 759 2572 SS.
768 2543 807 2572 Boll.
814 2543 851 2578 May

149 2579 168 2609 V.
174 2580 204 2619 72).
229 2580 360 2610 ⁴T.confessore.
381 2582 413 2611 ⁶N.
420 2591 440 2611 m.
445 2582 522 2619 prefulsit.
543 2580 548 2599 ⁵
557 2582 610 2618 soN.;
618 2592 648 2612 om.
654 2583 670 2611 in
677 2582 695 2612 T.
703 2582 721 2613 E.
747 2580 852 2612 ⁷T.concilio.
