1762 2803
61 96 200 137 assatas]
272 84 318 139 aa
333 81 370 136 b.
380 82 550 135 acromatum.
717 94 761 140 559

62 225 94 258 que
105 212 122 245 in
135 207 203 252 pascuis
216 205 315 240 acciderant
327 204 373 238 vxori
386 215 416 238 sue
429 204 516 239 referebat.
540 204 581 237 Post
595 209 661 246 septem
672 213 713 237 vero
726 202 763 237 dies

62 271 137 299 vnacum
144 257 232 297 infantulo,
237 266 282 290 nouo
287 254 351 290 Christi
357 254 416 297 milite,
421 255 507 298 quendam
513 253 610 298 angelicum
615 253 658 288 adiit
663 253 763 296 magistrum

62 313 130 350 nomine
141 309 231 342 Budocum
242 305 346 349 cognomine
357 306 441 348 Arduum,
449 306 524 341 sciencia
534 305 626 350 preditum,
636 304 703 339 iusticia
715 314 764 347 egre·

62 366 114 408 gium,
121 371 172 403 quem
180 358 231 392 velud
238 357 326 400 quoddam
332 357 464 391 fundamentum
472 357 616 400 columpnamque
623 355 696 390 ecclesie
703 355 764 388 firmis-

63 416 122 448 simam
134 409 181 443 cunti
189 407 253 451 pariter
259 413 301 439 tunc
308 407 391 449 temporis
398 407 497 441 credebant.
524 408 572 440 Dum
582 413 640 440 autem
653 405 684 440 iter
693 410 781 447 agerents

62 466 84 500 ad
92 461 164 497 insulam
172 469 205 502 que
216 459 283 492 Laurea
293 457 394 500 appellatur,
401 457 430 490 vbi
441 457 470 490 lux
481 456 521 491 fidei
532 454 620 500 predicta¹
628 456 710 499 fulgebat,
717 461 763 490 totus

62 513 133 555 caligine
145 510 194 554 polus
206 507 308 549 obuoluitur,
321 514 365 541 terra
378 508 441 550 tremit,
453 519 484 542 aer
498 509 593 549 choruscat,
607 508 650 542 freta
663 508 734 549 ferueut,
746 514 763 541 et

62 572 116 600 totum
128 560 196 595 turbine
209 565 227 592 et
238 558 279 601 igne
294 564 310 592 et
326 569 365 592 cum
376 558 416 592 niue
431 558 514 601 grandine
526 557 580 592 mixto
594 559 673 592 turbatur
686 558 763 602 pelagus,

62 622 148 656 totamque
160 611 206 644 circa
217 608 294 643 tenuisse
305 614 369 643 terram
380 615 454 652 putatur.
482 610 533 642 Pater
544 615 602 641 autem
613 614 662 641 tanta
672 619 691 641 se
703 609 764 642 uidens

63 660 162 697 circumdari
175 659 254 702 procella,
263 658 340 697 ‘Timeo,
351 658 412 701 inquit,
423 658 486 692 dilecte
498 659 536 699 deo,
548 669 570 691 ne
583 657 614 691 iter
625 664 702 691 nostrum
712 658 764 690 hodie
773 669 792 691 10

63 710 174 756 impediatur!
198 709 257 742 Infans
265 719 306 742 vero
314 709 348 741 leto
359 708 418 742 animo
428 709 516 742 exultans:
529 708 579 748 ‘Cur,
587 708 646 751 inquit,
654 714 703 751 pater
710 718 764 750 meus,

63 762 137 798 vereris?
160 761 200 803 Ipse
213 765 329 793 creaturarum
339 766 399 792 auctor
409 759 438 802 qui
450 764 501 792 cunta
512 770 550 792 cum
562 770 598 792 non
609 765 666 792 essent
678 758 724 801 fecit,
735 759 764 802 qui

63 816 117 849 celum
129 811 212 845 sideribus
226 810 293 851 dicauit,
305 816 369 843 terram
380 810 421 844 tiore
433 809 506 852 ornauit,
517 809 560 843 mari
574 809 666 843 terminum
680 809 764 853 inposuit:

63 864 105 899 aeris
113 873 180 907 quoque
192 860 271 894 iniuriam
280 862 346 901 sedare,
354 871 393 894 curn
401 861 448 903 velit,
458 867 476 895 et
486 861 534 903 ponti
545 866 601 903 potest
612 860 691 903 mitigare
698 860 765 894 fluctus.

64 917 109 948 Nam
116 912 169 945 nichil
176 911 275 944 timentibus
283 922 322 943 eum
330 911 389 944 deerit.
409 913 467 944 Vnum
475 922 515 953 ergo
523 917 549 943 est
557 911 679 951 necessarium,
685 918 703 944 vt
710 917 764 944 totam
774 923 780 945 r
783 923 792 954 5

64 965 81 996 in
91 963 119 995 illo
129 972 178 1005 spem
188 962 289 1003 habeamus,
298 967 315 994 et
325 961 343 993 in
353 961 389 993 eius
401 972 469 1005 semper
479 961 571 995 dilectione
581 971 688 1002 maneamus,
696 960 736 1005 quia
747 967 765 996 et

65 1015 100 1058 ipsc
112 1014 159 1057 prius
172 1013 230 1046 dilexit
242 1013 284 1047 nos.¹
308 1013 347 1047 Hec
360 1018 377 1047 et
390 1012 424 1046 alia
436 1012 490 1047 multa
504 1011 579 1046 dictante
592 1022 649 1054 puero,
663 1017 711 1055 patre
723 1023 764 1046 vero

64 1075 99 1098 rem
111 1064 129 1097 in
142 1063 193 1097 corde
206 1073 236 1097 suo
250 1062 302 1096 tacite
315 1062 434 1096 considerante
448 1062 526 1096 simulet
539 1061 647 1096 admirante:
665 1073 705 1097 ecce
718 1068 765 1096 totus

65 1115 119 1148 subito
127 1115 162 1146 sole
172 1120 265 1155 apparente
275 1112 304 1155 qui
312 1113 415 1146 velaniensis
426 1112 488 1145 dicitur
498 1123 554 1155 pagus
565 1112 634 1154 effulsit,
641 1119 659 1145 et
670 1112 708 1146 dies
719 1123 764 1147 sere-

65 1162 134 1197 nissima
141 1174 194 1205 vsque
206 1163 228 1196 ad
236 1173 326 1204 vesperam
337 1162 395 1195 illuxit.
418 1164 458 1195 Sole
469 1163 520 1204 igitur
530 1163 601 1195 tandem
612 1173 643 1204 per
654 1162 722 1195 climata
732 1163 792 1197 celiae

65 1214 127 1247 deuexa
134 1218 216 1254 vergente
224 1213 246 1245 ad
254 1211 340 1252 australia,
348 1212 423 1255 prefatus
430 1212 457 1245 vir
463 1212 542 1245 familiari
550 1223 589 1245 curn
597 1212 631 1245 iarn
639 1212 686 1245 dicto
694 1213 764 1246 doctore

65 1273 103 1296 vsus
114 1262 193 1306 alloquio,
203 1273 272 1296 ornnem
283 1261 348 1296 itineris
359 1263 385 1296 sui
397 1273 467 1296 causam
478 1262 555 1306 exposuit
566 1268 583 1297 et
595 1262 718 1297 difficultatem.
740 1263 764 1298 At

65 1314 123 1347 doctor
137 1314 214 1357 egregius
229 1314 282 1348 verba
299 1314 384 1348 narrantis
401 1314 467 1348 intento
484 1314 564 1348 hauriens
582 1313 656 1357 ingenio,
672 1324 764 1357 secumque

65 1365 121 1398 audita
133 1376 226 1407 parumper
238 1370 338 1406 retractans,
350 1366 439 1407 paruulum
453 1365 486 1398 sibi
499 1365 550 1398 acciri
563 1364 639 1408 precipit.
663 1365 694 1398 llle
707 1372 765 1398 autem

66 1421 123 1448 sancto
134 1415 214 1450 incitatus
226 1415 291 1459 spiritu,
299 1426 331 1450 nec
340 1426 389 1449 mora
399 1415 477 1450 concitus
488 1426 509 1449 ac
519 1415 534 1449 si
543 1414 621 1458 plurimis
632 1416 702 1450 inbutus
709 1415 764 1455 annis,
774 1424 792 1455 ²5

65 1466 131 1499 nemine
145 1468 217 1500 docente
229 1472 265 1499 toto
279 1467 296 1499 in
309 1472 372 1500 terram
384 1471 479 1508 prostratus
491 1476 562 1509 corpore
574 1465 598 1499 ad
612 1471 679 1499 tantum
692 1465 766 1499 accessit

65 1522 159 1557 patronum.
185 1518 235 1550 Tunc
246 1528 287 1550 vero
299 1517 386 1557 magister,
399 1516 458 1549 diuino
470 1516 552 1559 prouidus
564 1516 629 1560 spiritu,
643 1517 684 1549 talia
696 1527 766 1550 exorsus

66 1565 89 1599 sic
99 1573 164 1608 patrem
174 1567 222 1610 pium
231 1566 322 1610 alloquitur
331 1567 400 1600 dicens:
413 1568 498 1600 ‘Puerum
507 1578 558 1610 quem
568 1567 620 1600 michi
632 1566 766 1610 com[m]endas,

66 1616 114 1649 video
123 1618 200 1651 moribus
209 1618 330 1651 transcendere
341 1623 410 1658 etatem,
418 1623 435 1651 et
443 1617 503 1660 puerili
515 1617 532 1651 in
542 1618 598 1651 forma
608 1618 714 1659 grandeuum
726 1628 765 1651 con-

66 1666 117 1708 spicio
124 1668 179 1702 virum
187 1674 204 1701 et
212 1668 275 1710 ingenii
282 1668 376 1710 sagacitate
383 1667 442 1701 diuina
450 1667 484 1701 iam
492 1667 662 1710 sollertersapiencia
669 1668 765 1701 eruditum!
774 1678 794 1708 30

66 1717 104 1749 Hiis
112 1724 128 1751 et
136 1718 174 1751 aliis
181 1719 226 1752 inter
235 1729 254 1751 se
264 1717 352 1758 condictis,
360 1717 437 1751 eiusdem
445 1724 494 1760 pater
501 1718 604 1761 paruuli—si
612 1718 638 1751 fas
647 1724 673 1751 est
681 1717 714 1751 dici
726 1728 766 1761 par·

58 1767 122 1801 uulum
134 1768 162 1811 qui
175 1768 203 1802 dei
217 1768 333 1810 contemplatu
344 1768 379 1801 iam
389 1767 493 1811 conspicitur
504 1779 650 1810 magnus—mane
660 1778 766 1811 consurgens

66 1824 135 1861 accepta
148 1818 179 1853 viri
191 1819 219 1853 dei
233 1818 354 1853 benediccione
368 1830 398 1862 per
411 1818 457 1852 viam
470 1830 504 1862 qua
517 1825 587 1853 venerat
600 1830 681 1863 prospere
695 1821 766 1853 domum

66 1877 141 1903 reuersus
149 1876 180 1904 est.
203 1871 248 1904 Puer
259 1876 317 1904 autem
327 1870 388 1904 beatus
398 1869 476 1913 quamuis
487 1870 544 1903 adhuc
556 1870 649 1904 infantulus
659 1876 710 1911 esset,
718 1870 765 1903 nullo

66 1923 122 1952 tamen
134 1921 189 1962 primo
202 1921 279 1963 parentis
291 1920 332 1953 tedii
346 1921 423 1962 pulsatus
435 1930 502 1952 merore
515 1920 559 1952 sicut
571 1920 642 1961 quidam
657 1921 712 1953 solent
725 1931 765 1962 par·
774 1929 793 1959 35

66 1968 142 2002 uulorum
155 1981 195 2003 cum
208 1971 226 2003 in
237 1971 289 2004 scolis
300 1981 311 2003 a
322 1969 422 2012 parentibus
434 1969 519 2011 segregati
530 1970 625 2012 mittuntur,
638 1980 677 2003 cum
689 1970 766 2013 predicto

67 2018 146 2060 magistro
159 2020 226 2055 stabilis
239 2021 333 2064 permansit
346 2021 363 2054 in
378 2020 488 2054 monasterio.
516 2020 613 2064 Statimque
626 2022 658 2054 sub
668 2022 719 2055 vuius
731 2020 766 2055 diei

67 2069 147 2103 curriculo
159 2078 219 2105 cuntas
231 2071 286 2105 tocius
297 2071 405 2105 abbecedarii
416 2071 489 2113 pleniter
498 2071 577 2104 ediscens
584 2078 641 2111 notas,
653 2083 673 2105 ac
685 2071 724 2115 si[c]
736 2072 767 2105 de-

66 2117 110 2161 hinc,
118 2129 206 2156 crescente
213 2123 231 2155 in
239 2123 267 2156 illo
275 2133 358 2156 annorum
366 2132 442 2163 numero,
450 2122 534 2155 donorum
541 2122 602 2164 gratia,
610 2123 697 2157 uniuersos
705 2123 767 2158 veteris

67 2178 87 2200 ac
97 2180 140 2204 noue
151 2173 194 2213 legis
206 2183 245 2206 cum
258 2172 370 2205 sacramentis
383 2172 418 2204 suis
430 2172 448 2204 in
458 2173 509 2205 corde
523 2182 554 2204 suo
565 2173 662 2205 recondens
673 2183 767 2213 sermones,
775 2187 795 2216 40

66 2225 162 2255 sanctarum
173 2222 246 2256 eximius
256 2221 312 2255 factus
322 2227 349 2255 est
361 2221 424 2255 sciolus
435 2220 518 2263 perscitor
529 2221 657 2264 seripturarum.
680 2223 721 2256 Post
732 2233 767 2256 non

67 2266 134 2310 longum
146 2277 215 2315 tempus
227 2272 305 2315 predicto
317 2278 365 2315 patre
377 2271 459 2315 spirituali
474 2272 498 2305 ad
513 2273 599 2315 quendam
610 2273 667 2307 locum
681 2274 767 2308 oracionis

66 2320 122 2357 gracia
133 2326 237 2363 transeunte,
247 2322 348 2365 discipulis²
359 2328 416 2356 autem
428 2322 446 2356 in
459 2322 515 2356 insula
525 2323 594 2365 relictis,
603 2323 680 2366 magistri
692 2324 766 2358 obtesta-

67 2367 143 2405 cionibus
155 2374 262 2407 constrictis:
273 2383 317 2407 vuus
329 2383 387 2407 eorum
401 2372 460 2416 puerili
473 2373 530 2407 adhuc
541 2374 603 2408 florens
614 2380 665 2415 etate,
675 2385 706 2417 per
715 2376 767 2417 plana

67 2417 161 2455 discurrens
176 2434 216 2456 cum
231 2423 334 2466 quibusdam
348 2423 441 2457 leuioribus
455 2423 553 2457 ludentibus
568 2430 584 2458 et
602 2425 648 2458 senis
666 2425 766 2458 mandatum
774 2431 794 2461 45

67 2467 211 2515 obliuiscentibus,
226 2484 275 2507 crure
289 2474 374 2517 perfracto
390 2483 454 2516 magno
472 2474 561 2508 confestim
578 2484 619 2509 casu
637 2474 710 2508 afflictus
729 2480 755 2509 est
761 2486 766 2514 ;

185 2542 190 2559 ¹
201 2540 235 2572 MS.
245 2541 320 2580 predicte.
496 2540 503 2558 ²
514 2540 646 2581 asciscimus.
