1762 2803
132 111 176 166 458
208 176 209 180 Ἰ
323 110 403 162 utut
418 107 534 171 bromos
549 109 642 171 analio.

133 230 229 274 elatusque
240 231 259 264 in
271 231 344 274 antique
355 232 430 265 vesanie
440 242 473 265 sue
484 232 642 276 presumptionem
647 232 658 275 ¹,
667 242 703 275 qua
713 241 734 265 se
745 229 835 264 altissimo

134 283 172 317 fore
188 284 267 318 similem
282 284 403 328 promittebat,
420 284 513 319 Christum
528 295 549 319 se
564 296 606 319 esse
623 285 715 327 mentitur,
731 293 835 327 magnaque

134 337 234 372 demonum
253 338 365 382 constipatus
384 342 462 381 caterua,
477 339 584 382 angelorum
604 339 649 373 lucis
668 336 749 382 speciem
770 336 835 370 menti-

134 391 209 433 entium,
221 390 256 424 hiis
267 390 357 434 virginem
368 391 473 435 aggreditur
485 392 556 426 verbis:
570 391 632 434 ‘Veni
645 391 710 426 dilecta
723 400 770 432 mea,
782 388 835 424 veni:

117 455 126 485 5
135 444 177 487 quia
184 447 257 487 tempus
265 449 293 477 est
300 449 319 478 vt
327 444 418 488 percipias
426 444 596 479 immarcessibilem
607 451 670 479 eterne
678 445 735 489 glorie
743 453 836 485 coronam,

134 506 190 538 quam
203 497 326 539 promeruisti,
347 497 396 530 Veni
407 503 426 530 et
438 499 461 530 ad
473 499 542 541 pedum
552 508 635 532 meorum
647 499 744 541 prouoluta
754 497 837 538 vestigia,

135 558 190 592 quem
202 549 232 581 diu
244 550 353 583 desiderasti
364 550 425 584 adora.
448 549 544 593 Apparere
556 550 624 593 quippe
635 550 666 584 tibi
677 550 700 583 ad
711 550 746 583 hoc
758 547 807 581 volui
817 552 836 580 vt

135 610 170 642 me,
179 601 201 635 ad
210 611 265 644 quem
275 606 326 636 tanta
336 601 422 636 auiditate
431 602 520 645 suspiras,
528 603 547 636 in
555 603 588 636 hac
599 603 654 636 etiam
665 602 702 636 vita
712 600 783 635 mortali
794 611 837 634 con-

136 654 222 697 spiceres,
228 659 246 687 et
254 666 284 688 me
292 656 367 689 adorato
373 656 396 688 ad
402 661 491 699 perpetue
496 656 533 689 vite
539 656 671 699 com[m]0dum
678 657 748 698 absque
754 654 837 697 corporis

110 720 128 741 ιο
136 706 268 750 incom[m]odo
274 707 345 751 ingredi
351 708 467 752 preualeres.’
485 708 518 742 Cui
523 709 574 752 virgo
581 714 643 743 sancto
649 709 655 728 '³
661 709 725 742 edocta
731 707 796 751 spiritu
802 705 826 740 ait
833 717 837 740 :

136 759 200 803 ‘Quid
213 761 321 803 miserrime,
333 762 382 804 quod
395 772 431 796 non
445 761 507 801 habes,
517 773 551 796 nec
562 762 630 796 habere
640 773 673 804 pre
685 761 771 804 superbia
781 758 838 800 vales,

136 813 176 846 aliis
185 813 292 855 promittere
304 814 408 858 presumisi
431 814 478 856 Quid
486 814 518 846 tibi
526 824 568 846 cum
576 815 612 847 vita
623 813 726 854 immortali,
735 812 765 855 qui
773 812 839 845 viuens

137 870 221 900 mortuus
233 876 259 908 es,
272 871 290 900 et
304 876 382 901 manens
394 876 469 910 semper
480 866 499 900 in
512 866 605 901 interitum
620 866 704 910 vergis³?
723 865 761 899 Sed
774 869 791 898 et
804 873 839 907 ego

137 918 200 952 infelix
214 923 232 952 et
245 919 348 953 miserrima
360 921 452 962 peccatrix
464 920 548 953 interitus
561 920 587 953 tui
603 920 695 964 particeps
708 919 789 959 fuissem,
803 917 838 951 nisi

112 985 129 1014 ¹5
138 983 168 1004 me
180 972 302 1015 redemptoris
311 974 347 1006 mei
356 972 428 1014 Christi,
440 983 495 1016 quem
505 978 525 1005 tu
536 978 554 1005 te
565 983 606 1006 esse
618 972 706 1015 mentiris,
715 970 840 1005 misericordia

138 1025 254 1069 preuenisset
261 1025 272 1059 ⁴.
296 1025 338 1070 lpse
349 1027 398 1060 enim
410 1037 453 1069 spes
464 1037 506 1059 mea
517 1037 528 1059 a
539 1025 633 1060 iuuentute
646 1027 697 1059 mea!
721 1024 762 1058 Hec
774 1023 840 1057 humil·

138 1079 181 1113 lima
192 1078 268 1121 virginis
280 1079 337 1112 verba
349 1080 439 1121 superbus
450 1079 480 1112 ille
490 1089 528 1112 non
539 1079 633 1113 sustinens
643 1078 718 1123 spiritus
729 1078 808 1118 euanuit,
822 1081 840 1109 et

138 1140 201 1165 aerem
215 1131 284 1165 ululatu
304 1132 385 1165 horribili
398 1131 493 1174 fetoreque
507 1131 595 1174 pestifero
609 1131 698 1175 impleuit.
725 1130 782 1164 Beata
796 1140 840 1164 vero

138 1183 190 1228 virgo
202 1184 221 1217 in
233 1182 315 1217 oratione
330 1194 451 1227 perseuerans
466 1194 514 1228 equo
529 1190 568 1218 erat
583 1185 649 1225 animo,
661 1189 680 1218 et
694 1184 785 1227 intrepida
798 1193 840 1227 per-

112 1248 132 1269 ιο
139 1237 212 1271 mansit.
258 1229 301 1270 Nec
317 1238 367 1270 enim
379 1239 406 1271 sic
419 1236 505 1280 antiquus
520 1237 582 1280 hostis,
596 1238 638 1271 licet
648 1238 709 1271 victus
722 1241 740 1270 et
754 1235 841 1270 confusus

140 1289 256 1330 abscesserit,
272 1289 295 1321 ab
311 1288 454 1332 impugnationis
470 1300 503 1323 sue
516 1294 556 1322 arte
569 1289 644 1333 quieuit.
675 1289 747 1333 Regem
761 1298 841 1330 namque

139 1340 241 1386 Algarum⁶
249 1341 324 1385 virginis
335 1352 397 1375 amore
402 1341 495 1385 impudico
502 1346 569 1376 tactum
574 1342 681 1376 inflammat.
704 1341 740 1375 Hic
749 1341 798 1374 enim
808 1351 841 1373 rex

140 1394 279 1439 suggestionum
297 1395 366 1428 inimici
382 1396 461 1428 stimulis
476 1395 590 1436 furibundus,
606 1395 705 1429 concitatus
720 1393 797 1427 nuncios
813 1404 842 1427 ac-

140 1449 220 1482 celerare
232 1447 318 1492 precepit,
328 1449 359 1492 qui
371 1447 385 1481 F
386 1448 504 1482 rideswidam
514 1448 610 1490 adducant,
621 1453 639 1482 et
650 1447 743 1482 nolentem
755 1458 802 1490 eque
812 1446 842 1481 vt⁶

114 1514 132 1544 ²5
141 1503 233 1535 volentem
248 1511 348 1544 properare
363 1502 479 1543 compellant.
507 1501 545 1534 Nec
561 1512 612 1534 mora
627 1500 699 1534 nunciis
714 1501 737 1533 ad
752 1500 842 1542 virginem

141 1552 261 1595 venientibus,
274 1554 422 1596 voluntatemque
434 1555 483 1595 regis
497 1554 636 1595 declarantibus,
647 1553 752 1596 respondit:
766 1552 796 1585 ‘Si
807 1562 843 1594 me,

141 1604 204 1651 inquit,
215 1604 295 1639 hominis
307 1605 426 1640 contubernio
436 1604 570 1649 disposuissem
581 1606 656 1649 sociare,
667 1616 783 1650 nequaquam
794 1604 843 1648 regis

142 1659 206 1703 Algari
229 1659 347 1701 postulationi
369 1659 519 1692 contradicerem.
546 1659 600 1692 Nunc
619 1659 661 1702 quia
683 1658 722 1702 regi
745 1658 843 1691 immortali

142 1710 215 1745 Christo
224 1712 336 1755 desponsata
346 1722 393 1754 sum,
402 1711 520 1755 nephandum
531 1722 576 1746 sane
586 1711 665 1745 arbitror
672 1716 691 1745 vt
701 1722 723 1745 eo
732 1715 843 1753 contempto,

115 1777 135 1805 30
143 1774 240 1799 assensum
250 1764 321 1798 mortali
332 1765 419 1808 prebeam
427 1764 508 1808 peritura
518 1775 560 1798 cum
572 1764 623 1809 ipso!
647 1764 670 1798 Et
681 1764 719 1797 illi:
732 1764 784 1797 ‘Hec
794 1762 843 1797 enim

142 1823 160 1851 te
167 1817 248 1853 versutia
255 1817 318 1852 iuuare
326 1828 363 1851 non
372 1817 443 1861 poterit,
450 1818 536 1861 quoniam
544 1818 560 1851 si
568 1818 685 1862 acquiescere
691 1828 711 1851 ac
717 1817 844 1861 obtemperare

142 1872 191 1917 regis
199 1871 288 1906 voluntati
296 1871 383 1914 nolueris,
391 1872 414 1905 ad
422 1872 499 1916 lupanar
507 1877 564 1906 tracta
572 1872 640 1909 multas
649 1872 749 1906 sustinebis
757 1870 832 1905 iniurias
840 1883 844 1913 ;

142 1926 199 1959 inuita
211 1925 308 1958 lenonibus
320 1925 419 1958 ludibrium
430 1925 478 1957 facta
488 1930 506 1957 et
516 1924 637 1967 ignominiose
648 1929 735 1967 corrupta
743 1924 845 1965 doceberis,

143 1976 183 2011 sani
191 1975 255 2019 capitis
262 1986 299 2010 non
307 1986 349 2010 esse
358 1976 462 2010 huiusmodi
468 1975 537 2019 regiam
543 1980 674 2020 contempnere
680 1975 798 2020 dignitatem!
814 1975 844 2008 Ad

116 2042 135 2072 35
143 2030 177 2064 hec
184 2029 247 2072 virgo:
260 2029 343 2063 ‘Nullisl
353 2040 418 2063 reuera
428 2030 548 2073 pollutionum
558 2029 646 2073 contagiis
656 2028 775 2062 contaminari
785 2034 845 2073 potest

143 2093 215 2128 corpus,
231 2083 267 2116 nisi
282 2093 306 2117 ex
322 2092 414 2117 consensu
429 2083 507 2117 mentis)
532 2082 573 2117 Hiis
587 2081 655 2117 auditis
669 2093 711 2117 cum
724 2082 761 2117 vim
777 2081 845 2117 inferre

144 2137 231 2180 illamque
246 2146 312 2180 rapere
327 2140 418 2179 pararent,
434 2141 497 2170 sancta
510 2136 628 2179 Frideswida,
643 2137 666 2170 ad
682 2136 737 2169 deum
755 2140 846 2179 protecto-

144 2201 183 2224 rem
195 2200 249 2223 suum
260 2188 374 2232 confugiens,
384 2199 450 2233 preces
461 2200 504 2223 cum
515 2189 609 2223 lachrimis
620 2190 640 2223 in
651 2190 747 2223 excelsum
759 2189 846 2231 porrexit.

145 2243 168 2276 Et
183 2252 226 2275 ecce
241 2241 301 2275 subito
316 2241 377 2274 nuncii
393 2243 461 2275 amisso
476 2242 550 2284 lumine,
566 2243 588 2277 ab
604 2241 675 2276 iniuriis
691 2242 739 2275 illius
757 2241 846 2276 desistere

117 2305 137 2334 4⁰
145 2296 279 2337 compelluntur
292 2295 322 2328 vel
337 2295 395 2327 inuiti.
417 2294 533 2328 Concurrunt
546 2295 626 2338 undique
642 2296 665 2328 de
681 2296 759 2336 ciuitate,
772 2299 847 2338 stupent

103 2366 105 2370 .
144 2348 225 2383 vniuersi
242 2353 352 2391 pauentque,
368 2357 389 2380 ac
408 2347 486 2389 pedibus
502 2346 578 2391 virginis
597 2358 630 2390 pro
649 2351 778 2381 excecatorum
798 2358 847 2381 com-

145 2399 231 2444 passione
246 2400 343 2443 prouoluti,
356 2404 376 2432 vt
389 2398 429 2432 eius
445 2399 530 2444 precibus
546 2400 609 2433 lumen
624 2400 727 2444 reciperent
741 2399 848 2443 suppliciter

145 2454 265 2498 postularunt.
288 2454 334 2488 Cum
350 2458 411 2487 autem
423 2453 476 2497 virgo
491 2463 524 2496 pro
538 2455 564 2487 eis
580 2464 646 2497 preces
658 2453 681 2488 ad
696 2454 751 2487 deum
765 2452 847 2496 fudisset,

165 2522 554 2560 ¹soSB.;Boll.presumptionissuevesaniam.
575 2522 605 2552 ἏΕ,
613 2527 671 2552 sancta.
699 2522 791 2558 ³E.virgis
818 2521 847 2552 ⁴E.

146 2562 249 2601 peruenisset.
276 2562 377 2591 ³Heisrex
385 2562 593 2592 LeicestrensiuminN.L.
620 2562 703 2592 ⁰Boll.ae.
729 2561 816 2592 lanulis.
