1762 2803
279 115 325 172 Bt
340 114 440 169 sonno
454 114 601 171 Dunstano.
748 115 791 170 283

91 248 208 282 tenebrarum
220 248 311 289 venimus,
323 253 341 282 et
352 257 396 281 ecce
407 246 490 281 aduersis
501 244 663 290 imprecationibus
674 245 711 279 tuis
722 245 792 279 confusi

92 298 185 334 redimus!
208 300 293 344 Cumque
303 299 334 333 ille
343 299 469 342 depromende
476 298 558 332 veritatis
566 301 675 341 preceptum
683 297 793 331 demonibus

92 351 186 395 indiceret,
196 352 284 398 agnoscit,
293 351 373 385 animam
384 350 434 395 regis
444 349 526 394 angelica
535 350 603 385 virtute
614 349 650 384 illis
663 349 759 389 sublatam,
770 348 793 383 ad

92 410 179 439 statutum
189 406 290 441 terminum
301 405 336 439 sub
347 404 441 449 signaculo
452 410 549 447 seruatam,
558 404 604 437 nihil
614 403 659 437 iuris
671 403 691 437 in
702 403 751 436 illam
762 403 794 436 de·
817 424 819 427 v

92 468 157 492 mones
165 459 238 500 habere,
246 459 280 493 sed
291 458 310 492 in
318 463 387 493 sortem
395 457 516 502 penitentium
524 457 626 492 animarum
635 457 713 492 eandem
722 457 794 491 cedere.
803 465 811 496 5

93 511 145 544 Tunc
156 511 187 545 ille
198 512 283 546 exultans
294 511 313 544 in
326 510 405 551 domino,
417 510 488 544 furores
500 510 573 544 illorum
585 510 616 544 tali
629 509 699 544 ratione
711 520 794 554 compes·

94 563 140 598 cuit:
153 563 217 605 ‘Quid
225 563 289 607 inquit,
296 563 369 597 iniusti¹
379 568 439 597 actum
451 567 478 597 est
486 562 552 597 vobis?
573 562 593 597 Si
601 563 683 607 peccauit
694 563 750 597 homo
759 562 795 596 iste

93 616 112 648 in
121 615 220 659 Christum,
228 621 246 650 et
253 616 272 649 in
280 627 310 650 me
318 616 400 660 peccauit
408 628 412 649 :
424 616 458 649 sed
466 615 552 660 quoniam
559 626 610 650 meas
618 620 694 660 propter
701 615 794 650 Christum

94 668 155 703 dimisi
163 668 243 711 iniurias,
249 669 318 704 dimisit
326 674 344 704 et
352 680 395 703 suas
403 669 492 710 Christus,
500 680 541 703 cum
550 669 589 703 eius
598 680 632 713 ego
640 668 756 703 clementiam
764 669 795 702 de-

94 729 179 764 precatus
189 732 235 756 sum.
259 722 312 764 Quod
321 732 365 765 ergo
374 721 458 755 Christus
468 727 486 755 et
497 733 532 765 ego
542 721 611 765 dignati
623 732 687 755 sumus
695 722 796 755 clementer
804 730 823 752 ro

94 773 195 817 indulgere,
203 785 236 809 vos
245 785 280 818 qua
287 774 390 808 temeritate
400 774 471 807 audetis
478 774 562 818 improbe
570 774 708 818 reprehendere
715 775 731 808 t'
755 773 796 816 Qua

95 827 186 861 sententia
194 828 268 872 spiritus
276 827 356 871 maligni,
364 826 416 871 quasi
426 826 491 871 sagitta
498 826 587 871 percussi,
595 826 645 861 velut
652 837 715 861 musce
722 838 733 861 a
740 832 796 861 vento

95 885 147 923 rapte
159 880 256 915 dissiliunt.
301 874 396 914 Defuncto
408 879 524 913 londoniensi
538 879 631 924 episcopo,
641 885 705 923 rogatu
717 879 767 923 regis
778 885 796 913 et

95 932 199 977 principum
211 933 319 967 Dunstanus
329 932 447 966 successione
458 932 542 975 donatur,
552 943 563 965 a
575 931 646 966 ciuibus
656 932 718 966 vrbis²
729 932 797 977 impor-

95 985 145 1019 tunis
152 985 227 1021 vocibus
235 997 303 1020 nomen
310 985 359 1019 illius
367 985 483 1019 acclamatur.
506 984 571 1029 Neque
578 984 630 1019 illum
641 984 687 1019 iuuit
698 984 797 1027 excusatio,
806 995 824 1026 ¹5

96 1049 187 1071 canonum
197 1039 304 1073 auctoritate
314 1044 407 1082 pretensa,
416 1037 447 1081 qui
458 1038 504 1071 duas
516 1037 604 1071 ecclesias
614 1037 646 1071 vni
658 1038 745 1082 episcopo
757 1037 797 1071 fieri

96 1100 152 1133 posse
162 1092 210 1125 non³
219 1091 332 1135 permittunt.
355 1090 423 1133 Sicque
430 1090 502 1133 utrique
510 1089 593 1130 ecclesie,
601 1090 717 1125 londoniensi
728 1090 798 1124 scilicet

97 1148 115 1176 et
123 1142 249 1186 Wigorniensi
256 1142 359 1187 presidens,
367 1147 463 1185 utramque
471 1153 543 1185 regens,
551 1141 646 1185 utriusque
654 1142 740 1186 proprius
748 1141 798 1185 epis-

97 1206 154 1239 copus
163 1195 201 1230 fuit.
224 1196 292 1240 Sicque
303 1195 383 1239 gladium
392 1195 444 1229 Pauli
452 1195 520 1238 habuit,
528 1204 584 1239 quem
592 1194 626 1228 sibi
634 1195 745 1229 destinatum
754 1194 797 1228 olim

97 1249 138 1292 ipse
149 1249 213 1283 detulit
225 1255 243 1284 et
255 1250 279 1283 ad
291 1248 399 1283 diuidendos
413 1248 490 1282 ecclesie
503 1248 587 1282 inimicos
600 1248 706 1283 habendum
719 1248 798 1282 tradidit.
807 1260 826 1282 ro

99 1294 176 1335 Mortuo
184 1313 256 1346 quoque
264 1301 401 1345 archiepiscopo
410 1301 481 1343 Odone,
489 1311 530 1334 cum
538 1311 572 1334 rex
581 1300 697 1335 Dunstanum
705 1300 798 1335 adiuraret

97 1359 117 1388 vt
124 1354 301 1399 archiepiscopatum
309 1360 395 1396 sumeret,
402 1364 436 1388 nec
443 1353 474 1387 ille
482 1353 572 1387 adiuranti
578 1353 615 1387 vlla
623 1352 692 1388 ratione
700 1363 798 1388 assensum

97 1408 193 1451 preberet;
204 1408 289 1443 Elsinus⁴
296 1407 424 1442 wintoniensis
432 1406 536 1450 episcopus,
542 1406 611 1450 paratis
619 1406 712 1441 aduocatis
720 1417 798 1450 quorum

98 1470 164 1493 manus
179 1460 293 1504 impleuerat,
306 1465 391 1503 surrepto
403 1459 452 1502 regis
464 1459 523 1492 edicto
537 1459 654 1492 Cantuariam
669 1459 751 1492 intrusus
766 1464 799 1492 est.

99 1512 135 1546 Hic
151 1511 200 1546 enim
214 1518 231 1547 et
246 1518 289 1547 ante
301 1512 386 1546 Odonem
397 1511 574 1556 archiepiscopatum
586 1510 682 1553 ambierat,
693 1512 726 1546 sed
738 1517 800 1546 custos
809 1524 827 1555 ²⁵

99 1564 176 1600 ecclesie
187 1576 220 1600 sue
234 1565 317 1600 Christus
329 1564 447 1599 ambitionem
457 1564 506 1599 illius
516 1563 633 1609 impediebat.
655 1563 728 1599 ⁵Primo
739 1564 801 1609 itaque

99 1619 148 1662 apud
157 1618 273 1653 Cantuariam
286 1618 400 1662 exceptionis
411 1628 445 1651 sue
456 1617 486 1652 die
498 1628 534 1651 non
544 1616 632 1651 abstinuit
645 1617 690 1660 quin
701 1622 801 1661 conceptas

99 1676 162 1705 mente
170 1671 226 1706 furias
234 1676 338 1714 euomeret;
347 1676 365 1705 et
373 1670 455 1705 tumbam
463 1670 511 1705 beati
517 1669 587 1704 Odonis
595 1669 674 1713 pedibus
681 1670 758 1714 pulsans
766 1669 801 1704 ait:

100 1723 193 1757 ‘Pessime
201 1735 265 1766 senex,
269 1724 350 1758 animam
358 1723 438 1757 effudisti
446 1735 450 1757 :
462 1733 504 1757 sero
512 1722 557 1757 satis
565 1728 583 1757 te
591 1722 662 1756 meliori
670 1723 731 1757 locum
736 1722 802 1757 fecisti.

100 1776 164 1819 Itaque
175 1778 224 1819 quod
235 1777 267 1810 diu
279 1776 380 1819 concupiui,
390 1781 407 1809 te
421 1775 478 1809 inuito
490 1781 556 1808 teneo:
567 1776 617 1808 vnde
627 1774 659 1808 tibi
670 1776 728 1809 malas
740 1781 802 1818 grates
810 1788 830 1817 30

100 1829 144 1872 ago'
167 1828 214 1863 Cum
225 1834 286 1863 autem
297 1828 351 1863 cubili
360 1839 381 1862 se
391 1828 478 1870 dedisset,
485 1827 530 1862 vidit
543 1827 591 1862 beati
599 1827 670 1862 Odonis
678 1828 758 1872 effigiem
769 1827 802 1862 im-

100 1890 201 1924 properare
209 1881 314 1923 conuitium,
322 1880 388 1914 minari
396 1880 494 1924 exit[i]um.
517 1880 550 1914 Ille
558 1891 608 1922 vero,
614 1880 645 1924 qui
651 1880 728 1915 volatico
735 1880 802 1914 fantas-

100 1939 149 1968 mate
159 1945 180 1968 se
190 1936 264 1978 putabat
274 1934 341 1976 deludi,
349 1935 372 1968 ad
383 1934 509 1977 recipiendum
520 1934 596 1977 pallium
607 1934 685 1968 Romam
695 1934 760 1978 pergit,
768 1943 802 1977 per

101 1987 159 2031 Alpes
169 1987 251 2021 transiit:
263 1987 294 2022 vbi
306 1987 361 2021 niuali
372 1986 440 2030 frigore
452 1987 564 2030 congelatus,
575 1991 733 2021 exenterratorum
745 1997 802 2029 equo-

101 2050 142 2073 rum
157 2039 269 2082 spirantibus
284 2040 344 2073 adhuc
359 2039 406 2073 extis
421 2040 480 2083 pedes
495 2040 561 2083 quibus
578 2040 660 2073 tumbam
676 2039 746 2073 Odonis
761 2038 803 2082 pul·
810 2047 829 2078 35

101 2096 174 2126 sauerat
185 2091 261 2125 inuoluit
267 2091 279 2133 ⁶,
293 2096 311 2125 et
322 2091 348 2125 sic
359 2091 428 2125 misere
438 2091 517 2134 interiit;
528 2091 589 2135 utqui
601 2091 624 2124 ab
636 2101 697 2125 amore
707 2090 802 2125 celestium

101 2144 194 2187 friguisset
205 2144 224 2178 in
236 2144 296 2185 corde,
308 2154 342 2187 per
353 2143 425 2187 frigoris
439 2143 556 2187 asperitatem
570 2142 638 2186 periret
649 2142 668 2176 in
680 2153 768 2186 corpore;
784 2148 803 2177 et

102 2197 133 2242 qui
148 2196 218 2231 alienos
230 2197 311 2238 honores
324 2196 394 2231 ambire
407 2195 557 2241 presumpsisset,
570 2195 611 2239 ipse
623 2194 642 2229 in
655 2195 714 2230 aliena
727 2195 803 2239 regione

102 2256 191 2292 mortuus,
206 2251 296 2285 honorem
312 2249 381 2294 pariter
397 2256 416 2285 et
434 2249 490 2284 vitam
505 2248 600 2284 amitteret.
651 2240 721 2283 lterum
737 2260 803 2294 preces

103 2305 200 2339 Dunstano
215 2305 238 2338 de
254 2303 410 2347 archiepiscopatu
425 2303 531 2345 funduntur,
546 2313 580 2336 nec
595 2302 692 2346 quicquam
708 2303 727 2337 in
742 2303 803 2338 animo
812 2314 832 2344 40

103 2358 151 2393 illius
159 2367 261 2393 consensus
270 2362 373 2401 operantur.
396 2356 513 2400 Quapropter
521 2354 650 2391 Berthelmus³
662 2355 804 2392 Dorsetensium

103 2411 201 2455 episcopus
212 2412 235 2445 ad
247 2409 421 2454 archiepiscopatum
433 2414 549 2453 assumptus;
566 2414 584 2443 et
595 2414 637 2453 post
648 2420 717 2453 paucos
729 2410 770 2445 dies
781 2411 804 2445 ad

103 2469 174 2498 tantum
182 2474 229 2497 onus
239 2464 300 2496 minus
307 2463 384 2496 idoneus
392 2462 489 2503 inuentus3
498 2472 536 2494 non
546 2461 587 2494 sine
594 2463 706 2496 verecundia
717 2463 771 2497 rediit
781 2463 805 2496 ad

124 2525 170 2556 ¹Vit
178 2527 241 2557 iniuste.
283 2525 382 2555 ²E.verbis.
423 2524 518 2555 ³om.inT.
558 2523 595 2554 ¹111.
604 2524 675 2556 Elffiuus.
723 2525 805 2556 Μ110111

105 2566 164 2597 Chron.
173 2566 250 2597 Bromton
257 2575 276 2597 or
283 2565 348 2604 Higden
354 2564 382 2596 Vl.
443 2563 449 2582 ⁶
459 2564 477 2595 E.
486 2563 592 2596 berthelinus.
