1762 2803
132 146 177 202 ate
193 151 268 205 putto
284 142 389 206 bucone
405 151 420 195 e
435 143 525 204 aanor
542 141 658 197 neutro.
716 158 745 202 39

45 271 74 307 die
80 273 149 308 octauo,
157 276 215 311 penas
223 265 273 299 iuxta
281 264 347 299 merita
353 269 479 308 percepturus.
496 264 526 298 Tu
533 269 595 299 autem
599 263 717 309 proficiscere
722 264 746 297 ad

45 321 140 359 eeclesiam
146 329 207 353 meam
214 318 262 362 apud
268 316 392 360 Bethleem,et
398 318 502 361 conspectis
506 316 531 351 ibi
537 317 596 352 tribus
600 316 709 362 sepulchris,
714 316 747 351 tibi

45 375 125 412 medium
134 372 196 416 eliges.
220 371 296 405 Interim
305 381 349 405 vero
361 370 411 404 omni
420 370 465 405 feria
473 376 538 414 quarta
549 370 597 404 circa
604 369 669 404 horam
677 380 746 404 nonam

45 427 117 464 deficiet
121 426 140 460 in
147 431 165 460 te
173 423 249 469 spiritus
257 428 304 466 tuus,
312 428 330 457 et
338 423 423 457 decurret
432 423 455 457 ab
466 434 498 458 ore
509 428 540 457 tuo
551 428 569 457 et
577 423 652 458 naribus
661 422 746 466 sanguis;

45 487 63 516 et
75 489 134 523 vsque
146 478 169 511 ad
181 487 249 510 nonam
263 475 334 510 sabbati
346 475 396 510 velut
409 481 481 510 mortua
493 475 617 519 permanebis,
628 481 646 510 et
658 481 701 510 tunc
714 474 764 521 tibi5

45 532 120 577 spiritus
128 536 169 565 tuus
177 529 294 564 restituetur)
317 528 423 570 Hiisdictis,
429 529 482 563 beata
488 528 541 572 virgo
547 528 646 572 disparuit:
657 533 676 562 et
681 527 748 562 mulier

45 586 83 620 viro
97 594 130 618 suo
143 583 249 626 sompnium
265 580 362 615 enarrauit.
385 580 421 623 Qui
433 581 489 615 fidem
502 591 539 615 non
551 580 646 621 adhibens,
658 591 695 614 vna
706 590 748 615 cunr

45 638 88 680 filio,
95 641 115 671 vt
123 635 228 681 predicitur,
236 634 318 670 debitum
330 633 394 669 mortis
406 633 500 678 persoluit.
523 633 590 669 Mulier
601 639 663 668 autem
675 643 748 668 summo

46 689 128 735 pontifici
139 693 205 722 cuncta
216 699 251 731 per
263 687 348 721 ordinem
362 686 448 721 consessa
460 693 501 721 est:
513 688 574 730 quiin
586 687 622 720 hiis
634 686 701 720 certior
708 686 749 720 heri

46 743 115 782 volens,
124 739 221 773 duodecim
230 739 319 772 matronis
327 749 368 772 eam
379 739 520 781 commendauit,
528 739 634 782 precipiens
641 744 661 773 vt
669 748 710 773 cum
719 737 749 772 illa
758 753 777 776 10

46 794 142 828 deficiente
155 791 220 836 spiritu
233 790 351 831 obdormiret,
364 791 432 835 plantis
446 791 487 826 eius
498 791 568 825 sermm
581 790 684 834 infigerent,
695 796 714 824 et
725 790 749 825 de

46 846 135 889 sanguine
143 846 165 878 ab
174 855 206 878 ore
214 849 232 878 et
239 844 315 878 naribus
323 843 393 877 iluente
401 843 471 887 aliquas
478 849 541 877 vestes
547 842 665 888 intingerent.
677 842 749 885 Quibus

46 904 65 932 vt
76 899 147 932 iussum
158 897 217 931 suerat
229 896 331 940 completis,
339 907 374 931 nec
382 896 401 931 in
409 895 534 940 perforatione
544 896 649 941 plantarum
656 902 685 930 est
694 901 749 938 mota,

47 962 80 985 nec
92 950 165 984 iniectio
173 950 280 984 vestimenti
291 960 302 983 a
314 948 403 994 sanguine
415 949 435 983 in
448 949 529 992 sabbato,
540 960 615 984 reuerso
627 948 691 994 spiritu
703 949 749 993 eius,

48 1008 119 1048 poterat
126 1013 217 1048 apparere
222 1003 234 1037 ¹.
302 1018 305 1023 ·
472 1023 473 1026 =
759 1018 777 1049 ¹5

175 1130 233 1174 ilDE
245 1146 307 1171 PUERO
319 1129 405 1171 HUGONE
416 1147 430 1171 A
440 1146 503 1172 IUDEIS
514 1136 631 1170 CRUCIFOEO'.

87 1211 129 1244 Nno
138 1215 200 1244 autem
208 1210 279 1244 domini
287 1209 385 1244 millesimo
393 1210 518 1245 ducentesimo
523 1209 675 1255 quinquagesimo
682 1209 751 1255 quinto,

108 1264 156 1297 circa
161 1263 230 1297 festum
236 1263 360 1307 apostolorum
367 1263 416 1297 Petri
424 1269 443 1298 et
449 1263 506 1306 Pauli,
513 1263 565 1297 iudei
571 1263 666 1297 Lincoinie
671 1274 750 1307 puerum

47 1328 104 1351 vnum
112 1316 167 1349 furati
175 1321 222 1358 sunt,
230 1315 306 1350 nomine
315 1315 421 1359 Hugonem,
427 1321 468 1350 octo
474 1326 565 1350 annorum
571 1321 639 1351 etatem
646 1316 751 1351 habentem.

48 1370 72 1403 Et
80 1379 121 1402 cum
129 1369 190 1412 ipsum
195 1368 215 1402 in
221 1369 300 1411 quodam
307 1368 388 1403 conclaui
397 1368 521 1403 secretissimo
527 1369 643 1403 lacteetaliis
650 1368 751 1412 puerilibus

48 1421 142 1455 alimentis
151 1420 247 1461 nutrirent,
253 1421 345 1454 miserunt
351 1421 374 1454 ad
381 1431 447 1454 omnes
453 1419 492 1455 sere
497 1420 564 1463 Anglie
571 1420 654 1455 ciuitates
661 1420 680 1454 in
685 1420 751 1464 quibus
760 1436 780 1458 ιο

49 1473 100 1507 iudei
118 1472 216 1516 degebant,
227 1477 245 1506 et
258 1477 382 1507 conuocarunt
394 1473 418 1508 de
431 1484 541 1518 vnaquaque
553 1472 625 1507 ciuitate
638 1473 708 1517 aliquos
721 1473 751 1507 Iu-

48 1526 130 1569 deorum,
137 1531 162 1567 vt,
174 1526 193 1559 in
204 1526 333 1561 contumeliam
341 1531 359 1560 et
367 1526 486 1571 obprobrium
495 1526 550 1561 lhesu
559 1525 632 1567 Christi,
640 1526 751 1561 interessent

48 1579 137 1613 sacrificio
152 1589 186 1613 suo
203 1578 303 1613 Lincoinie.
326 1579 434 1614 ‘Habebant
449 1579 504 1622 enirn,
519 1585 538 1613 vt
554 1579 644 1622 dicebant,
659 1581 751 1623 quendam

48 1642 126 1674 puerum
146 1631 273 1665 absconditum
292 1633 315 1666 ad
332 1631 486 1677 crucifigendum.¹
514 1631 538 1666 Et
557 1633 672 1677 congregatis
690 1632 752 1667 multis

50 1683 150 1726 Lincoinie,
158 1686 353 1719 constitueruntvnum
360 1685 438 1720 ludeum
444 1695 478 1729 pro
486 1685 550 1728 iudice,
555 1690 642 1729 tanquam
650 1695 684 1729 pro
689 1684 752 1719 Pilato.
761 1700 780 1730 ¹5

51 1735 107 1770 Cuius
118 1736 185 1770 iudicio
196 1742 215 1770 et
226 1737 310 1772 omnium
320 1737 383 1772 iauore
390 1737 467 1772 aflectus
474 1742 502 1772 est
509 1747 557 1782 puer
564 1733 643 1771 diuersis
650 1737 752 1772 tormentis.

49 1787 163 1823 Verberatus
171 1795 266 1832 estusque
274 1790 297 1823 ad
303 1800 388 1824 cruorem
395 1795 414 1825 et
421 1791 504 1831 lluorem,
512 1790 571 1832 spinis
582 1795 685 1832 coronatus,
693 1790 753 1833 sputis

50 1844 68 1872 et
80 1840 174 1874 cachinnis
181 1841 283 1883 lacessitus,
291 1841 321 1876 et³
331 1853 342 1877 a
352 1841 430 1887 singulis
437 1847 516 1886 punctus
524 1841 601 1877 cultellis
606 1842 618 1885 ⁴,
625 1847 698 1887 potatus
705 1842 753 1885 felle,

50 1892 122 1927 derisus
137 1894 210 1938 probris
222 1899 241 1928 et
252 1894 383 1939 blasphemiis;
398 1900 416 1930 et
429 1895 494 1931 crebro
506 1895 529 1930 ab
543 1895 614 1930 eisdem
626 1895 753 1931 frendentibus

49 1946 88 1979 suis
96 1946 181 1981 dentibus
190 1948 257 1982 Ihesus
264 1949 435 1993 pseudo-propheta
443 1949 534 1984 vocatur⁶.
555 1949 579 1983 Et
586 1954 684 1993 postquam
692 1948 752 1983 diuer·
761 1963 782 1993 30

50 1999 121 2033 simode
136 1999 232 2036 illuserant
245 2000 268 2044 ei,
283 2001 419 2044 erucifixerunt,
435 2007 453 2036 et
468 2002 532 2036 lancea
546 2002 569 2036 ad
584 2012 616 2036 cor
630 2008 753 2047 pupugerunt.

52 2049 74 2084 Et
82 2062 124 2085 cum
131 2053 235 2096 expirasset
242 2064 294 2097 puer,
300 2056 425 2097 deposuerunt
433 2055 528 2098 corpusde
536 2065 595 2097 cruce,
601 2059 625 2096 et,
631 2054 711 2088 nescitur
717 2065 753 2098 qua

50 2101 125 2146 ratione,
140 2105 267 2139 euiscerarunt
282 2107 425 2149 corpusculum:
444 2107 510 2140 dieitur
525 2112 586 2140 autem
602 2108 650 2150 quod
666 2108 689 2141 ad
704 2112 753 2141 artes

52 2156 132 2197 magicas
145 2159 264 2192 exercendas.
316 2152 381 2193 Mater
392 2164 454 2194 autern
470 2158 528 2203 pueri,
541 2158 599 2193 filium
612 2159 708 2194 absentem
720 2168 755 2203 per

70 2217 76 2237 ¹
86 2223 146 2256 Colleet
153 2226 169 2256 iu
176 2226 203 2257 T.:

71 2258 157 2299 intercede
166 2281 196 2309 pro
207 2271 256 2309 uobis,
264 2272 364 2302 sacerdotum
375 2272 434 2302 Christi
444 2273 541 2309 dignissime,
550 2272 613 2302 Honori
624 2277 670 2310 pater
678 2273 753 2310 piissime,

52 2309 68 2334 ut
75 2308 117 2337 euius
124 2311 166 2348 apud
176 2312 223 2341 deum
233 2312 283 2342 uirtus
292 2311 348 2341 enituit
357 2321 418 2349 magna,
426 2316 453 2342 tua
460 2321 490 2342 nos
499 2312 584 2342 clemencia
593 2313 660 2343 redimat
669 2322 679 2342 a
685 2313 754 2351 peccatis

51 2344 123 2384 benigna.
144 2350 163 2381 V.
175 2351 239 2381 Amauit
246 2361 282 2381 eum
289 2352 367 2381 dominus.

72 2385 129 2439 Sancti
139 2406 173 2433 nos,
184 2399 252 2437 domine,
260 2399 329 2428 Honorii
339 2398 435 2428 confessoris
445 2399 467 2428 tui
477 2403 525 2435 atque
535 2399 614 2436 pontificis
625 2400 754 2430 commemoratio

52 2437 104 2463 uotiua
111 2434 176 2466 letificet
182 2443 199 2467 et
205 2447 235 2468 sue
242 2448 273 2468 nos
279 2438 360 2468 beneficiis
367 2438 486 2468 intercessionis
493 2438 560 2474 attollat,
567 2448 599 2476 per.

71 2472 77 2488 ²
87 2473 115 2504 Ed.
126 2475 141 2505 in
150 2476 185 2507 Act.
194 2477 223 2508 SS.
232 2478 272 2508 Boll.
281 2487 305 2516 27,
314 2478 349 2517 luly
355 2477 383 2508 Vl.
393 2487 408 2516 p.
418 2487 456 2516 494;
468 2477 543 2515 abridged
554 2477 594 2508 from
605 2477 694 2508 Matthaeus
705 2478 754 2510 Paris.

52 2509 77 2539 An
88 2513 119 2542 Old
129 2515 191 2546 Frcnch
201 2527 248 2554 poem
259 2528 280 2547 on
292 2519 319 2547 the
330 2518 390 2555 subject
400 2527 434 2548 was
445 2517 469 2547 ed.
482 2518 504 2555 by
514 2518 539 2549 Fr.
551 2517 614 2556 illichel,
627 2518 675 2555 1831st
687 2518 754 2555 English

53 2548 111 2603 ianads
119 2553 135 2583 in
142 2554 223 2587 Halliwell
228 2557 348 2587 Contributions
353 2562 370 2587 to
374 2557 422 2595 Early
427 2557 472 2594 Engl,
477 2557 507 2586 litt.
515 2558 558 2595 1849.
598 2559 604 2574 ⁵
615 2557 650 2588 MP.
658 2562 675 2587 et
682 2558 755 2596 insuper.

69 2589 102 2621 MP.
110 2593 177 2625 cultellis
184 2596 211 2634 qui
218 2596 290 2628 dicrurtur
296 2597 365 2628 auelatii.
406 2596 412 2614 ⁵
422 2596 458 2627 ΜΡ.
465 2599 535 2627 vocatus.
