<?xml version="1.0" encoding="UTF-8"?>
<!DOCTYPE html PUBLIC "-//W3C//DTD XHTML 1.0 Transitional//EN"
    "http://www.w3.org/TR/xhtml1/DTD/xhtml1-transitional.dtd">
<html xmlns="http://www.w3.org/1999/xhtml" xml:lang="en" lang="en">
 <head>
  <title>
</title>
<meta http-equiv="Content-Type" content="text/html;charset=utf-8" />
  <meta name='ocr-system' content='tesseract 3.04.00' />
  <meta name='ocr-capabilities' content='ocr_page ocr_carea ocr_par ocr_line ocrx_word'/>
</head>
<body>
  <div class='ocr_page' id='page_1' title='image "./MN5111ucmf_0/MN5111ucmf_0_1064.png"; bbox 0 0 1762 2803; ppageno 0'>
   <div class='ocr_carea' id='block_1_1' title="bbox 123 100 648 165">
    <p class='ocr_par' dir='ltr' id='par_1_1' title="bbox 123 100 648 165">
     <span class='ocr_line' id='line_1_1' title="bbox 123 100 648 165; baseline -0.013 -4"><span class='ocrx_word' id='word_1_1' title='bbox 123 107 182 161; x_wconf 79' lang='lat'>·448</span> <span class='ocrx_word' id='word_1_2' title='bbox 320 100 540 165; x_wconf 49' lang='lat' dir='ltr'>¹tractatorium</span> <span class='ocrx_word' id='word_1_3' title='bbox 555 101 648 165; x_wconf 68' lang='lat' dir='ltr'>unctio.</span> 
     </span>
    </p>
   </div>
   <div class='ocr_carea' id='block_1_2' title="bbox 112 224 845 2496">
    <p class='ocr_par' dir='ltr' id='par_1_2' title="bbox 112 224 845 2496">
     <span class='ocr_line' id='line_1_2' title="bbox 139 224 840 268; baseline -0.001 -9"><span class='ocrx_word' id='word_1_4' title='bbox 139 224 214 260; x_wconf 87' lang='lat' dir='ltr'>castella</span> <span class='ocrx_word' id='word_1_5' title='bbox 226 224 321 259; x_wconf 81' lang='lat' dir='ltr'><strong>sedulitate</strong></span> <span class='ocrx_word' id='word_1_6' title='bbox 332 231 350 259; x_wconf 91' lang='lat' dir='ltr'>et</span> <span class='ocrx_word' id='word_1_7' title='bbox 364 224 432 259; x_wconf 81' lang='lat' dir='ltr'>Christi</span> <span class='ocrx_word' id='word_1_8' title='bbox 444 235 507 259; x_wconf 89' lang='lat' dir='ltr'>amore</span> <span class='ocrx_word' id='word_1_9' title='bbox 522 225 594 259; x_wconf 91' lang='lat' dir='ltr'>illectus</span> <span class='ocrx_word' id='word_1_10' title='bbox 606 224 724 268; x_wconf 86' lang='lat' dir='ltr'>predicando,</span> <span class='ocrx_word' id='word_1_11' title='bbox 737 225 804 259; x_wconf 89' lang='lat' dir='ltr'>multos</span> <span class='ocrx_word' id='word_1_12' title='bbox 817 226 840 259; x_wconf 89' lang='lat' dir='ltr'>ad</span> 
     </span>
     <span class='ocr_line' id='line_1_3' title="bbox 139 277 840 323; baseline 0 -11"><span class='ocrx_word' id='word_1_13' title='bbox 139 277 250 323; x_wconf 79' lang='lat' dir='ltr'>agnitionem</span> <span class='ocrx_word' id='word_1_14' title='bbox 261 277 342 313; x_wconf 89' lang='lat' dir='ltr'>veritatis</span> <span class='ocrx_word' id='word_1_15' title='bbox 354 278 435 320; x_wconf 80' lang='lat' dir='ltr'>adduxit,</span> <span class='ocrx_word' id='word_1_16' title='bbox 447 277 535 313; x_wconf 90' lang='lat' dir='ltr'>ecclesias</span> <span class='ocrx_word' id='word_1_17' title='bbox 547 279 653 321; x_wconf 78' lang='lat' dir='ltr'>construxit,</span> <span class='ocrx_word' id='word_1_18' title='bbox 666 278 700 312; x_wconf 88' lang='lat' dir='ltr'>deo</span> <span class='ocrx_word' id='word_1_19' title='bbox 713 277 840 313; x_wconf 86' lang='lat' dir='ltr'>famulantium</span> 
     </span>
     <span class='ocr_line' id='line_1_4' title="bbox 139 330 841 376; baseline 0 -11"><span class='ocrx_word' id='word_1_20' title='bbox 139 333 213 376; x_wconf 78' lang='lat' dir='ltr'>agmina</span> <span class='ocrx_word' id='word_1_21' title='bbox 222 331 335 365; x_wconf 89' lang='lat' dir='ltr'>coadunauit.</span> <span class='ocrx_word' id='word_1_22' title='bbox 358 331 460 375; x_wconf 82' lang='lat' dir='ltr'>Susceptus</span> <span class='ocrx_word' id='word_1_23' title='bbox 468 336 496 366; x_wconf 90' lang='lat' dir='ltr'>est</span> <span class='ocrx_word' id='word_1_24' title='bbox 504 337 565 366; x_wconf 90' lang='lat' dir='ltr'>autem</span> <span class='ocrx_word' id='word_1_25' title='bbox 573 343 584 365; x_wconf 89' lang='lat' dir='ltr'>a</span> <span class='ocrx_word' id='word_1_26' title='bbox 591 342 635 375; x_wconf 86' lang='lat' dir='ltr'>rege</span> <span class='ocrx_word' id='word_1_27' title='bbox 644 330 742 365; x_wconf 85' lang='lat' dir='ltr'>Rathbodo</span> <span class='ocrx_word' id='word_1_28' title='bbox 750 331 841 376; x_wconf 75' lang='lat' dir='ltr'>benigne3</span> 
     </span>
     <span class='ocr_line' id='line_1_5' title="bbox 139 384 841 431; baseline 0.003 -13"><span class='ocrx_word' id='word_1_29' title='bbox 139 385 222 431; x_wconf 88' lang='lat' dir='ltr'>nequiuit</span> <span class='ocrx_word' id='word_1_30' title='bbox 231 390 293 419; x_wconf 83' lang='lat' dir='ltr'>tamen</span> <span class='ocrx_word' id='word_1_31' title='bbox 303 395 346 419; x_wconf 88' lang='lat' dir='ltr'>eum</span> <span class='ocrx_word' id='word_1_32' title='bbox 355 395 367 418; x_wconf 88' lang='lat' dir='ltr'>a</span> <span class='ocrx_word' id='word_1_33' title='bbox 375 384 446 419; x_wconf 84' lang='lat' dir='ltr'>cultura</span> <span class='ocrx_word' id='word_1_34' title='bbox 452 384 550 429; x_wconf 85' lang='lat' dir='ltr'>ydolorum</span> <span class='ocrx_word' id='word_1_35' title='bbox 558 389 671 427; x_wconf 80' lang='lat' dir='ltr'>conuertere,</span> <span class='ocrx_word' id='word_1_36' title='bbox 679 385 721 419; x_wconf 91' lang='lat' dir='ltr'>licet</span> <span class='ocrx_word' id='word_1_37' title='bbox 728 384 747 419; x_wconf 94' lang='lat' dir='ltr'>in</span> <span class='ocrx_word' id='word_1_38' title='bbox 755 384 841 420; x_wconf 89' lang='lat' dir='ltr'>comitatu</span> 
     </span>
     <span class='ocr_line' id='line_1_6' title="bbox 122 437 842 481; baseline -0.003 -8"><span class='ocrx_word' id='word_1_39' title='bbox 122 439 179 480; x_wconf 81' lang='lat' dir='ltr'>5eius</span> <span class='ocrx_word' id='word_1_40' title='bbox 194 443 243 472; x_wconf 91' lang='lat' dir='ltr'>esset</span> <span class='ocrx_word' id='word_1_41' title='bbox 257 437 368 472; x_wconf 87' lang='lat' dir='ltr'>venerabilis</span> <span class='ocrx_word' id='word_1_42' title='bbox 383 438 493 472; x_wconf 84' lang='lat' dir='ltr'>Wlsrannus</span> <span class='ocrx_word' id='word_1_43' title='bbox 509 439 619 472; x_wconf 90' lang='lat' dir='ltr'>senonensis</span> <span class='ocrx_word' id='word_1_44' title='bbox 634 438 737 481; x_wconf 88' lang='lat' dir='ltr'>episcopus,</span> <span class='ocrx_word' id='word_1_45' title='bbox 754 437 785 481; x_wconf 91' lang='lat' dir='ltr'>qui</span> <span class='ocrx_word' id='word_1_46' title='bbox 800 438 842 472; x_wconf 91' lang='lat' dir='ltr'>illuc</span> 
     </span>
     <span class='ocr_line' id='line_1_7' title="bbox 139 489 842 534; baseline 0 -10"><span class='ocrx_word' id='word_1_47' title='bbox 139 495 215 525; x_wconf 86' lang='lat' dir='ltr'>venerat</span> <span class='ocrx_word' id='word_1_48' title='bbox 227 494 246 523; x_wconf 88' lang='lat' dir='ltr'>vt</span> <span class='ocrx_word' id='word_1_49' title='bbox 258 489 329 533; x_wconf 89' lang='lat' dir='ltr'>aliquas</span> <span class='ocrx_word' id='word_1_50' title='bbox 340 489 436 534; x_wconf 83' lang='lat' dir='ltr'>gentilium</span> <span class='ocrx_word' id='word_1_51' title='bbox 450 490 520 524; x_wconf 85' lang='lat' dir='ltr'>animas</span> <span class='ocrx_word' id='word_1_52' title='bbox 536 491 570 524; x_wconf 91' lang='lat' dir='ltr'>deo</span> <span class='ocrx_word' id='word_1_53' title='bbox 587 490 695 533; x_wconf 82' lang='lat' dir='ltr'>acquireret.</span> <span class='ocrx_word' id='word_1_54' title='bbox 718 490 842 531; x_wconf 82' lang='lat' dir='ltr'>Quamobrem</span> 
     </span>
     <span class='ocr_line' id='line_1_8' title="bbox 139 539 842 586; baseline -0.001 -10"><span class='ocrx_word' id='word_1_55' title='bbox 139 541 203 576; x_wconf 88' lang='lat' dir='ltr'>beatus</span> <span class='ocrx_word' id='word_1_56' title='bbox 211 540 346 576; x_wconf 89' lang='lat' dir='ltr'>Willebrordus</span> <span class='ocrx_word' id='word_1_57' title='bbox 354 542 377 575; x_wconf 94' lang='lat' dir='ltr'>ad</span> <span class='ocrx_word' id='word_1_58' title='bbox 385 540 510 576; x_wconf 77' lang='lat' dir='ltr'>ferocissimos</span> <span class='ocrx_word' id='word_1_59' title='bbox 517 541 611 575; x_wconf 89' lang='lat' dir='ltr'>Danorum</span> <span class='ocrx_word' id='word_1_60' title='bbox 619 541 697 586; x_wconf 89' lang='lat' dir='ltr'>populos</span> <span class='ocrx_word' id='word_1_61' title='bbox 705 539 739 575; x_wconf 90' lang='lat' dir='ltr'>iter</span> <span class='ocrx_word' id='word_1_62' title='bbox 747 540 842 585; x_wconf 88' lang='lat' dir='ltr'>conuertit,</span> 
     </span>
     <span class='ocr_line' id='line_1_9' title="bbox 139 589 843 640; baseline 0 -10"><span class='ocrx_word' id='word_1_63' title='bbox 139 595 169 630; x_wconf 87' lang='lat' dir='ltr'>vbi</span> <span class='ocrx_word' id='word_1_64' title='bbox 182 595 270 638; x_wconf 84' lang='lat' dir='ltr'>regnabat</span> <span class='ocrx_word' id='word_1_65' title='bbox 283 589 357 639; x_wconf 88' lang='lat' dir='ltr'>quidam</span> <span class='ocrx_word' id='word_1_66' title='bbox 370 596 444 630; x_wconf 89' lang='lat' dir='ltr'>nomine</span> <span class='ocrx_word' id='word_1_67' title='bbox 458 595 566 640; x_wconf 78' lang='lat' dir='ltr'>ongendus,</span> <span class='ocrx_word' id='word_1_68' title='bbox 577 595 614 639; x_wconf 85' lang='lat' dir='ltr'>qui,</span> <span class='ocrx_word' id='word_1_69' title='bbox 625 595 667 629; x_wconf 90' lang='lat' dir='ltr'>licet</span> <span class='ocrx_word' id='word_1_70' title='bbox 679 595 730 629; x_wconf 89' lang='lat' dir='ltr'>omni</span> <span class='ocrx_word' id='word_1_71' title='bbox 742 595 781 629; x_wconf 84' lang='lat' dir='ltr'>fera</span> <span class='ocrx_word' id='word_1_72' title='bbox 793 601 843 630; x_wconf 90' lang='lat' dir='ltr'>esset</span> 
     </span>
     <span class='ocr_line' id='line_1_10' title="bbox 139 647 842 693; baseline 0 -11"><span class='ocrx_word' id='word_1_73' title='bbox 139 648 230 683; x_wconf 87' lang='lat' dir='ltr'>crudelior</span> <span class='ocrx_word' id='word_1_74' title='bbox 244 654 263 682; x_wconf 93' lang='lat' dir='ltr'>et</span> <span class='ocrx_word' id='word_1_75' title='bbox 277 654 326 682; x_wconf 90' lang='lat' dir='ltr'>totus</span> <span class='ocrx_word' id='word_1_76' title='bbox 341 648 431 693; x_wconf 82' lang='lat' dir='ltr'>ydolatrie</span> <span class='ocrx_word' id='word_1_77' title='bbox 447 648 524 690; x_wconf 86' lang='lat' dir='ltr'>deditus,</span> <span class='ocrx_word' id='word_1_78' title='bbox 539 653 601 682; x_wconf 89' lang='lat' dir='ltr'>tamen</span> <span class='ocrx_word' id='word_1_79' title='bbox 620 648 720 682; x_wconf 89' lang='lat' dir='ltr'>honorifice</span> <span class='ocrx_word' id='word_1_80' title='bbox 734 647 794 682; x_wconf 89' lang='lat' dir='ltr'>virum</span> <span class='ocrx_word' id='word_1_81' title='bbox 813 648 842 682; x_wconf 90' lang='lat' dir='ltr'>dei</span> 
     </span>
     <span class='ocr_line' id='line_1_11' title="bbox 112 700 842 745; baseline 0.001 -12"><span class='ocrx_word' id='word_1_82' title='bbox 112 714 131 733; x_wconf 83' lang='lat' dir='ltr'>ro</span> <span class='ocrx_word' id='word_1_83' title='bbox 139 701 221 744; x_wconf 85' lang='lat' dir='ltr'>suscepit</span> <span class='ocrx_word' id='word_1_84' title='bbox 233 705 252 734; x_wconf 88' lang='lat' dir='ltr'>et</span> <span class='ocrx_word' id='word_1_85' title='bbox 264 701 344 745; x_wconf 83' lang='lat' dir='ltr'>benigne</span> <span class='ocrx_word' id='word_1_86' title='bbox 356 701 445 735; x_wconf 90' lang='lat' dir='ltr'>tractauit.</span> <span class='ocrx_word' id='word_1_87' title='bbox 468 700 524 734; x_wconf 89' lang='lat' dir='ltr'>Cuius</span> <span class='ocrx_word' id='word_1_88' title='bbox 536 701 593 734; x_wconf 88' lang='lat' dir='ltr'>animi</span> <span class='ocrx_word' id='word_1_89' title='bbox 605 700 750 735; x_wconf 86' lang='lat' dir='ltr'>incredulitatem</span> <span class='ocrx_word' id='word_1_90' title='bbox 762 700 801 735; x_wconf 91' lang='lat' dir='ltr'>vir¹</span> <span class='ocrx_word' id='word_1_91' title='bbox 813 701 842 735; x_wconf 93' lang='lat' dir='ltr'>dei</span> 
     </span>
     <span class='ocr_line' id='line_1_12' title="bbox 140 752 843 798; baseline 0 -11"><span class='ocrx_word' id='word_1_92' title='bbox 140 754 273 789; x_wconf 86' lang='lat' dir='ltr'>considerans:</span> <span class='ocrx_word' id='word_1_93' title='bbox 286 755 366 798; x_wconf 89' lang='lat' dir='ltr'>acceptis</span> <span class='ocrx_word' id='word_1_94' title='bbox 374 754 448 798; x_wconf 87' lang='lat' dir='ltr'>triginta</span> <span class='ocrx_word' id='word_1_95' title='bbox 456 753 539 788; x_wconf 92' lang='lat' dir='ltr'>eiusdem</span> <span class='ocrx_word' id='word_1_96' title='bbox 547 753 606 797; x_wconf 88' lang='lat' dir='ltr'>patrie</span> <span class='ocrx_word' id='word_1_97' title='bbox 616 752 685 797; x_wconf 91' lang='lat' dir='ltr'>pueris,</span> <span class='ocrx_word' id='word_1_98' title='bbox 693 763 739 796; x_wconf 90' lang='lat' dir='ltr'>quos</span> <span class='ocrx_word' id='word_1_99' title='bbox 749 752 768 788; x_wconf 92' lang='lat' dir='ltr'>in</span> <span class='ocrx_word' id='word_1_100' title='bbox 777 752 843 788; x_wconf 90' lang='lat' dir='ltr'>itinere</span> 
     </span>
     <span class='ocr_line' id='line_1_13' title="bbox 139 805 843 852; baseline 0.001 -11"><span class='ocrx_word' id='word_1_101' title='bbox 139 806 242 852; x_wconf 88' lang='lat' dir='ltr'>baptizauit,</span> <span class='ocrx_word' id='word_1_102' title='bbox 250 806 311 841; x_wconf 89' lang='lat' dir='ltr'>redire</span> <span class='ocrx_word' id='word_1_103' title='bbox 318 806 411 841; x_wconf 78' lang='lat' dir='ltr'>festinauit</span> <span class='ocrx_word' id='word_1_104' title='bbox 418 806 441 841; x_wconf 88' lang='lat' dir='ltr'>ad</span> <span class='ocrx_word' id='word_1_105' title='bbox 450 805 551 841; x_wconf 85' lang='lat' dir='ltr'>Franciam.</span> <span class='ocrx_word' id='word_1_106' title='bbox 566 805 639 840; x_wconf 88' lang='lat' dir='ltr'>Etcum</span> <span class='ocrx_word' id='word_1_107' title='bbox 647 811 756 851; x_wconf 84' lang='lat' dir='ltr'>tempestate</span> <span class='ocrx_word' id='word_1_108' title='bbox 764 807 843 851; x_wconf 85' lang='lat' dir='ltr'>quadam</span> 
     </span>
     <span class='ocr_line' id='line_1_14' title="bbox 140 860 843 906; baseline 0.001 -12"><span class='ocrx_word' id='word_1_109' title='bbox 140 860 210 906; x_wconf 86' lang='lat' dir='ltr'>ingenti</span> <span class='ocrx_word' id='word_1_110' title='bbox 222 861 298 895; x_wconf 86' lang='lat' dir='ltr'>iactatus</span> <span class='ocrx_word' id='word_1_111' title='bbox 307 866 356 895; x_wconf 92' lang='lat' dir='ltr'>esset</span> <span class='ocrx_word' id='word_1_112' title='bbox 364 860 383 895; x_wconf 95' lang='lat' dir='ltr'>in</span> <span class='ocrx_word' id='word_1_113' title='bbox 391 861 482 904; x_wconf 87' lang='lat' dir='ltr'>quandam</span> <span class='ocrx_word' id='word_1_114' title='bbox 490 860 569 895; x_wconf 90' lang='lat' dir='ltr'>insulam</span> <span class='ocrx_word' id='word_1_115' title='bbox 578 860 650 895; x_wconf 91' lang='lat' dir='ltr'>cuidam</span> <span class='ocrx_word' id='word_1_116' title='bbox 659 861 735 895; x_wconf 89' lang='lat' dir='ltr'>deorum</span> <span class='ocrx_word' id='word_1_117' title='bbox 747 871 843 895; x_wconf 90' lang='lat' dir='ltr'>consecra-</span> 
     </span>
     <span class='ocr_line' id='line_1_15' title="bbox 140 913 844 957; baseline -0.001 -8"><span class='ocrx_word' id='word_1_118' title='bbox 140 920 183 956; x_wconf 80' lang='lat' dir='ltr'>tam,</span> <span class='ocrx_word' id='word_1_119' title='bbox 191 925 227 957; x_wconf 90' lang='lat' dir='ltr'>que</span> <span class='ocrx_word' id='word_1_120' title='bbox 235 914 254 948; x_wconf 90' lang='lat' dir='ltr'>in</span> <span class='ocrx_word' id='word_1_121' title='bbox 262 919 312 948; x_wconf 86' lang='lat' dir='ltr'>tanta</span> <span class='ocrx_word' id='word_1_122' title='bbox 319 915 437 949; x_wconf 87' lang='lat' dir='ltr'>veneratione</span> <span class='ocrx_word' id='word_1_123' title='bbox 444 914 467 948; x_wconf 87' lang='lat' dir='ltr'>ab</span> <span class='ocrx_word' id='word_1_124' title='bbox 475 913 539 948; x_wconf 90' lang='lat' dir='ltr'>incolis</span> <span class='ocrx_word' id='word_1_125' title='bbox 550 914 652 947; x_wconf 86' lang='lat' dir='ltr'>habebatur</span> <span class='ocrx_word' id='word_1_126' title='bbox 659 919 678 948; x_wconf 87' lang='lat' dir='ltr'>vt</span> <span class='ocrx_word' id='word_1_127' title='bbox 688 913 714 948; x_wconf 91' lang='lat' dir='ltr'>nil</span> <span class='ocrx_word' id='word_1_128' title='bbox 724 914 743 948; x_wconf 92' lang='lat' dir='ltr'>in</span> <span class='ocrx_word' id='word_1_129' title='bbox 753 925 776 948; x_wconf 89' lang='lat' dir='ltr'>ea</span> <span class='ocrx_word' id='word_1_130' title='bbox 787 914 830 957; x_wconf 91' lang='lat' dir='ltr'>[vel]</span> <span class='ocrx_word' id='word_1_131' title='bbox 837 915 844 935; x_wconf 79' lang='lat'>²</span> 
     </span>
     <span class='ocr_line' id='line_1_16' title="bbox 114 966 843 1011; baseline 0.003 -12"><span class='ocrx_word' id='word_1_132' title='bbox 114 967 245 1008; x_wconf 87' lang='lat' dir='ltr'>15animalium</span> <span class='ocrx_word' id='word_1_133' title='bbox 259 967 284 1001; x_wconf 91' lang='lat' dir='ltr'>ibi</span> <span class='ocrx_word' id='word_1_134' title='bbox 297 967 412 1011; x_wconf 88' lang='lat' dir='ltr'>pascentium</span> <span class='ocrx_word' id='word_1_135' title='bbox 424 967 454 1002; x_wconf 89' lang='lat' dir='ltr'>vel</span> <span class='ocrx_word' id='word_1_136' title='bbox 467 966 542 1000; x_wconf 89' lang='lat' dir='ltr'>aliarum</span> <span class='ocrx_word' id='word_1_137' title='bbox 557 978 619 1000; x_wconf 89' lang='lat' dir='ltr'>rerum</span> <span class='ocrx_word' id='word_1_138' title='bbox 635 966 731 1011; x_wconf 88' lang='lat' dir='ltr'>quisquam</span> <span class='ocrx_word' id='word_1_139' title='bbox 748 967 843 1010; x_wconf 87' lang='lat' dir='ltr'>gentilium</span> 
     </span>
     <span class='ocr_line' id='line_1_17' title="bbox 140 1018 843 1064; baseline 0.001 -11"><span class='ocrx_word' id='word_1_140' title='bbox 140 1024 216 1064; x_wconf 86' lang='lat' dir='ltr'>tangere</span> <span class='ocrx_word' id='word_1_141' title='bbox 224 1020 305 1062; x_wconf 84' lang='lat' dir='ltr'>auderet,</span> <span class='ocrx_word' id='word_1_142' title='bbox 313 1029 348 1053; x_wconf 90' lang='lat' dir='ltr'>uec</span> <span class='ocrx_word' id='word_1_143' title='bbox 355 1020 410 1053; x_wconf 88' lang='lat' dir='ltr'>etlam</span> <span class='ocrx_word' id='word_1_144' title='bbox 418 1020 441 1054; x_wconf 91' lang='lat' dir='ltr'>de</span> <span class='ocrx_word' id='word_1_145' title='bbox 449 1019 499 1053; x_wconf 83' lang='lat' dir='ltr'>fonte</span> <span class='ocrx_word' id='word_1_146' title='bbox 506 1018 543 1053; x_wconf 89' lang='lat' dir='ltr'>illic</span> <span class='ocrx_word' id='word_1_147' title='bbox 554 1024 651 1055; x_wconf 88' lang='lat' dir='ltr'>manante:</span> <span class='ocrx_word' id='word_1_148' title='bbox 663 1020 731 1054; x_wconf 90' lang='lat' dir='ltr'>mansit</span> <span class='ocrx_word' id='word_1_149' title='bbox 741 1019 766 1054; x_wconf 93' lang='lat' dir='ltr'>ibi</span> <span class='ocrx_word' id='word_1_150' title='bbox 774 1019 802 1055; x_wconf 89' lang='lat' dir='ltr'>vir</span> <span class='ocrx_word' id='word_1_151' title='bbox 813 1019 843 1054; x_wconf 90' lang='lat' dir='ltr'>dei</span> 
     </span>
     <span class='ocr_line' id='line_1_18' title="bbox 139 1071 843 1118; baseline 0 -10"><span class='ocrx_word' id='word_1_152' title='bbox 139 1083 173 1118; x_wconf 88' lang='lat' dir='ltr'>per</span> <span class='ocrx_word' id='word_1_153' title='bbox 181 1072 249 1118; x_wconf 85' lang='lat' dir='ltr'>aliquot</span> <span class='ocrx_word' id='word_1_154' title='bbox 256 1071 301 1116; x_wconf 84' lang='lat' dir='ltr'>dies,</span> <span class='ocrx_word' id='word_1_155' title='bbox 309 1073 369 1107; x_wconf 83' lang='lat' dir='ltr'>donec</span> <span class='ocrx_word' id='word_1_156' title='bbox 379 1078 490 1117; x_wconf 87' lang='lat' dir='ltr'>oportunum</span> <span class='ocrx_word' id='word_1_157' title='bbox 500 1078 575 1118; x_wconf 87' lang='lat' dir='ltr'>tempus</span> <span class='ocrx_word' id='word_1_158' title='bbox 585 1072 684 1118; x_wconf 84' lang='lat' dir='ltr'>nauigandi</span> <span class='ocrx_word' id='word_1_159' title='bbox 695 1074 796 1109; x_wconf 83' lang='lat' dir='ltr'>adueniret.</span> <span class='ocrx_word' id='word_1_160' title='bbox 819 1074 843 1108; x_wconf 83' lang='lat' dir='ltr'>Et</span> 
     </span>
     <span class='ocr_line' id='line_1_19' title="bbox 139 1126 843 1171; baseline 0.001 -10"><span class='ocrx_word' id='word_1_161' title='bbox 139 1127 277 1171; x_wconf 88' lang='lat' dir='ltr'>paruipendens</span> <span class='ocrx_word' id='word_1_162' title='bbox 292 1127 394 1161; x_wconf 89' lang='lat' dir='ltr'>accolarum</span> <span class='ocrx_word' id='word_1_163' title='bbox 410 1126 486 1160; x_wconf 90' lang='lat' dir='ltr'>stultum</span> <span class='ocrx_word' id='word_1_164' title='bbox 505 1137 588 1161; x_wconf 90' lang='lat' dir='ltr'>errorem</span> <span class='ocrx_word' id='word_1_165' title='bbox 607 1126 693 1170; x_wconf 88' lang='lat' dir='ltr'>regisque</span> <span class='ocrx_word' id='word_1_166' title='bbox 708 1126 843 1162; x_wconf 83' lang='lat' dir='ltr'>ferocissimum</span> 
     </span>
     <span class='ocr_line' id='line_1_20' title="bbox 140 1178 843 1223; baseline -0.001 -9"><span class='ocrx_word' id='word_1_167' title='bbox 140 1180 226 1222; x_wconf 87' lang='lat' dir='ltr'>animum,</span> <span class='ocrx_word' id='word_1_168' title='bbox 235 1180 265 1223; x_wconf 93' lang='lat' dir='ltr'>qui</span> <span class='ocrx_word' id='word_1_169' title='bbox 272 1179 370 1213; x_wconf 87' lang='lat' dir='ltr'>violatores</span> <span class='ocrx_word' id='word_1_170' title='bbox 378 1190 472 1213; x_wconf 90' lang='lat' dir='ltr'>sacrorum</span> <span class='ocrx_word' id='word_1_171' title='bbox 480 1178 528 1213; x_wconf 89' lang='lat' dir='ltr'>illius</span> <span class='ocrx_word' id='word_1_172' title='bbox 539 1178 653 1213; x_wconf 85' lang='lat' dir='ltr'>atrocissima</span> <span class='ocrx_word' id='word_1_173' title='bbox 664 1181 765 1222; x_wconf 88' lang='lat' dir='ltr'>dampnare</span> <span class='ocrx_word' id='word_1_174' title='bbox 773 1180 843 1214; x_wconf 89' lang='lat' dir='ltr'>solebat</span> 
     </span>
     <span class='ocr_line' id='line_1_21' title="bbox 112 1231 843 1276; baseline -0.004 -8"><span class='ocrx_word' id='word_1_175' title='bbox 112 1247 132 1268; x_wconf 85' lang='lat'>20</span> <span class='ocrx_word' id='word_1_176' title='bbox 140 1237 205 1273; x_wconf 85' lang='lat' dir='ltr'>morte,</span> <span class='ocrx_word' id='word_1_177' title='bbox 214 1236 252 1265; x_wconf 90' lang='lat' dir='ltr'>tres</span> <span class='ocrx_word' id='word_1_178' title='bbox 260 1232 309 1266; x_wconf 88' lang='lat' dir='ltr'>viros</span> <span class='ocrx_word' id='word_1_179' title='bbox 317 1231 336 1265; x_wconf 90' lang='lat' dir='ltr'>in</span> <span class='ocrx_word' id='word_1_180' title='bbox 344 1231 419 1265; x_wconf 91' lang='lat' dir='ltr'>nomine</span> <span class='ocrx_word' id='word_1_181' title='bbox 428 1236 491 1265; x_wconf 88' lang='lat' dir='ltr'>sancte</span> <span class='ocrx_word' id='word_1_182' title='bbox 501 1231 587 1265; x_wconf 87' lang='lat' dir='ltr'>trinitatis</span> <span class='ocrx_word' id='word_1_183' title='bbox 598 1231 618 1265; x_wconf 86' lang='lat' dir='ltr'>in</span> <span class='ocrx_word' id='word_1_184' title='bbox 628 1231 679 1265; x_wconf 80' lang='lat' dir='ltr'>sonte</span> <span class='ocrx_word' id='word_1_185' title='bbox 690 1231 732 1265; x_wconf 79' lang='lat' dir='ltr'>illo³</span> <span class='ocrx_word' id='word_1_186' title='bbox 739 1232 843 1276; x_wconf 85' lang='lat' dir='ltr'>baptizauit‚</span> 
     </span>
     <span class='ocr_line' id='line_1_22' title="bbox 140 1284 843 1329; baseline -0.001 -9"><span class='ocrx_word' id='word_1_187' title='bbox 140 1284 226 1320; x_wconf 86' lang='lat' dir='ltr'>animalia</span> <span class='ocrx_word' id='word_1_188' title='bbox 240 1284 260 1319; x_wconf 95' lang='lat' dir='ltr'>in</span> <span class='ocrx_word' id='word_1_189' title='bbox 273 1285 307 1319; x_wconf 73' lang='lat' dir='ltr'>ea4</span> <span class='ocrx_word' id='word_1_190' title='bbox 318 1284 413 1329; x_wconf 89' lang='lat' dir='ltr'>pascentia</span> <span class='ocrx_word' id='word_1_191' title='bbox 428 1284 447 1317; x_wconf 91' lang='lat' dir='ltr'>in</span> <span class='ocrx_word' id='word_1_192' title='bbox 462 1284 528 1318; x_wconf 87' lang='lat' dir='ltr'>cibaria</span> <span class='ocrx_word' id='word_1_193' title='bbox 541 1295 616 1319; x_wconf 89' lang='lat' dir='ltr'>suorum</span> <span class='ocrx_word' id='word_1_194' title='bbox 630 1284 704 1319; x_wconf 88' lang='lat' dir='ltr'>mactari</span> <span class='ocrx_word' id='word_1_195' title='bbox 720 1285 766 1319; x_wconf 86' lang='lat' dir='ltr'>lecit.</span> <span class='ocrx_word' id='word_1_196' title='bbox 790 1285 843 1328; x_wconf 82' lang='lat' dir='ltr'>Quod</span> 
     </span>
     <span class='ocr_line' id='line_1_23' title="bbox 139 1337 844 1384; baseline -0.004 -9"><span class='ocrx_word' id='word_1_197' title='bbox 139 1339 224 1375; x_wconf 87' lang='lat' dir='ltr'>videntes</span> <span class='ocrx_word' id='word_1_198' title='bbox 231 1340 304 1384; x_wconf 87' lang='lat' dir='ltr'>pagani,</span> <span class='ocrx_word' id='word_1_199' title='bbox 312 1339 447 1373; x_wconf 86' lang='lat' dir='ltr'>arbitrabantur</span> <span class='ocrx_word' id='word_1_200' title='bbox 453 1348 486 1373; x_wconf 89' lang='lat' dir='ltr'>eos</span> <span class='ocrx_word' id='word_1_201' title='bbox 491 1338 520 1373; x_wconf 92' lang='lat' dir='ltr'>vel</span> <span class='ocrx_word' id='word_1_202' title='bbox 528 1337 547 1372; x_wconf 95' lang='lat' dir='ltr'>in</span> <span class='ocrx_word' id='word_1_203' title='bbox 555 1338 636 1372; x_wconf 82' lang='lat' dir='ltr'>furorem</span> <span class='ocrx_word' id='word_1_204' title='bbox 643 1337 683 1373; x_wconf 93' lang='lat' dir='ltr'>sine</span> <span class='ocrx_word' id='word_1_205' title='bbox 689 1348 739 1373; x_wconf 89' lang='lat' dir='ltr'>mora</span> <span class='ocrx_word' id='word_1_206' title='bbox 746 1340 844 1373; x_wconf 89' lang='lat' dir='ltr'>mutandos</span> 
     </span>
     <span class='ocr_line' id='line_1_24' title="bbox 140 1391 844 1437; baseline -0.001 -10"><span class='ocrx_word' id='word_1_207' title='bbox 140 1394 169 1427; x_wconf 94' lang='lat' dir='ltr'>vel</span> <span class='ocrx_word' id='word_1_208' title='bbox 183 1392 244 1427; x_wconf 89' lang='lat' dir='ltr'>subita</span> <span class='ocrx_word' id='word_1_209' title='bbox 255 1397 315 1426; x_wconf 91' lang='lat' dir='ltr'>morte</span> <span class='ocrx_word' id='word_1_210' title='bbox 327 1392 423 1436; x_wconf 88' lang='lat' dir='ltr'>perituros.</span> <span class='ocrx_word' id='word_1_211' title='bbox 446 1391 484 1426; x_wconf 89' lang='lat' dir='ltr'>Sed</span> <span class='ocrx_word' id='word_1_212' title='bbox 496 1402 538 1426; x_wconf 91' lang='lat' dir='ltr'>curn</span> <span class='ocrx_word' id='word_1_213' title='bbox 550 1392 575 1425; x_wconf 94' lang='lat' dir='ltr'>nil</span> <span class='ocrx_word' id='word_1_214' title='bbox 587 1391 630 1425; x_wconf 88' lang='lat' dir='ltr'>mali</span> <span class='ocrx_word' id='word_1_215' title='bbox 644 1396 743 1427; x_wconf 87' lang='lat' dir='ltr'>cernerent</span> <span class='ocrx_word' id='word_1_216' title='bbox 755 1403 787 1426; x_wconf 89' lang='lat' dir='ltr'>eos</span> <span class='ocrx_word' id='word_1_217' title='bbox 800 1392 844 1437; x_wconf 89' lang='lat' dir='ltr'>pati,</span> 
     </span>
     <span class='ocr_line' id='line_1_25' title="bbox 141 1444 843 1491; baseline 0 -11"><span class='ocrx_word' id='word_1_218' title='bbox 141 1451 215 1491; x_wconf 88' lang='lat' dir='ltr'>stupore</span> <span class='ocrx_word' id='word_1_219' title='bbox 227 1445 297 1480; x_wconf 89' lang='lat' dir='ltr'>attoniti</span> <span class='ocrx_word' id='word_1_220' title='bbox 310 1445 406 1480; x_wconf 87' lang='lat' dir='ltr'>Rathbodo</span> <span class='ocrx_word' id='word_1_221' title='bbox 417 1444 457 1489; x_wconf 85' lang='lat' dir='ltr'>regi</span> <span class='ocrx_word' id='word_1_222' title='bbox 468 1446 517 1489; x_wconf 90' lang='lat' dir='ltr'>quod</span> <span class='ocrx_word' id='word_1_223' title='bbox 528 1445 596 1479; x_wconf 82' lang='lat' dir='ltr'>sactum</span> <span class='ocrx_word' id='word_1_224' title='bbox 608 1445 666 1479; x_wconf 88' lang='lat' dir='ltr'>suerat</span> <span class='ocrx_word' id='word_1_225' title='bbox 678 1446 785 1480; x_wconf 87' lang='lat' dir='ltr'>retulerunt.</span> <span class='ocrx_word' id='word_1_226' title='bbox 808 1447 843 1489; x_wconf 83' lang='lat' dir='ltr'>Qui</span> 
     </span>
     <span class='ocr_line' id='line_1_26' title="bbox 114 1497 844 1541; baseline 0 -9"><span class='ocrx_word' id='word_1_227' title='bbox 114 1513 132 1541; x_wconf 79' lang='lat'>²5</span> <span class='ocrx_word' id='word_1_228' title='bbox 141 1500 197 1532; x_wconf 88' lang='lat' dir='ltr'>nimio</span> <span class='ocrx_word' id='word_1_229' title='bbox 208 1499 269 1532; x_wconf 88' lang='lat' dir='ltr'>furore</span> <span class='ocrx_word' id='word_1_230' title='bbox 281 1508 387 1540; x_wconf 85' lang='lat' dir='ltr'>succensus,</span> <span class='ocrx_word' id='word_1_231' title='bbox 394 1497 414 1531; x_wconf 89' lang='lat' dir='ltr'>in</span> <span class='ocrx_word' id='word_1_232' title='bbox 425 1498 539 1531; x_wconf 87' lang='lat' dir='ltr'>sacerdotem</span> <span class='ocrx_word' id='word_1_233' title='bbox 551 1497 586 1538; x_wconf 87' lang='lat' dir='ltr'>dei,</span> <span class='ocrx_word' id='word_1_234' title='bbox 594 1498 671 1531; x_wconf 87' lang='lat' dir='ltr'>deorum</span> <span class='ocrx_word' id='word_1_235' title='bbox 683 1508 758 1532; x_wconf 89' lang='lat' dir='ltr'>suorum</span> <span class='ocrx_word' id='word_1_236' title='bbox 769 1498 844 1533; x_wconf 86' lang='lat' dir='ltr'>iniurias</span> 
     </span>
     <span class='ocr_line' id='line_1_27' title="bbox 141 1549 843 1596; baseline 0.001 -11"><span class='ocrx_word' id='word_1_237' title='bbox 141 1550 204 1586; x_wconf 86' lang='lat' dir='ltr'>vlcisci</span> <span class='ocrx_word' id='word_1_238' title='bbox 212 1551 306 1596; x_wconf 85' lang='lat' dir='ltr'>cogitabat.</span> <span class='ocrx_word' id='word_1_239' title='bbox 328 1550 408 1585; x_wconf 88' lang='lat' dir='ltr'>Vocatus</span> <span class='ocrx_word' id='word_1_240' title='bbox 416 1555 477 1585; x_wconf 88' lang='lat' dir='ltr'>autern</span> <span class='ocrx_word' id='word_1_241' title='bbox 485 1550 513 1585; x_wconf 93' lang='lat' dir='ltr'>vir</span> <span class='ocrx_word' id='word_1_242' title='bbox 524 1554 599 1585; x_wconf 86' lang='lat' dir='ltr'>sanctus</span> <span class='ocrx_word' id='word_1_243' title='bbox 610 1549 633 1585; x_wconf 84' lang='lat' dir='ltr'>a&#39;d</span> <span class='ocrx_word' id='word_1_244' title='bbox 645 1560 713 1595; x_wconf 85' lang='lat' dir='ltr'>regem,</span> <span class='ocrx_word' id='word_1_245' title='bbox 721 1550 843 1595; x_wconf 84' lang='lat' dir='ltr'>interrogatus</span> 
     </span>
     <span class='ocr_line' id='line_1_28' title="bbox 141 1603 844 1649; baseline 0 -10"><span class='ocrx_word' id='word_1_246' title='bbox 141 1610 170 1639; x_wconf 91' lang='lat' dir='ltr'>est</span> <span class='ocrx_word' id='word_1_247' title='bbox 185 1615 218 1639; x_wconf 91' lang='lat' dir='ltr'>cur</span> <span class='ocrx_word' id='word_1_248' title='bbox 232 1614 284 1638; x_wconf 88' lang='lat' dir='ltr'>sacra</span> <span class='ocrx_word' id='word_1_249' title='bbox 299 1614 333 1638; x_wconf 89' lang='lat' dir='ltr'>sua</span> <span class='ocrx_word' id='word_1_250' title='bbox 346 1604 437 1639; x_wconf 86' lang='lat' dir='ltr'>violasset.</span> <span class='ocrx_word' id='word_1_251' title='bbox 460 1603 493 1638; x_wconf 91' lang='lat' dir='ltr'>Cui</span> <span class='ocrx_word' id='word_1_252' title='bbox 509 1603 539 1637; x_wconf 92' lang='lat' dir='ltr'>ille</span> <span class='ocrx_word' id='word_1_253' title='bbox 555 1603 645 1638; x_wconf 88' lang='lat' dir='ltr'>constanti</span> <span class='ocrx_word' id='word_1_254' title='bbox 660 1603 721 1638; x_wconf 89' lang='lat' dir='ltr'>animo</span> <span class='ocrx_word' id='word_1_255' title='bbox 736 1605 844 1649; x_wconf 84' lang='lat' dir='ltr'>respondit:</span> 
     </span>
     <span class='ocr_line' id='line_1_29' title="bbox 141 1656 844 1701; baseline -0.001 -8"><span class='ocrx_word' id='word_1_256' title='bbox 141 1659 195 1693; x_wconf 88' lang='lat' dir='ltr'>‘Non</span> <span class='ocrx_word' id='word_1_257' title='bbox 210 1662 238 1699; x_wconf 85' lang='lat' dir='ltr'>est</span> <span class='ocrx_word' id='word_1_258' title='bbox 253 1658 299 1691; x_wconf 93' lang='lat' dir='ltr'>deus</span> <span class='ocrx_word' id='word_1_259' title='bbox 314 1667 369 1700; x_wconf 90' lang='lat' dir='ltr'>quem</span> <span class='ocrx_word' id='word_1_260' title='bbox 383 1656 433 1699; x_wconf 81' lang='lat' dir='ltr'>colis,</span> <span class='ocrx_word' id='word_1_261' title='bbox 446 1657 479 1691; x_wconf 91' lang='lat' dir='ltr'>sed</span> <span class='ocrx_word' id='word_1_262' title='bbox 495 1656 589 1700; x_wconf 84' lang='lat' dir='ltr'>dyabolus,</span> <span class='ocrx_word' id='word_1_263' title='bbox 602 1656 634 1701; x_wconf 92' lang='lat' dir='ltr'>qui</span> <span class='ocrx_word' id='word_1_264' title='bbox 648 1661 666 1690; x_wconf 87' lang='lat' dir='ltr'>te</span> <span class='ocrx_word' id='word_1_265' title='bbox 682 1656 763 1701; x_wconf 88' lang='lat' dir='ltr'>pessimo</span> <span class='ocrx_word' id='word_1_266' title='bbox 781 1668 844 1692; x_wconf 89' lang='lat' dir='ltr'>errore</span> 
     </span>
     <span class='ocr_line' id='line_1_30' title="bbox 141 1709 844 1754; baseline 0 -9"><span class='ocrx_word' id='word_1_267' title='bbox 141 1710 219 1753; x_wconf 82' lang='lat' dir='ltr'>seduxit,</span> <span class='ocrx_word' id='word_1_268' title='bbox 228 1721 238 1743; x_wconf 93' lang='grc' dir='ltr'>ο</span> <span class='ocrx_word' id='word_1_269' title='bbox 247 1721 285 1744; x_wconf 83' lang='lat' dir='ltr'>rex.</span> <span class='ocrx_word' id='word_1_270' title='bbox 308 1710 349 1744; x_wconf 92' lang='lat' dir='ltr'>Non</span> <span class='ocrx_word' id='word_1_271' title='bbox 358 1715 386 1744; x_wconf 93' lang='lat' dir='ltr'>est</span> <span class='ocrx_word' id='word_1_272' title='bbox 394 1710 440 1744; x_wconf 84' lang='lat' dir='ltr'>deus</span> <span class='ocrx_word' id='word_1_273' title='bbox 448 1710 483 1744; x_wconf 92' lang='lat' dir='ltr'>nisi</span> <span class='ocrx_word' id='word_1_274' title='bbox 491 1720 543 1752; x_wconf 89' lang='lat' dir='ltr'>vnus,</span> <span class='ocrx_word' id='word_1_275' title='bbox 552 1710 583 1754; x_wconf 88' lang='lat' dir='ltr'>qui</span> <span class='ocrx_word' id='word_1_276' title='bbox 592 1710 660 1743; x_wconf 89' lang='lat' dir='ltr'>creauit</span> <span class='ocrx_word' id='word_1_277' title='bbox 672 1709 731 1744; x_wconf 93' lang='lat' dir='ltr'>celum</span> <span class='ocrx_word' id='word_1_278' title='bbox 742 1716 760 1744; x_wconf 90' lang='lat' dir='ltr'>et</span> <span class='ocrx_word' id='word_1_279' title='bbox 770 1716 844 1752; x_wconf 88' lang='lat' dir='ltr'>terram,</span> 
     </span>
     <span class='ocr_line' id='line_1_31' title="bbox 114 1762 844 1807; baseline -0.001 -9"><span class='ocrx_word' id='word_1_280' title='bbox 114 1777 134 1805; x_wconf 75' lang='lat'>50</span> <span class='ocrx_word' id='word_1_281' title='bbox 141 1762 208 1805; x_wconf 80' lang='lat' dir='ltr'>mare⁵,</span> <span class='ocrx_word' id='word_1_282' title='bbox 217 1767 235 1797; x_wconf 89' lang='lat' dir='ltr'>et</span> <span class='ocrx_word' id='word_1_283' title='bbox 246 1762 307 1796; x_wconf 85' lang='lat' dir='ltr'>omnia</span> <span class='ocrx_word' id='word_1_284' title='bbox 316 1773 351 1806; x_wconf 93' lang='lat' dir='ltr'>que</span> <span class='ocrx_word' id='word_1_285' title='bbox 358 1762 378 1795; x_wconf 94' lang='lat' dir='ltr'>in</span> <span class='ocrx_word' id='word_1_286' title='bbox 386 1762 413 1796; x_wconf 89' lang='lat' dir='ltr'>eis</span> <span class='ocrx_word' id='word_1_287' title='bbox 421 1767 469 1796; x_wconf 86' lang='lat' dir='ltr'>sunt.</span> <span class='ocrx_word' id='word_1_288' title='bbox 492 1762 547 1796; x_wconf 89' lang='lat' dir='ltr'>Hunc</span> <span class='ocrx_word' id='word_1_289' title='bbox 556 1762 660 1807; x_wconf 87' lang='lat' dir='ltr'>quicunque</span> <span class='ocrx_word' id='word_1_290' title='bbox 668 1772 711 1797; x_wconf 90' lang='lat' dir='ltr'>vera</span> <span class='ocrx_word' id='word_1_291' title='bbox 719 1763 755 1797; x_wconf 85' lang='lat' dir='ltr'>fide</span> <span class='ocrx_word' id='word_1_292' title='bbox 763 1763 844 1804; x_wconf 86' lang='lat' dir='ltr'>coluerit,</span> 
     </span>
     <span class='ocr_line' id='line_1_32' title="bbox 141 1814 844 1859; baseline -0.003 -8"><span class='ocrx_word' id='word_1_293' title='bbox 141 1817 196 1851; x_wconf 89' lang='lat' dir='ltr'>vitam</span> <span class='ocrx_word' id='word_1_294' title='bbox 207 1816 340 1859; x_wconf 84' lang='lat' dir='ltr'>sempiternam</span> <span class='ocrx_word' id='word_1_295' title='bbox 351 1814 429 1849; x_wconf 87' lang='lat' dir='ltr'>habebit.</span> <span class='ocrx_word' id='word_1_296' title='bbox 452 1814 513 1849; x_wconf 92' lang='lat' dir='ltr'>Huius</span> <span class='ocrx_word' id='word_1_297' title='bbox 525 1825 559 1859; x_wconf 84' lang='lat' dir='ltr'>ego</span> <span class='ocrx_word' id='word_1_298' title='bbox 568 1825 634 1849; x_wconf 90' lang='lat' dir='ltr'>seruus</span> <span class='ocrx_word' id='word_1_299' title='bbox 645 1815 701 1849; x_wconf 92' lang='lat' dir='ltr'>hodie</span> <span class='ocrx_word' id='word_1_300' title='bbox 712 1814 745 1850; x_wconf 91' lang='lat' dir='ltr'>tibi</span> <span class='ocrx_word' id='word_1_301' title='bbox 756 1815 844 1851; x_wconf 87' lang='lat' dir='ltr'>testificor</span> 
     </span>
     <span class='ocr_line' id='line_1_33' title="bbox 140 1868 844 1913; baseline -0.001 -9"><span class='ocrx_word' id='word_1_302' title='bbox 140 1876 160 1904; x_wconf 92' lang='lat' dir='ltr'>vt</span> <span class='ocrx_word' id='word_1_303' title='bbox 178 1871 201 1905; x_wconf 88' lang='lat' dir='ltr'>ab</span> <span class='ocrx_word' id='word_1_304' title='bbox 219 1868 288 1913; x_wconf 85' lang='lat' dir='ltr'>antiqui</span> <span class='ocrx_word' id='word_1_305' title='bbox 304 1869 372 1904; x_wconf 88' lang='lat' dir='ltr'>erroris</span> <span class='ocrx_word' id='word_1_306' title='bbox 387 1868 466 1904; x_wconf 86' lang='lat' dir='ltr'>vanitate</span> <span class='ocrx_word' id='word_1_307' title='bbox 485 1869 558 1903; x_wconf 90' lang='lat' dir='ltr'>tandem</span> <span class='ocrx_word' id='word_1_308' title='bbox 577 1868 676 1913; x_wconf 89' lang='lat' dir='ltr'>resipiscas</span> <span class='ocrx_word' id='word_1_309' title='bbox 693 1874 711 1903; x_wconf 91' lang='lat' dir='ltr'>et</span> <span class='ocrx_word' id='word_1_310' title='bbox 729 1871 807 1904; x_wconf 88' lang='lat' dir='ltr'>credens</span> <span class='ocrx_word' id='word_1_311' title='bbox 824 1869 844 1903; x_wconf 92' lang='lat' dir='ltr'>in</span> 
     </span>
     <span class='ocr_line' id='line_1_34' title="bbox 141 1921 844 1967; baseline 0 -11"><span class='ocrx_word' id='word_1_312' title='bbox 141 1925 202 1967; x_wconf 89' lang='lat' dir='ltr'>ipsum</span> <span class='ocrx_word' id='word_1_313' title='bbox 217 1924 273 1957; x_wconf 90' lang='lat' dir='ltr'>deum</span> <span class='ocrx_word' id='word_1_314' title='bbox 288 1922 432 1966; x_wconf 89' lang='lat' dir='ltr'>omnipotentem</span> <span class='ocrx_word' id='word_1_315' title='bbox 447 1921 551 1965; x_wconf 84' lang='lat' dir='ltr'>baptizeris,</span> <span class='ocrx_word' id='word_1_316' title='bbox 564 1926 583 1955; x_wconf 92' lang='lat' dir='ltr'>et</span> <span class='ocrx_word' id='word_1_317' title='bbox 598 1921 669 1956; x_wconf 87' lang='lat' dir='ltr'>abiecta</span> <span class='ocrx_word' id='word_1_318' title='bbox 683 1922 734 1956; x_wconf 90' lang='lat' dir='ltr'>omni</span> <span class='ocrx_word' id='word_1_319' title='bbox 749 1922 844 1966; x_wconf 90' lang='lat' dir='ltr'>iniquitate</span> 
     </span>
     <span class='ocr_line' id='line_1_35' title="bbox 141 1974 844 2019; baseline -0.001 -9"><span class='ocrx_word' id='word_1_320' title='bbox 141 1976 212 2010; x_wconf 85' lang='lat' dir='ltr'>seruias</span> <span class='ocrx_word' id='word_1_321' title='bbox 227 1975 244 2009; x_wconf 94' lang='lat' dir='ltr'>ei</span> <span class='ocrx_word' id='word_1_322' title='bbox 259 1975 332 2009; x_wconf 90' lang='lat' dir='ltr'>sincero</span> <span class='ocrx_word' id='word_1_323' title='bbox 347 1976 408 2017; x_wconf 89' lang='lat' dir='ltr'>corde,</span> <span class='ocrx_word' id='word_1_324' title='bbox 423 1979 443 2008; x_wconf 93' lang='lat' dir='ltr'>vt</span> <span class='ocrx_word' id='word_1_325' title='bbox 455 1975 512 2008; x_wconf 87' lang='lat' dir='ltr'>vitam</span> <span class='ocrx_word' id='word_1_326' title='bbox 524 1980 607 2008; x_wconf 90' lang='lat' dir='ltr'>eternam</span> <span class='ocrx_word' id='word_1_327' title='bbox 622 1974 683 2017; x_wconf 86' lang='lat' dir='ltr'>possis</span> <span class='ocrx_word' id='word_1_328' title='bbox 698 1976 844 2019; x_wconf 85' lang='lat' dir='ltr'>apprehendere.</span> 
     </span>
     <span class='ocr_line' id='line_1_36' title="bbox 114 2026 844 2073; baseline -0.004 -10"><span class='ocrx_word' id='word_1_329' title='bbox 114 2043 132 2073; x_wconf 76' lang='lat'>35</span> <span class='ocrx_word' id='word_1_330' title='bbox 142 2028 212 2072; x_wconf 79' lang='lat' dir='ltr'>Quodsi</span> <span class='ocrx_word' id='word_1_331' title='bbox 220 2038 250 2062; x_wconf 89' lang='lat' dir='ltr'>me</span> <span class='ocrx_word' id='word_1_332' title='bbox 258 2028 396 2071; x_wconf 88' lang='lat' dir='ltr'>contempseris,</span> <span class='ocrx_word' id='word_1_333' title='bbox 405 2027 450 2062; x_wconf 91' lang='lat' dir='ltr'>scito</span> <span class='ocrx_word' id='word_1_334' title='bbox 460 2037 494 2071; x_wconf 88' lang='lat' dir='ltr'>pro</span> <span class='ocrx_word' id='word_1_335' title='bbox 505 2033 554 2062; x_wconf 90' lang='lat' dir='ltr'>certo</span> <span class='ocrx_word' id='word_1_336' title='bbox 564 2027 606 2070; x_wconf 91' lang='lat' dir='ltr'>quia</span> <span class='ocrx_word' id='word_1_337' title='bbox 613 2037 671 2070; x_wconf 88' lang='lat' dir='ltr'>penas</span> <span class='ocrx_word' id='word_1_338' title='bbox 679 2031 769 2071; x_wconf 89' lang='lat' dir='ltr'>perpetue</span> <span class='ocrx_word' id='word_1_339' title='bbox 780 2026 844 2061; x_wconf 89' lang='lat' dir='ltr'>mortis</span> 
     </span>
     <span class='ocr_line' id='line_1_37' title="bbox 141 2079 845 2124; baseline -0.001 -9"><span class='ocrx_word' id='word_1_340' title='bbox 141 2092 182 2115; x_wconf 88' lang='lat' dir='ltr'>curn</span> <span class='ocrx_word' id='word_1_341' title='bbox 194 2079 266 2115; x_wconf 86' lang='lat' dir='ltr'>diabolo</span> <span class='ocrx_word' id='word_1_342' title='bbox 278 2079 387 2114; x_wconf 77' lang='lat' dir='ltr'>sustinebis.¹</span> <span class='ocrx_word' id='word_1_343' title='bbox 410 2080 440 2114; x_wconf 90' lang='lat' dir='ltr'>Ad</span> <span class='ocrx_word' id='word_1_344' title='bbox 450 2079 484 2114; x_wconf 90' lang='lat' dir='ltr'>hec</span> <span class='ocrx_word' id='word_1_345' title='bbox 495 2091 528 2114; x_wconf 83' lang='lat' dir='ltr'>rex</span> <span class='ocrx_word' id='word_1_346' title='bbox 540 2080 616 2113; x_wconf 87' lang='lat' dir='ltr'>miratus</span> <span class='ocrx_word' id='word_1_347' title='bbox 628 2080 733 2124; x_wconf 85' lang='lat' dir='ltr'>respondit:</span> <span class='ocrx_word' id='word_1_348' title='bbox 745 2080 815 2114; x_wconf 89' lang='lat' dir='ltr'>‘Video</span> <span class='ocrx_word' id='word_1_349' title='bbox 826 2086 845 2114; x_wconf 85' lang='lat' dir='ltr'>te</span> 
     </span>
     <span class='ocr_line' id='line_1_38' title="bbox 142 2133 844 2178; baseline 0.001 -11"><span class='ocrx_word' id='word_1_350' title='bbox 142 2134 201 2168; x_wconf 85' lang='lat' dir='ltr'>minas</span> <span class='ocrx_word' id='word_1_351' title='bbox 209 2139 282 2167; x_wconf 85' lang='lat' dir='ltr'>nostras</span> <span class='ocrx_word' id='word_1_352' title='bbox 290 2145 327 2167; x_wconf 91' lang='lat' dir='ltr'>non</span> <span class='ocrx_word' id='word_1_353' title='bbox 335 2133 406 2176; x_wconf 87' lang='lat' dir='ltr'>timere,</span> <span class='ocrx_word' id='word_1_354' title='bbox 415 2139 433 2168; x_wconf 90' lang='lat' dir='ltr'>et</span> <span class='ocrx_word' id='word_1_355' title='bbox 440 2135 496 2168; x_wconf 90' lang='lat' dir='ltr'>verba</span> <span class='ocrx_word' id='word_1_356' title='bbox 504 2139 535 2167; x_wconf 89' lang='lat' dir='ltr'>tua</span> <span class='ocrx_word' id='word_1_357' title='bbox 543 2144 585 2167; x_wconf 89' lang='lat' dir='ltr'>esse</span> <span class='ocrx_word' id='word_1_358' title='bbox 593 2133 639 2167; x_wconf 91' lang='lat' dir='ltr'>sicut</span> <span class='ocrx_word' id='word_1_359' title='bbox 647 2138 665 2167; x_wconf 88' lang='lat' dir='ltr'>et</span> <span class='ocrx_word' id='word_1_360' title='bbox 674 2136 739 2178; x_wconf 74' lang='lat' dir='ltr'>opera.¹</span> <span class='ocrx_word' id='word_1_361' title='bbox 754 2133 844 2178; x_wconf 90' lang='lat' dir='ltr'>Verump·</span> 
     </span>
     <span class='ocr_line' id='line_1_39' title="bbox 142 2186 844 2230; baseline -0.003 -9"><span class='ocrx_word' id='word_1_362' title='bbox 142 2194 204 2222; x_wconf 88' lang='lat' dir='ltr'>tamen</span> <span class='ocrx_word' id='word_1_363' title='bbox 215 2186 299 2230; x_wconf 90' lang='lat' dir='ltr'>quamuis</span> <span class='ocrx_word' id='word_1_364' title='bbox 310 2186 360 2220; x_wconf 90' lang='lat' dir='ltr'>idem</span> <span class='ocrx_word' id='word_1_365' title='bbox 371 2197 405 2222; x_wconf 80' lang='lat' dir='ltr'>rex</span> <span class='ocrx_word' id='word_1_366' title='bbox 416 2187 473 2221; x_wconf 87' lang='lat' dir='ltr'>nollet</span> <span class='ocrx_word' id='word_1_367' title='bbox 484 2186 603 2229; x_wconf 90' lang='lat' dir='ltr'>acquiescere</span> <span class='ocrx_word' id='word_1_368' title='bbox 615 2196 660 2219; x_wconf 87' lang='lat' dir='ltr'>sane</span> <span class='ocrx_word' id='word_1_369' title='bbox 671 2186 753 2220; x_wconf 91' lang='lat' dir='ltr'>doctrine</span> <span class='ocrx_word' id='word_1_370' title='bbox 764 2187 798 2221; x_wconf 89' lang='lat' dir='ltr'>viri</span> <span class='ocrx_word' id='word_1_371' title='bbox 810 2187 844 2227; x_wconf 87' lang='lat' dir='ltr'>dei,</span> 
     </span>
     <span class='ocr_line' id='line_1_40' title="bbox 142 2237 844 2281; baseline 0 -8"><span class='ocrx_word' id='word_1_372' title='bbox 142 2244 203 2273; x_wconf 88' lang='lat' dir='ltr'>tamen</span> <span class='ocrx_word' id='word_1_373' title='bbox 210 2249 251 2272; x_wconf 94' lang='lat' dir='ltr'>cum</span> <span class='ocrx_word' id='word_1_374' title='bbox 260 2238 329 2272; x_wconf 89' lang='lat' dir='ltr'>honore</span> <span class='ocrx_word' id='word_1_375' title='bbox 335 2249 401 2280; x_wconf 86' lang='lat' dir='ltr'>magno</span> <span class='ocrx_word' id='word_1_376' title='bbox 406 2237 477 2272; x_wconf 90' lang='lat' dir='ltr'>remisit</span> <span class='ocrx_word' id='word_1_377' title='bbox 484 2239 555 2272; x_wconf 91' lang='lat' dir='ltr'>eumad</span> <span class='ocrx_word' id='word_1_378' title='bbox 562 2237 648 2281; x_wconf 88' lang='lat' dir='ltr'>Pipinum</span> <span class='ocrx_word' id='word_1_379' title='bbox 655 2238 720 2273; x_wconf 90' lang='lat' dir='ltr'>ducem</span> <span class='ocrx_word' id='word_1_380' title='bbox 727 2238 844 2273; x_wconf 83' lang='lat' dir='ltr'>Francorum.</span> 
     </span>
     <span class='ocr_line' id='line_1_41' title="bbox 114 2290 845 2338; baseline -0.003 -11"><span class='ocrx_word' id='word_1_381' title='bbox 114 2308 134 2338; x_wconf 78' lang='lat'>4⁰</span> <span class='ocrx_word' id='word_1_382' title='bbox 143 2292 233 2327; x_wconf 88' lang='lat' dir='ltr'>Defuncto</span> <span class='ocrx_word' id='word_1_383' title='bbox 249 2291 323 2325; x_wconf 91' lang='lat' dir='ltr'>tandem</span> <span class='ocrx_word' id='word_1_384' title='bbox 339 2290 409 2334; x_wconf 76' lang='lat' dir='ltr'>Pipino,</span> <span class='ocrx_word' id='word_1_385' title='bbox 425 2291 501 2325; x_wconf 91' lang='lat' dir='ltr'>Carolus</span> <span class='ocrx_word' id='word_1_386' title='bbox 520 2291 569 2325; x_wconf 88' lang='lat' dir='ltr'>filius</span> <span class='ocrx_word' id='word_1_387' title='bbox 584 2291 624 2325; x_wconf 90' lang='lat' dir='ltr'>eius</span> <span class='ocrx_word' id='word_1_388' title='bbox 639 2291 745 2335; x_wconf 84' lang='lat' dir='ltr'>succedens,</span> <span class='ocrx_word' id='word_1_389' title='bbox 761 2291 845 2332; x_wconf 79' lang='lat' dir='ltr'>Frisium,</span> 
     </span>
     <span class='ocr_line' id='line_1_42' title="bbox 142 2342 845 2388; baseline -0.001 -8"><span class='ocrx_word' id='word_1_390' title='bbox 142 2345 215 2388; x_wconf 89' lang='lat' dir='ltr'>deuicto</span> <span class='ocrx_word' id='word_1_391' title='bbox 234 2342 337 2386; x_wconf 88' lang='lat' dir='ltr'>Rathbodo,</span> <span class='ocrx_word' id='word_1_392' title='bbox 351 2343 385 2378; x_wconf 90' lang='lat' dir='ltr'>sibi</span> <span class='ocrx_word' id='word_1_393' title='bbox 401 2343 517 2387; x_wconf 82' lang='lat' dir='ltr'>subiugauit:</span> <span class='ocrx_word' id='word_1_394' title='bbox 536 2344 607 2388; x_wconf 86' lang='lat' dir='ltr'>quain</span> <span class='ocrx_word' id='word_1_395' title='bbox 621 2349 676 2388; x_wconf 83' lang='lat' dir='ltr'>gente</span> <span class='ocrx_word' id='word_1_396' title='bbox 691 2349 765 2379; x_wconf 86' lang='lat' dir='ltr'>sanctus</span> <span class='ocrx_word' id='word_1_397' title='bbox 779 2345 845 2379; x_wconf 89' lang='lat' dir='ltr'>Wille-</span> 
     </span>
     <span class='ocr_line' id='line_1_43' title="bbox 143 2396 845 2443; baseline -0.003 -10"><span class='ocrx_word' id='word_1_398' title='bbox 143 2399 220 2433; x_wconf 91' lang='lat' dir='ltr'>brordus</span> <span class='ocrx_word' id='word_1_399' title='bbox 233 2396 336 2441; x_wconf 90' lang='lat' dir='ltr'>predicator</span> <span class='ocrx_word' id='word_1_400' title='bbox 349 2396 419 2440; x_wconf 88' lang='lat' dir='ltr'>positus</span> <span class='ocrx_word' id='word_1_401' title='bbox 433 2402 466 2437; x_wconf 90' lang='lat' dir='ltr'>est,</span> <span class='ocrx_word' id='word_1_402' title='bbox 480 2402 498 2431; x_wconf 87' lang='lat' dir='ltr'>et</span> <span class='ocrx_word' id='word_1_403' title='bbox 511 2396 530 2431; x_wconf 91' lang='lat' dir='ltr'>in</span> <span class='ocrx_word' id='word_1_404' title='bbox 543 2397 618 2431; x_wconf 86' lang='lat' dir='ltr'>castello</span> <span class='ocrx_word' id='word_1_405' title='bbox 631 2397 735 2432; x_wconf 89' lang='lat' dir='ltr'>traiectensi</span> <span class='ocrx_word' id='word_1_406' title='bbox 747 2399 845 2443; x_wconf 89' lang='lat' dir='ltr'>episcopus</span> 
     </span>
     <span class='ocr_line' id='line_1_44' title="bbox 143 2449 845 2496; baseline -0.004 -9"><span class='ocrx_word' id='word_1_407' title='bbox 143 2453 242 2496; x_wconf 82' lang='lat' dir='ltr'>delegatur.</span> <span class='ocrx_word' id='word_1_408' title='bbox 266 2449 301 2492; x_wconf 81' lang='lat' dir='ltr'>Qui</span> <span class='ocrx_word' id='word_1_409' title='bbox 312 2449 376 2483; x_wconf 89' lang='lat' dir='ltr'>maiori</span> <span class='ocrx_word' id='word_1_410' title='bbox 387 2450 525 2493; x_wconf 84' lang='lat' dir='ltr'>euangelizandi</span> <span class='ocrx_word' id='word_1_411' title='bbox 534 2450 617 2484; x_wconf 85' lang='lat' dir='ltr'>facultate</span> <span class='ocrx_word' id='word_1_412' title='bbox 627 2456 707 2494; x_wconf 83' lang='lat' dir='ltr'>accepta,</span> <span class='ocrx_word' id='word_1_413' title='bbox 715 2462 774 2494; x_wconf 90' lang='lat' dir='ltr'>nuper</span> <span class='ocrx_word' id='word_1_414' title='bbox 784 2451 845 2495; x_wconf 85' lang='lat' dir='ltr'>gladio</span> 
     </span>
    </p>
   </div>
   <div class='ocr_carea' id='block_1_3' title="bbox 177 2567 814 2601">
    <p class='ocr_par' dir='ltr' id='par_1_3' title="bbox 177 2567 814 2601">
     <span class='ocr_line' id='line_1_45' title="bbox 177 2567 814 2601; baseline 0 0"><span class='ocrx_word' id='word_1_415' title='bbox 177 2569 252 2601; x_wconf 82' lang='lat' dir='ltr'>¹E.viri.</span> <span class='ocrx_word' id='word_1_416' title='bbox 293 2569 365 2600; x_wconf 73' lang='lat' dir='ltr'>²omin</span> <span class='ocrx_word' id='word_1_417' title='bbox 373 2568 391 2601; x_wconf 88' lang='lat' dir='ltr'>E.</span> <span class='ocrx_word' id='word_1_418' title='bbox 431 2568 503 2601; x_wconf 77' lang='lat' dir='ltr'>³E.illa.</span> <span class='ocrx_word' id='word_1_419' title='bbox 544 2567 699 2601; x_wconf 66' lang='lat' dir='ltr'>*attineaterra</span> <span class='ocrx_word' id='word_1_420' title='bbox 739 2567 814 2601; x_wconf 62' lang='lat' dir='ltr'>taron.</span> 
     </span>
    </p>
   </div>
   <div class='ocr_carea' id='block_1_4' title="bbox 0 0 892 2803">
    <p class='ocr_par' dir='ltr' id='par_1_4' title="bbox 0 0 892 2803">
     <span class='ocr_line' id='line_1_46' title="bbox 0 0 892 2803; baseline 0 0"><span class='ocrx_word' id='word_1_421' title='bbox 0 0 892 2803; x_wconf 95' lang='lat' dir='ltr'> </span> 
     </span>
    </p>
   </div>
  </div>
 </body>
</html>
