1762 2803
119 133 162 175 288
311 132 390 184 tuoto
405 129 521 192 termut
536 130 629 192 analio

118 257 169 286 retur
180 252 277 287 ostendere
289 251 329 295 quis
341 252 422 295 regende
434 251 511 286 ecclesie
525 253 601 286 deberet
615 252 692 287 idoneus
704 258 767 296 pastor
778 264 819 287 suc-

119 307 190 339 cedere.
214 305 236 338 Et
244 316 292 347 ecce,
298 304 348 338 affuit
356 305 442 339 Andreas
450 306 543 349 apostolus
552 305 626 340 dicens:
638 306 701 348 ‘Quid,
708 306 820 345 charissime,

119 358 244 393 contristaris?
270 358 330 401 Surge
346 363 364 392 et
382 358 466 402 Elphego
481 359 541 392 abbati
559 370 635 392 manum
651 359 726 404 impone
742 371 821 403 eumque

120 414 200 446 desolate
208 411 284 445 ecclesie
292 412 406 445 sacerdotem
415 412 509 445 constitue.
533 412 572 445 Nec
584 417 602 445 te
612 412 713 455 aliquorum
725 412 821 455 prohibeat

102 473 110 501 5
120 465 210 508 potentia:
223 464 311 507 quianon
323 465 345 498 ab
356 464 435 507 homine,
448 466 481 499 sed
492 476 503 499 a
515 465 550 499 deo
561 464 652 508 processit
663 465 697 499 hec
709 464 800 498 sententia
805 464 820 499 ¹.’

121 512 174 552 Dum
189 517 238 552 enim
251 528 284 550 rex
298 517 408 552 Ethelredus
423 523 500 562 propter
513 519 602 562 quasdam
618 518 741 552 dissentiones
757 518 821 552 vrbem

120 571 212 605 obsideret
221 570 324 610 roffensem,
332 570 462 613 patrimonium
473 571 522 605 beati
534 571 610 605 Andree
620 571 697 614 apostoli
709 571 822 604 deuastando

120 622 191 655 inuasit.
215 621 309 655 Mandauit
325 622 342 656 ci
358 622 464 657 Dunstanus
480 634 490 657 a
505 623 583 657 stulticia
598 623 703 666 quiescere:
721 622 822 662 Andream,

120 675 166 709 sicut
174 676 197 709 ad
206 675 326 718 prestandum
334 674 411 717 facilem,
418 675 444 709 sie
452 676 475 709 ad
482 675 607 710 ulciscendum
614 675 696 717 virilem;
709 674 728 708 in
735 679 822 718 promptu

94 740 112 760 10
120 739 162 762 esse
172 733 191 762 vt
201 726 301 771 potentiam
311 726 359 761 illius
369 727 410 771 ipse
421 728 531 771 experiatur,
540 728 556 762 si
566 728 687 762 hereditatem
699 727 747 761 iliius
754 737 823 761 vexare

120 792 157 814 non
171 779 265 814 destiterit.
288 779 408 824 Contemptus
422 792 432 814 a
443 792 486 825 rege
499 781 611 822 Dunstanus,
624 780 690 815 iterum
702 781 767 814 eadem
780 791 823 824 sug-

120 834 172 878 gerit,
184 833 261 876 insuper
272 833 343 876 argenti
356 835 418 877 pondo
434 839 507 868 centum
520 834 631 868 transmittit.
654 834 694 876 Quo
707 838 787 876 accepto,
800 834 823 867 ab

121 886 216 921 obsidione
231 885 312 920 recessit.
336 885 423 920 Miratur²
437 886 545 921 Dunstanus
559 886 639 921 hominis
655 886 777 931 cupiditatem,
789 885 823 920 hoc

121 940 147 973 illi
162 938 258 974 confestim
274 938 357 982 scripsit:
377 939 434 982 ‘Quia
448 940 539 983 pretulisti
557 940 654 984 pecuniam
672 941 712 980 deo,
728 944 823 982 argentum

96 1007 114 1036 15
123 993 210 1035 apostolo,
218 1002 259 1024 mee
269 991 357 1024 voluntati
369 997 418 1025 tuam
430 992 552 1035 cupiditatem,
560 992 647 1026 velociter
654 991 729 1026 venient
741 1002 797 1034 super
806 996 824 1024 te

122 1045 171 1079 mala
184 1055 220 1089 que
233 1043 303 1077 locutus
317 1049 345 1078 est
359 1044 456 1080 dominus:
473 1045 521 1079 mala
533 1044 593 1089 qualia
607 1056 644 1079 non
659 1044 737 1087 fuerunt,
751 1055 775 1078 ex
788 1055 824 1087 quo

122 1109 169 1142 gens
184 1096 288 1140 Anglorum
303 1107 382 1141 regnare
399 1098 452 1142 cepit,
465 1109 524 1142 vsque
539 1099 562 1132 ad
577 1103 650 1142 tempus
664 1098 714 1132 illud.
736 1097 824 1131 Attamen

122 1151 196 1185 viuente
209 1161 240 1184 me
253 1149 288 1183 ista
301 1161 338 1183 non
352 1156 411 1193 erunt,
425 1151 511 1195 quoniam
524 1156 542 1185 et
558 1152 592 1185 hoc
605 1152 676 1185 locutus
688 1155 716 1185 est
729 1150 825 1184 dominus!

123 1197 211 1250 Quadam
225 1208 283 1244 nocte,
295 1204 339 1237 dum
353 1204 440 1238 dormiret
452 1205 564 1245 Dunstanus,
576 1215 609 1248 per
620 1204 680 1239 visum
692 1208 755 1247 raptus
767 1208 795 1237 est
806 1203 824 1237 in

96 1273 115 1294 20
123 1258 188 1299 celum,
202 1262 220 1290 et
235 1255 321 1290 intererat
336 1257 395 1291 beatis
410 1257 513 1300 agminibus
528 1258 570 1291 iliis.
597 1258 728 1292 Oblectabatur
743 1257 825 1290 modula·

123 1310 203 1344 tionibus
214 1309 327 1352 angelorum,
337 1320 390 1343 suam
400 1310 507 1353 genitricem
520 1310 572 1354 quasi
584 1310 659 1354 nuptiali
670 1309 750 1344 thalamo
761 1314 825 1343 eterno

123 1363 173 1407 regi³
185 1362 308 1406 copulantium
320 1367 338 1396 et
348 1373 405 1396 suaue
417 1363 534 1406 Kyrieleison
547 1363 616 1406 [cumP
626 1363 701 1407 hymnis
713 1367 730 1396 et
742 1363 825 1396 laudibus

124 1414 259 1448 modulantibus
275 1414 359 1456 organis⁵
374 1416 504 1448 resonantium.
533 1416 604 1456 Quibus
618 1417 660 1448 dum
674 1416 715 1458 ipse
727 1415 825 1457 magnifice

124 1467 224 1501 delectatus
234 1465 342 1508 intenderet,
351 1466 428 1500 accessit
439 1467 462 1500 ad
472 1478 515 1500 eum
526 1467 601 1512 quidam
612 1466 685 1501 iuuenis
695 1466 826 1500 candidissimo

98 1533 116 1563 ²5
124 1526 183 1554 tectus
192 1519 263 1560 amictu,
274 1519 347 1553 dicens:
360 1520 431 1560 ‘Quare
441 1520 527 1554 omnibus
539 1520 579 1553 aliis
591 1520 713 1563 gaudentibus
724 1525 742 1553 et
753 1525 826 1553 cantan-

124 1572 173 1606 tibus
181 1578 200 1605 tu
208 1571 257 1605 solus
265 1576 315 1604 taces
323 1571 342 1604 in
350 1571 418 1614 nuptiis
426 1571 489 1605 matris
498 1573 549 1605 tuei’
565 1572 601 1613 Qui
609 1572 714 1615 respondit:
726 1581 747 1604 se
755 1571 826 1605 nescire

125 1624 169 1669 quid
183 1624 201 1659 in
214 1624 287 1657 laudern
299 1623 344 1657 tanti
357 1623 406 1668 regis
420 1629 492 1658 cantare
506 1630 574 1668 posset.
597 1624 630 1659 Cui
643 1624 684 1659 ille:
702 1623 750 1667 ‘Vis,
763 1623 827 1668 inquit,

125 1678 190 1712 instrui
198 1676 241 1721 quid
250 1681 323 1710 cantare
331 1677 419 1711 debeas?'
440 1677 553 1721 Respondit:
567 1677 645 1721 ‘Cupio'
665 1678 687 1712 Et
695 1677 735 1712 ille:
748 1677 826 1713 ‘Cantau

126 1731 158 1764 “O
174 1742 207 1765 rex
221 1729 324 1763 dominator
338 1729 425 1773 gentium,
439 1730 490 1764 salua
504 1742 563 1775 genus
577 1730 718 1765 christianorum
733 1731 793 1764 adhuc
808 1731 826 1765 in

98 1801 118 1830 30
125 1790 174 1819 terra
188 1782 350 1828 peregrinantium,
363 1788 383 1817 vt
394 1789 412 1817 et
423 1783 459 1827 ipsi
471 1789 513 1827 post
524 1784 627 1818 inimicitias
640 1785 663 1818 ad
676 1783 753 1828 gratiam
765 1795 827 1818 reuer-

125 1843 191 1878 tantur,
202 1841 220 1870 et
232 1835 314 1879 angelice
327 1835 380 1869 ruine
392 1847 427 1879 per
437 1836 478 1870 ilios
490 1837 556 1870 damna
568 1838 703 1881 reparentur.”'
727 1837 766 1881 Ego
778 1838 827 1871 enim

125 1890 188 1934 sepius
202 1888 378 1932 1egi⁰Dunstanum
391 1889 410 1922 in
422 1890 487 1923 eadem
499 1889 575 1932 visione,
587 1891 636 1933 quod
650 1890 772 1933 subsequitur,
785 1901 828 1924 can·

126 1948 165 1976 tare
175 1943 271 1976 edoctum:
289 1941 316 1974 ‘O
325 1952 358 1975 rex
369 1941 451 1985 gentium
464 1942 568 1976 dominator
579 1943 666 1985 omnium,
677 1947 753 1986 propter
764 1944 829 1976 sedem

127 1994 226 2029 maiestatis
242 1998 273 2027 tue
291 1994 314 2027 da
331 1994 384 2027 nobis
402 1993 539 2038 indulgentiam,
559 2006 592 2028 rex
612 1995 690 2037 Christe,
707 1999 829 2038 peccatorum.

99 2061 117 2091 35
127 2048 221 2092 Alleluya!
243 2047 296 2088 Quod
312 2046 374 2090 sepius
389 2046 420 2081 ille
435 2053 517 2089 cantans,
530 2053 549 2081 et
564 2053 656 2091 repetens,
668 2047 715 2081 miro
730 2048 785 2081 modo
798 2048 829 2082 de-

126 2102 231 2135 lectabatur.
255 2099 400 2143 Expergefactus
416 2100 477 2134 statim
496 2100 546 2134 iliam
563 2100 683 2144 antiphonam
700 2099 753 2134 iussit
769 2100 829 2135 scribi.

126 2147 227 2200 ⁷Quodam
241 2159 324 2197 tempore
338 2164 371 2187 rex
385 2153 469 2197 Edgarns
483 2154 541 2188 adhuc
554 2153 619 2188 viuens
632 2155 675 2188 dum
687 2159 773 2188 venatum
787 2165 829 2198 per-

126 2215 182 2252 geret,
196 2207 317 2246 Dunstanum‚
329 2207 388 2241 donec
400 2207 473 2249 rediret,
485 2207 560 2241 missam
572 2207 646 2241 differre
658 2206 733 2251 rogauit.
755 2207 829 2251 Appro-

127 2261 228 2304 pinquante
236 2259 281 2292 hora
289 2259 347 2301 tertia,
352 2260 381 2293 vir
388 2259 417 2293 dei
425 2260 482 2293 sacris
490 2259 662 2302 induiturvestibus,
668 2270 732 2303 regem
740 2265 830 2303 expectat,

99 2327 119 2356 40
127 2319 178 2347 stans
192 2311 257 2346 cubitis
270 2311 344 2345 innixus
356 2312 413 2354 altari,
427 2312 520 2345 lachrimis
533 2312 605 2345 deditus
617 2317 636 2345 et
647 2311 728 2345 orationi.
752 2311 775 2344 Et
788 2323 830 2346 ecce

127 2366 187 2400 subito
199 2375 265 2408 sopore
277 2364 354 2398 leuiter³
365 2376 447 2408 pressus,
459 2371 522 2408 raptus
536 2365 555 2398 in
567 2365 626 2399 celum
640 2371 658 2400 et
671 2365 743 2398 iunctus
755 2365 830 2408 angelis,

128 2419 177 2452 audit
197 2417 273 2452 eosdem
294 2417 369 2451 trinitati
390 2418 487 2451 modulatis
505 2418 581 2452 vocibus
603 2428 683 2452 canere:
707 2416 830 2460 Kyrieleison‚

149 2485 187 2516 ¹Ci.
196 2485 240 2514 Vinc.
249 2485 289 2515 Bell.
297 2485 346 2516 XXV.
355 2495 370 2523 3.
404 2485 516 2516 zadmiratus.
552 2486 586 2516 3ΙΞ.
595 2496 636 2523 rege.
672 2485 759 2516 ⁴E.T.et.
796 2487 830 2517 ⁵T.

130 2526 202 2560 organis3
213 2524 230 2552 E.
238 2525 320 2559 organicis.
342 2525 387 2555 Vita:
398 2530 415 2553 et
423 2535 472 2554 suave
480 2527 530 2562 Kyrie
538 2526 605 2562 eleyson
612 2525 727 2554 modulantibus
735 2526 799 2562 organis
806 2536 830 2554 re-

129 2563 229 2597 sonantium
240 2563 258 2593 cf.
268 2563 340 2594 Eadmcr.
406 2563 412 2582 ⁵
422 2564 445 2594 Cf.
453 2564 489 2594 Vita
499 2568 563 2594 auctore
574 2564 592 2594 B.
603 2564 704 2603 Presbytero,
715 2564 756 2595 Boll.
767 2575 782 2604 p.
794 2574 829 2604 345,

129 2604 161 2633 and
169 2604 240 2633 Eadmer.
280 2602 286 2620 ⁷
296 2604 319 2633 Ci
327 2604 399 2642 Eadmer,
406 2604 451 2634 Vinc,
459 2605 505 2635 nen.-
540 2604 546 2621 ὅ
556 2605 574 2634 E.
582 2604 643 2635 leniter.
