1762 2803
113 82 183 178 '494
213 163 215 170 ,
330 120 409 172 mona
425 117 542 181 tuumne
557 116 650 181 annito·
722 119 842 165 [areana

139 242 174 276 bus
185 239 286 285 virginibus
298 243 355 282 erant,
365 245 420 284 atque
432 238 534 282 Anastasia,
544 240 626 284 virgines
637 239 760 275 illustrissime
771 245 789 274 et
800 250 843 284 pru·

140 296 205 329 dentes
220 295 283 336 valde,
303 304 374 328 necnon
393 293 425 327 et1
442 293 476 327 alie
495 293 629 339 quamplurest
659 293 700 327 Fuit
718 294 772 328 etiam
791 293 844 328 beata

140 347 231 382 Lucencia
243 356 284 381 curn
296 357 322 389 eo,
333 346 384 389 virgo
396 346 539 390 prudentissima
550 352 568 381 et
579 346 645 382 nobilis
656 352 694 382 tam
706 348 766 381 animo
778 347 843 391 quam³

139 411 212 445 genere,
223 400 259 433 filia
270 399 330 443 patrui
341 399 398 443 patris
409 398 468 443 ipsius
476 399 543 434 Vrsule
551 400 620 444 sponsi,
630 411 671 435 cnm
683 405 741 435 matre
753 400 844 435 honestis-

123 455 187 493 ssima
199 453 295 486 comitissa.
318 453 373 485 Pater
386 452 448 495 itaque
461 452 544 486 eiusdem
557 453 629 486 iuuenis
642 464 676 486 rex
690 453 751 486 senior
764 454 787 486 de
801 453 844 496 lupo

140 511 158 541 et
169 515 212 541 vrso
223 504 291 540 crudeli
303 509 383 540 mutatus
395 504 413 538 in
425 514 485 548 ouem,
496 504 515 538 in
527 505 602 550 proprio
614 515 671 551 regno
683 506 784 550 baptizatus
796 505 844 541 bona

140 559 183 593 obiit
195 563 253 592 morte
265 563 283 592 et
298 558 328 593 in1
339 568 383 593 vera
395 558 463 593 Christi
475 559 595 593 consessione.
618 559 645 593 0¹
656 559 718 603 quanti
729 565 772 594 tunc
784 560 844 602 gaudii

141 612 241 646 iocunditas
254 611 350 646 vniuersos
366 612 520 653 letificauit,'cum
534 612 620 645 iuuenem
633 618 670 646 tam
686 624 797 656 generosum
813 613 845 646 ac³

141 665 221 699 nobilem
231 675 299 708 sponse
308 665 365 698 nobili
373 666 456 700 viderent
465 666 485 699 in
494 664 544 699 omni
555 665 645 708 probitate
657 666 742 708 coequari
751 671 769 700 et
778 666 844 701 hones·

115 721 187 752 10tate!
217 718 358 761 Elegantissime
373 729 416 752 vero
432 724 470 752 erat
485 716 516 751 illa
530 716 674 760 pulchritudinis,
688 718 764 762 elegans
779 722 796 752 et
811 718 845 753 iste

141 770 196 805 nimis
207 770 240 805 suit
253 775 271 804 et
281 772 363 805 decorus.
386 769 454 813 Viginti
465 780 510 804 sane
522 774 540 804 et
551 769 631 814 quinque
642 781 732 805 annorum
744 776 762 805 et
773 775 845 814 septem

142 823 233 859 mensium
249 824 307 858 ferme
323 822 393 858 extitit¹
408 834 430 857 eo
448 828 532 867 tempore
550 822 611 857 idem⁴
626 822 703 866 iuuenis,
717 830 735 858 et
750 824 780 858 illa
795 823 845 859 sere³

142 880 207 911 decem
220 883 238 911 et
251 884 322 921 septem
337 887 427 910 annornm
442 881 480 909 erat
493 882 511 909 et
524 875 579 910 trium
594 877 691 910 mensium,
720 877 768 919 Quid
781 877 845 920 plura?

143 932 190 965 filius
198 931 228 964 ille
237 929 285 973 regis
293 935 311 964 et
318 939 352 963 rex
360 929 418 963 iunior
424 928 497 962 inclitus
505 933 523 962 et
530 928 610 970 illustris,
619 933 673 972 atque
680 930 720 972 ipsa
728 929 845 963 nihilominus

117 997 134 1027 15
143 984 180 1018 filia
189 983 238 1027 regis
245 981 302 1017 incliti
311 986 329 1017 et
338 981 401 1025 regina
411 980 477 1017 nobilis
488 991 508 1017 ac
518 991 612 1025 generosa,
621 981 730 1018 immensam
740 987 845 1018 cunctorum

142 1036 220 1071 leticiam
232 1035 263 1079 qui
274 1036 297 1070 ad
308 1041 346 1069 tam
357 1034 459 1069 admirandi
471 1034 532 1078 gaudii
545 1035 669 1079 spectaculum
681 1040 775 1078 venerant,
787 1035 846 1070 subito

143 1089 262 1125 conuertuntfl
277 1088 296 1123 in
313 1087 415 1130 lachrimas
432 1093 450 1122 et
468 1098 541 1123 merore
560 1087 615 1122 nimio
631 1089 728 1123 uniuersos
748 1087 847 1124 sauciant⁷.

144 1143 238 1177 Festinant
246 1153 290 1185 ergo
298 1142 401 1186 quantotius
409 1142 432 1175 ad
440 1142 534 1184 brauium;
544 1147 645 1185 properant
652 1143 675 1176 ad
684 1142 714 1175 diu
723 1142 846 1177 desideratum

143 1195 178 1229 sibi
188 1194 299 1228 martirium:
316 1194 353 1227 filie
363 1192 433 1237 regum,
444 1194 516 1235 ducum,
528 1198 546 1226 et
556 1193 665 1237 principum,
677 1194 734 1227 immo
745 1204 800 1238 reges
811 1195 846 1238 ipsi

117 1261 136 1284 20
144 1258 185 1283 cum
197 1247 270 1291 reginis,
282 1246 371 1282 1111115518Β
382 1251 401 1281 et
416 1246 514 1281 comitissis
529 1246 621 1281 festinanti
637 1257 691 1281 cursu
703 1252 782 1291 pergunt
794 1246 846 1281 Colo·

144 1302 198 1337 niam.
221 1302 262 1344 Quo
273 1311 315 1335 cum
326 1300 459 1345 peruenissent,
471 1304 593 1344 reppererunt
605 1304 679 1343 gentem
693 1299 791 1334 Hunorum
806 1300 847 1334 bar·

144 1355 223 1391 baricam
235 1355 295 1398 ipsam
306 1353 402 1389 obsedisse
413 1353 508 1389 ciuitatem.
531 1353 621 1397 Princeps
630 1353 685 1398 igitur
695 1355 796 1388 eorundem
806 1355 847 1388 bar·

144 1411 230 1443 barorum
242 1413 294 1441 extra
304 1418 378 1441 murum
390 1406 479 1449 residens,
491 1417 548 1450 super
559 1411 608 1441 tanta
619 1407 722 1450 puellarum
733 1406 847 1441 multitudine

145 1467 198 1505 atque
214 1459 352 1494 domicellarum
367 1458 448 1493 exercitu
463 1458 574 1501 ammiratus,
588 1470 620 1493 eas
633 1459 676 1493 fecit
689 1458 723 1493 sibi
739 1459 847 1503 presentari.

119 1526 137 1554 25
145 1516 163 1549 A
174 1515 240 1558 quibus
250 1524 294 1547 mox
305 1524 369 1557 genus,
378 1513 462 1557 patriam,
473 1518 527 1556 atque
538 1514 629 1546 aduentus
640 1513 711 1547 illarum
723 1524 797 1547 causam
808 1512 847 1547 dili-

145 1566 196 1611 genti
203 1566 290 1610 requiritl
300 1565 444 1609 inuestigatione.
467 1566 524 1600 Beata
532 1566 600 1609 quippe
607 1566 674 1600 Vrsula
684 1577 726 1600 curn
736 1577 804 1610 sponso
815 1576 847 1600 suo

146 1618 215 1664 pariter
226 1623 331 1663 presentata
341 1617 418 1659 tiranno,
426 1618 509 1662 protinus
519 1618 576 1652 oculis
587 1618 626 1652 eius
634 1619 706 1663 placuit,
715 1625 733 1653 et
741 1619 821 1653 animum
829 1619 848 1652 in

146 1673 196 1707 illam
207 1677 265 1706 totum
277 1670 343 1714 iniecit,
351 1670 450 1705 ammirans
458 1671 534 1715 virginis
546 1671 654 1715 elegantiam
666 1672 805 1716 pulchritudinis
817 1683 848 1706 ex-

146 1725 197 1769 pauit
205 1726 296 1765 decorem,
305 1734 382 1766 eamque
390 1723 425 1756 sibi
433 1723 498 1756 sociari
506 1724 614 1767 concupiuit.
634 1724 693 1766 Quem
699 1725 756 1768 virgo,
762 1724 799 1757 iam
806 1730 848 1757 ante

119 1789 157 1821 goa
171 1777 234 1812 celesti
247 1786 316 1821 sponso
329 1781 347 1810 et
361 1776 409 1821 regis
423 1775 459 1810 filio
471 1776 530 1811 eterni
541 1776 629 1811 dotaliciis
643 1777 738 1812 subarrata
751 1777 848 1811 celestibus

147 1836 286 1875 contempnens,
294 1829 397 1874 nephandis
405 1828 445 1863 eius
450 1829 463 1850 ¹⁰
471 1829 588 1874 acquiescere
596 1830 692 1865 desideriis
700 1831 772 1875 refugit.
792 1830 848 1865 Porro

146 1889 244 1927 antequam
252 1882 271 1916 in
279 1893 344 1916 manus
352 1881 460 1916 incidissent
467 1882 587 1924 tirannorum,
595 1883 643 1918 bono
651 1889 670 1918 et
677 1883 746 1918 salubri
752 1884 849 1918 utebantur

147 1935 226 1978 consilio,
238 1940 292 1979 atque
299 1934 348 1970 beati
355 1934 449 1969 Laurentii
459 1935 551 1980 exemplo,
559 1936 590 1981 qui
601 1936 699 1971 thezauros
710 1936 787 1972 ecclesie
799 1936 848 1971 dedit

147 1989 264 2033 pauperibus,
280 1993 361 2032 agentes,
378 1988 464 2032 quicquid
483 1989 519 2022 illis
538 1999 667 2033 expensarum,
682 1991 761 2023 vestium
780 1990 849 2033 precio·

121 2054 139 2083 35
148 2052 214 2084 sarum,
229 2041 358 2075 thezaurorum
373 2046 428 2085 atque
445 2045 594 2076 ornamentorum
610 2046 649 2076 erat
663 2042 763 2085 residuum,
778 2041 850 2076 ciuitate

148 2094 223 2130 Colonia
235 2095 367 2138 expendentes,
381 2094 468 2137 ecclesiis,
485 2094 552 2129 Christi
567 2094 680 2139 pauperibus
695 2095 793 2140 eroganda,
808 2093 850 2130 reli-

148 2153 232 2192 querunt.
260 2147 381 2181 considerent
396 2147 430 2181 ista
445 2148 516 2191 diuites,
531 2148 597 2191 prelati
612 2152 630 2182 et
646 2147 721 2190 nobiles,
736 2148 818 2192 episcopi
833 2152 851 2182 et

150 2200 231 2241 comites,
244 2201 276 2243 qui
289 2200 376 2235 ecclesias
390 2201 457 2235 Christi
471 2207 489 2234 et
502 2211 594 2244 pauperes
608 2201 690 2243 spoliant,
704 2202 735 2243 qui
749 2203 772 2235 de
787 2200 851 2235 alienis

148 2252 242 2287 laboribus
255 2262 276 2285 se
291 2252 353 2294 ditant,
367 2259 385 2286 et
400 2258 534 2296 postmortem
549 2263 579 2286 res
593 2263 696 2296 pauperum
709 2252 850 2297 imperatoribus

122 2319 142 2350 40
150 2312 168 2341 et
180 2305 265 2339 diuitibus
280 2305 306 2348 [in
316 2316 374 2340 vanos
387 2317 432 2340 vsus
443 2305 586 2349 consumendos]
592 2305 604 2325 ¹¹
616 2306 726 2351 relinquunt,
738 2306 810 2351 sibique
823 2306 850 2340 in-

150 2358 227 2395 fernalia
237 2358 326 2403 supplicia
337 2364 440 2394 mercantes
452 2358 571 2404 conquirunt!
595 2359 643 2395 Ecce
651 2359 731 2404 virgines
741 2360 776 2395 iste
786 2360 851 2404 suique

169 2483 266 2513 ²ominl3.
313 2482 347 2511 ²13.
355 2483 417 2520 alieque
425 2483 482 2519 plures.
527 2483 562 2515 3Β.
570 2489 591 2514 et.
637 2484 673 2515 4Β.
682 2485 716 2522 ipse
724 2486 769 2516 idern.
816 2484 852 2513 ὅΒ.

149 2533 193 2554 vero.
247 2522 373 2553 ⁶B.conue1tit.
423 2521 546 2554 ⁷B.sauciavit.
599 2522 852 2563 ⁸E.dueississis;13.etd.;et

150 2564 234 2595 comitissis
245 2573 275 2595 om.
317 2563 322 2582 ⁹
332 2563 346 2593 Β
358 2563 427 2601 inquirit.
468 2564 479 2583 ¹⁰
489 2563 507 2594 Ε,
516 2563 544 2594 eis,
586 2563 596 2582 ¹¹
607 2573 625 2594 so
633 2564 651 2596 B.
811 2576 815 2588 ¹
