1762 2803
130 176 176 222 704
390 161 514 224 apportate
532 164 576 211 111.

130 285 233 320 destitutus?
254 285 332 319 Verbum
343 285 441 319 Salomonis
452 291 488 319 est:
505 284 553 327 ‘Fut
565 283 650 318 accedens
661 284 684 318 ad
695 282 794 318 seruitutem
806 281 833 317 dei

130 342 158 370 sta
170 336 188 370 in
201 335 268 369 iusticia
280 341 297 369 et
311 335 376 378 timore,
389 341 407 369 et
419 347 493 379 prepara
504 334 581 369 animam
595 341 643 368 tuam
655 335 678 368 ad
690 333 833 378 temptationem!

116 404 118 407 .
130 387 197 420 Videns
205 397 245 427 ergo
253 391 270 419 et
277 386 356 420 inuideas
365 387 435 419 humani
443 386 511 429 generis
520 386 600 420 inimicus
610 385 650 428 quia
660 386 755 419 Guthlacus
765 384 834 419 humili·

131 442 166 471 tate
181 436 281 480 adquirebat
295 438 351 470 celum
366 438 412 480 quod
427 437 456 471 ille
471 437 587 480 superbiendo
605 437 697 470 amiserat:
716 436 773 469 eidem
789 436 834 469 adeo

114 488 251 520 5vehementem
266 487 345 527 spiritum
363 487 480 529 temptationis
494 487 571 528 immisit,
586 493 604 519 ut
620 497 660 518 eum
678 486 695 517 in
710 485 834 527 desperationis

130 537 199 569 foueam
211 537 315 577 deuolueret,
328 536 361 569 nisi
374 536 431 579 ipsum
444 536 524 570 dominus
538 547 569 579 per
583 535 628 570 beati
643 534 758 569 Bartholomei
773 535 834 568 merita

131 588 180 620 oculo
192 586 308 620 misericordie
318 587 431 630 respexisset3
448 593 467 621 vt
478 593 538 631 posset
551 587 608 621 dicere
620 596 660 620 cum
672 586 767 629 propheta:
784 585 834 619 ‘Nisi

131 637 171 680 quia
182 636 261 671 dominus
272 637 338 671 adiuuit
349 649 382 678 me,
391 637 499 680 paulominus
509 637 604 671 habitasset
614 637 631 669 in
642 637 707 670 inferno
718 636 775 669 anima
785 637 834 669 mea!

131 687 194 720 Animo
202 686 260 730 itaque
270 693 390 721 consternatus
400 695 417 722 et
426 698 478 730 supra
485 698 537 730 quam
545 687 592 720 credi
602 686 657 728 possit
668 686 745 720 turbatus
754 697 765 719 a
776 685 834 728 pusill-

105 748 124 770 ιο
131 737 220 770 animitate
228 737 297 780 spiritus
307 743 324 771 et
332 743 438 781 tempestate,
446 738 504 780 fugere
516 742 532 771 et
542 737 628 771 desertum
637 736 716 770 deserere
725 736 834 779 disponebat.

132 789 168 822 Sed
179 788 235 821 eidem
247 789 308 821 beatus
320 789 451 821 Bartholomeus
462 787 569 820 astitit-nec
580 796 632 829 sopor
642 786 684 819 illud
693 792 734 827 erat,
745 786 785 829 quia
796 796 834 828 pre·

132 838 208 871 senciam
220 838 312 878 apostolice
325 837 412 878 dignitatis
425 837 520 880 splendoris
534 830 652 869 inestimabilis
663 836 717 877 gloria
730 836 834 869 declarabat.

131 887 224 930 Apostolus
232 894 289 921 autem
297 887 364 920 dolores
373 887 431 921 afflicti
442 892 514 929 paterna
523 886 592 920 lenitate
604 886 709 928 demulcens,
717 886 722 904 ¹
727 885 766 927 Fili,
774 886 834 928 inquit,

132 938 227 970 confortare
239 943 255 969 et
264 943 302 969 esto
312 938 395 969 robustus.
420 938 493 969 Manum
503 943 550 969 tuam
561 935 622 969 misisti
633 936 655 969 ad
664 936 727 969 forcia:
740 946 775 969 non
785 937 834 969 decet

106 993 124 1024 15
132 987 174 1021 tanti
184 985 266 1030 propositi
276 986 389 1029 professorem
397 987 465 1020 modico
473 986 540 1020 turbine
551 985 668 1028 temptationis
679 986 736 1019 euerti.
759 986 835 1019 Viriliter

131 1048 172 1080 ergo
180 1047 218 1080 age,
225 1042 242 1070 et
251 1037 354 1071 confortetur
361 1048 390 1070 cor
397 1043 450 1079 tuum,
458 1043 475 1071 et
483 1030 549 1071 sustine
556 1037 655 1077 dominum;
667 1037 696 1080 qui
706 1042 723 1070 et
732 1037 747 1070 si
755 1037 834 1080 temptari

132 1088 224 1130 permittat,
234 1087 285 1120 faciet
295 1087 326 1119 tihi
336 1098 375 1119 cum
385 1087 497 1128 temptatione
508 1093 614 1129 prouentum.
638 1087 724 1128 Impulsus
734 1097 805 1119 euersus
815 1097 834 1119 es

131 1143 150 1172 ut
161 1137 242 1172 caderes:
260 1137 295 1171 Sed
306 1136 354 1171 oraui
365 1147 396 1180 pro
407 1143 425 1172 te
437 1143 456 1171 ut
468 1148 503 1172 non
515 1137 582 1171 deficiat
594 1136 639 1183 fides
649 1142 683 1179 tua,
695 1143 712 1170 et
723 1136 792 1171 adiutus
804 1148 833 1172 es:

131 1189 195 1222 etenim
210 1188 290 1220 dominus
305 1187 394 1230 supposuit
409 1198 480 1220 manum
495 1198 549 1221 suam.
573 1188 615 1221 Vult
630 1188 673 1221 deus
688 1187 768 1229 temptari
783 1198 835 1231 quern

105 1248 125 1272 ao
133 1238 198 1281 diligit:
211 1237 250 1271 ideo
258 1237 315 1271 uisitat
323 1248 362 1271 eum
370 1237 444 1272 diluculo
451 1243 468 1271 et
476 1237 533 1272 subito
544 1238 605 1281 probat
615 1237 667 1271 illum.
691 1239 777 1280 Operatur
786 1237 834 1280 equi-

132 1289 172 1322 dem
183 1289 274 1331 temptatio
285 1288 410 1332 probationem,
420 1288 499 1331 probatio
508 1299 549 1323 uero
560 1299 614 1331 spem,
625 1299 664 1331 spes
678 1295 736 1323 autem
748 1300 783 1322 non
795 1300 835 1322 con·

131 1339 192 1371 fundit.
216 1339 280 1371 Beatus
291 1349 332 1379 ergo
343 1338 369 1370 uir
380 1339 409 1380 qui
421 1339 490 1371 confidit
502 1338 519 1370 in
529 1338 604 1378 domino,
612 1344 629 1371 et
638 1338 670 1370 erit
680 1339 761 1371 dominus
772 1339 835 1372 fiducia

132 1388 174 1429 eius,
184 1393 202 1421 et
211 1387 300 1421 brachium
311 1387 365 1429 ipsius
377 1387 394 1420 in
406 1394 482 1431 tempore
495 1388 615 1421 tribulationis.
638 1388 706 1421 Exhibe
716 1394 739 1429 te,
750 1388 779 1430 fili,
791 1388 835 1422 sicut

132 1438 160 1472 dei
167 1438 264 1471 ministrum
270 1437 289 1470 in
296 1439 350 1471 multa
357 1437 450 1481 paciencia.
473 1438 543 1472 Karitas
551 1438 597 1472 enim
604 1439 674 1481 paciens
683 1445 714 1480 est,
721 1450 753 1473 nec
761 1445 786 1473 est
794 1450 836 1474 uera

106 1501 124 1532 ²5
133 1490 195 1523 caritas
203 1489 230 1522 cui
237 1489 326 1531 paciencia
333 1499 367 1522 non
375 1489 445 1522 assistit.
469 1490 489 1522 ln
497 1495 527 1522 tua
534 1499 575 1531 ergo
583 1489 671 1531 paciencia
680 1489 750 1531 posside
758 1490 834 1523 animam

133 1546 190 1573 tuam:
202 1538 242 1582 quia
250 1539 338 1582 paciencia
347 1550 440 1582 pauperum
450 1549 485 1573 non
495 1538 557 1582 peribit
568 1538 586 1572 in
597 1539 654 1573 finem.
677 1540 695 1573 Si
707 1540 783 1574 immittit
792 1540 835 1574 deus

133 1590 248 1623 immissiones
255 1600 286 1631 per
293 1589 364 1630 angelos
372 1591 432 1629 malos,
439 1589 491 1622 mittit
499 1590 551 1622 etiam
560 1595 577 1622 et
588 1590 714 1622 consolationes
724 1600 755 1631 per
764 1591 834 1632 angelos

133 1641 192 1673 bonos.
215 1639 233 1672 Si
247 1639 336 1671 habundat
349 1650 379 1681 pro
392 1638 461 1672 Christo
474 1639 559 1672 tribulatio
572 1645 606 1680 tua,
620 1639 727 1673 habundabit
740 1639 792 1673 etiarn
804 1650 835 1682 per

134 1690 222 1724 Christum
233 1688 327 1722 consolatio
337 1694 372 1722 tua.
395 1688 436 1722 Noli
445 1700 485 1732 ergo
498 1689 520 1723 de
531 1695 560 1723 tua
572 1688 670 1724 infirmitate
679 1690 750 1725 timere:
765 1690 835 1733 spiritus

106 1755 126 1785 30
133 1741 161 1774 dei
169 1747 195 1774 est
202 1740 231 1782 qui
241 1740 311 1773 adiuuat
321 1739 437 1773 infirmitatem
448 1746 500 1774 tuam.
522 1739 541 1773 Si
551 1745 621 1781 exurgat
632 1740 715 1773 aduersus
727 1746 743 1773 te
752 1741 835 1783 prelium3

134 1791 148 1824 si
158 1788 256 1832 exurga[n]t
266 1791 349 1823 aduersus
360 1795 377 1823 te
387 1795 444 1823 castra
453 1790 551 1831 demonum,
560 1790 605 1824 iacta
620 1790 637 1823 in
647 1801 668 1823 eo
679 1791 772 1832 cogitatum
780 1797 834 1832 tuum,

134 1841 201 1874 confide
208 1840 225 1872 in
233 1849 265 1871 eo:
277 1839 314 1882 ipse
323 1839 368 1871 enim
378 1845 405 1872 est
414 1840 460 1872 salus
471 1839 530 1881 populi
539 1840 569 1879 sui,
578 1840 615 1881 ipse
624 1839 656 1873 erit
666 1839 696 1873 tibi
707 1840 758 1874 turris
769 1841 834 1874 fortitu-

133 1890 178 1924 dinis
191 1901 202 1923 a
212 1889 256 1922 facie
268 1889 343 1922 inimici.¹
367 1888 407 1922 Hiis
418 1895 436 1922 et
450 1888 533 1922 similibus
546 1889 602 1929 dictis,
615 1891 704 1931 apostolus
717 1889 801 1932 disparuit
812 1891 838 1929 ab,

134 1940 188 1974 oculis
199 1940 240 1973 eius.
264 1939 294 1973 llle
304 1950 348 1973 uero
359 1939 444 1981 respirans
456 1951 467 1973 a
479 1939 588 1973 tribulatione
600 1941 684 1973 malorum
696 1946 713 1974 et
724 1940 787 1982 dolore,
799 1941 835 1974 ani·

107 2004 125 2035 35
134 2001 215 2034 mumque
226 2001 276 2023 suum
289 1990 306 2023 in
320 1990 354 2023 fide
367 1995 384 2024 et
398 2000 456 2024 amore
472 1989 535 2024 Christi
548 1990 636 2024 stabiliens
649 1996 666 2024 et
679 1991 799 2034 conquadrans
812 1992 835 2026 ad

133 2052 193 2075 omnes
208 2040 324 2082 temptationis
338 2040 421 2081 incursus,
433 2040 451 2072 in
462 2051 506 2073 uoce
517 2040 625 2073 exultationis
637 2041 703 2073 orando
715 2047 732 2073 et
745 2043 835 2083 psallendo

134 2093 225 2124 cantabat:
238 2090 337 2123 ‘Fortitudo
347 2100 386 2123 mea
395 2096 412 2123 et
423 2090 460 2123 laus
470 2089 524 2132 me[a]
536 2089 621 2131 dominus,
630 2096 646 2123 et
654 2091 709 2123 factus
717 2096 743 2124 est
753 2090 805 2124 michi
816 2091 834 2125 in

134 2141 217 2174 salutem)
239 2141 256 2173 A
264 2145 339 2181 tempore
347 2139 376 2173 illo
382 2149 471 2182 nunquam
481 2139 550 2182 spiritus
561 2139 685 2183 desperationis
693 2139 741 2174 illum
749 2141 766 2174 in
777 2140 835 2184 aliquo

134 2197 218 2233 temptare
225 2190 334 2232 presumpsit.

178 2325 209 2357 Da
219 2330 309 2357 Druensis
320 2331 488 2358 rnurrarrortmus
499 2331 604 2366 pantorum,
616 2332 641 2357 aa
652 2332 678 2357 nn
690 2331 793 2359 encraucm

399 2392 454 2417 nahar
466 2386 573 2418 Gurnracr.

107 2462 127 2493 40
166 2455 197 2487 Lia
209 2452 237 2486 die
249 2454 283 2487 duo
296 2453 326 2486 filii
339 2454 452 2496 tenebrarum,
463 2455 604 2496 transfigurantes
617 2464 636 2487 se
648 2453 665 2487 in
677 2455 747 2497 angelos
759 2455 808 2496 lucis,
820 2456 836 2490 ei

195 2504 250 2537 multa
260 2503 376 2546 persuasionis
389 2503 474 2537 instancia
487 2510 568 2546 ceperunt
582 2505 670 2538 consulere
682 2511 701 2539 ut
715 2505 793 2539 continue
806 2516 837 2549 per

135 2556 250 2589 ebdomadam
268 2554 355 2596 ieiunaret‚
371 2559 388 2588 et
405 2554 430 2588 sic
446 2555 518 2597 gradum
534 2565 600 2589 summe
615 2555 723 2598 perfectionis
739 2555 835 2599 attingeret.

135 2607 216 2640 Biduana
224 2611 240 2638 et
248 2605 327 2639 triduana
334 2604 397 2639 ieiunia
404 2604 520 2647 reprobantes,
528 2606 646 2648 proponebant
653 2606 669 2639 ei
677 2605 739 2640 ieiunia
752 2606 809 2650 Moysi
819 2612 836 2640 et
