<?xml version="1.0" encoding="UTF-8"?>
<!DOCTYPE html PUBLIC "-//W3C//DTD XHTML 1.0 Transitional//EN"
    "http://www.w3.org/TR/xhtml1/DTD/xhtml1-transitional.dtd">
<html xmlns="http://www.w3.org/1999/xhtml" xml:lang="en" lang="en">
 <head>
  <title>
</title>
<meta http-equiv="Content-Type" content="text/html;charset=utf-8" />
  <meta name='ocr-system' content='tesseract 3.04.00' />
  <meta name='ocr-capabilities' content='ocr_page ocr_carea ocr_par ocr_line ocrx_word'/>
</head>
<body>
  <div class='ocr_page' id='page_1' title='image "./MN5111ucmf_0/MN5111ucmf_0_0677.png"; bbox 0 0 1762 2803; ppageno 0'>
   <div class='ocr_carea' id='block_1_1' title="bbox 149 90 745 153">
    <p class='ocr_par' dir='ltr' id='par_1_1' title="bbox 149 90 745 153">
     <span class='ocr_line' id='line_1_1' title="bbox 149 90 745 153; baseline -0.018 -4"><span class='ocrx_word' id='word_1_1' title='bbox 149 95 195 150; x_wconf 63' lang='lat' dir='ltr'>bc</span> <span class='ocrx_word' id='word_1_2' title='bbox 209 92 310 147; x_wconf 61' lang='lat' dir='ltr'>sancto</span> <span class='ocrx_word' id='word_1_3' title='bbox 325 90 442 153; x_wconf 65' lang='lat' dir='ltr'>antonno</span> <span class='ocrx_word' id='word_1_4' title='bbox 456 96 486 145; x_wconf 79' lang='lat' dir='ltr'>nc</span> <span class='ocrx_word' id='word_1_5' title='bbox 500 91 646 145; x_wconf 63' lang='lat' dir='ltr'>nauatam</span> <span class='ocrx_word' id='word_1_6' title='bbox 719 98 745 138; x_wconf 68' lang='lat' dir='ltr'>or</span> 
     </span>
    </p>
   </div>
   <div class='ocr_carea' id='block_1_2' title="bbox 47 213 782 2481">
    <p class='ocr_par' dir='ltr' id='par_1_2' title="bbox 47 213 782 2481">
     <span class='ocr_line' id='line_1_2' title="bbox 47 213 750 259; baseline -0.006 -6"><span class='ocrx_word' id='word_1_7' title='bbox 47 220 142 253; x_wconf 85' lang='lat' dir='ltr'>interanea</span> <span class='ocrx_word' id='word_1_8' title='bbox 150 221 213 251; x_wconf 86' lang='lat' dir='ltr'><strong>essent</strong></span> <span class='ocrx_word' id='word_1_9' title='bbox 221 216 292 250; x_wconf 90' lang='lat' dir='ltr'>ruendo</span> <span class='ocrx_word' id='word_1_10' title='bbox 300 214 393 249; x_wconf 86' lang='lat' dir='ltr'>conuulsa.</span> <span class='ocrx_word' id='word_1_11' title='bbox 416 213 520 259; x_wconf 86' lang='lat' dir='ltr'>Episcopus</span> <span class='ocrx_word' id='word_1_12' title='bbox 528 220 589 249; x_wconf 86' lang='lat' dir='ltr'>autem</span> <span class='ocrx_word' id='word_1_13' title='bbox 597 215 621 250; x_wconf 87' lang='lat' dir='ltr'>de</span> <span class='ocrx_word' id='word_1_14' title='bbox 631 225 674 249; x_wconf 88' lang='lat' dir='ltr'>casu</span> <span class='ocrx_word' id='word_1_15' title='bbox 682 220 750 249; x_wconf 88' lang='lat' dir='ltr'>meoet</span> 
     </span>
     <span class='ocr_line' id='line_1_3' title="bbox 47 267 750 313; baseline -0.007 -8"><span class='ocrx_word' id='word_1_16' title='bbox 47 272 120 306; x_wconf 90' lang='lat' dir='ltr'>interitu</span> <span class='ocrx_word' id='word_1_17' title='bbox 129 270 199 311; x_wconf 92' lang='lat' dir='ltr'>dolens,</span> <span class='ocrx_word' id='word_1_18' title='bbox 205 268 259 313; x_wconf 90' lang='lat' dir='ltr'>capiti</span> <span class='ocrx_word' id='word_1_19' title='bbox 267 279 309 302; x_wconf 88' lang='lat' dir='ltr'>meo</span> <span class='ocrx_word' id='word_1_20' title='bbox 317 278 392 302; x_wconf 91' lang='lat' dir='ltr'>manum</span> <span class='ocrx_word' id='word_1_21' title='bbox 401 267 504 311; x_wconf 88' lang='lat' dir='ltr'>[im]posuit</span> <span class='ocrx_word' id='word_1_22' title='bbox 510 268 515 287; x_wconf 88' lang='lat'>¹</span> <span class='ocrx_word' id='word_1_23' title='bbox 521 273 540 301; x_wconf 87' lang='lat' dir='ltr'>et</span> <span class='ocrx_word' id='word_1_24' title='bbox 548 268 601 311; x_wconf 83' lang='lat' dir='ltr'>signo</span> <span class='ocrx_word' id='word_1_25' title='bbox 608 267 668 301; x_wconf 88' lang='lat' dir='ltr'>crucis</span> <span class='ocrx_word' id='word_1_26' title='bbox 676 278 706 301; x_wconf 89' lang='lat' dir='ltr'>me</span> <span class='ocrx_word' id='word_1_27' title='bbox 714 267 750 311; x_wconf 83' lang='lat' dir='ltr'>sig-</span> 
     </span>
     <span class='ocr_line' id='line_1_4' title="bbox 47 320 751 366; baseline -0.006 -8"><span class='ocrx_word' id='word_1_28' title='bbox 47 323 102 358; x_wconf 90' lang='lat' dir='ltr'>nauit.</span> <span class='ocrx_word' id='word_1_29' title='bbox 118 322 207 366; x_wconf 88' lang='lat' dir='ltr'><strong>Cumque,</strong></span> <span class='ocrx_word' id='word_1_30' title='bbox 212 321 253 355; x_wconf 90' lang='lat' dir='ltr'>fusa</span> <span class='ocrx_word' id='word_1_31' title='bbox 260 321 350 362; x_wconf 89' lang='lat' dir='ltr'>oratione,</span> <span class='ocrx_word' id='word_1_32' title='bbox 355 330 385 354; x_wconf 86' lang='lat' dir='ltr'>me</span> <span class='ocrx_word' id='word_1_33' title='bbox 392 321 488 355; x_wconf 83' lang='lat' dir='ltr'>sedentem</span> <span class='ocrx_word' id='word_1_34' title='bbox 494 326 513 355; x_wconf 83' lang='lat' dir='ltr'>et</span> <span class='ocrx_word' id='word_1_35' title='bbox 521 320 570 364; x_wconf 90' lang='lat' dir='ltr'>loqui</span> <span class='ocrx_word' id='word_1_36' title='bbox 576 321 668 355; x_wconf 86' lang='lat' dir='ltr'>valentem</span> <span class='ocrx_word' id='word_1_37' title='bbox 673 320 751 361; x_wconf 87' lang='lat' dir='ltr'>videret,</span> 
     </span>
     <span class='ocr_line' id='line_1_5' title="bbox 47 373 750 418; baseline -0.004 -8"><span class='ocrx_word' id='word_1_38' title='bbox 47 376 109 411; x_wconf 89' lang='lat' dir='ltr'>diuino</span> <span class='ocrx_word' id='word_1_39' title='bbox 119 375 206 410; x_wconf 87' lang='lat' dir='ltr'>instinctu</span> <span class='ocrx_word' id='word_1_40' title='bbox 216 373 327 414; x_wconf 82' lang='lat' dir='ltr'>admonitus,</span> <span class='ocrx_word' id='word_1_41' title='bbox 337 373 456 417; x_wconf 88' lang='lat' dir='ltr'>interrogauit</span> <span class='ocrx_word' id='word_1_42' title='bbox 467 383 498 408; x_wconf 87' lang='lat' dir='ltr'>me</span> <span class='ocrx_word' id='word_1_43' title='bbox 509 384 532 407; x_wconf 86' lang='lat' dir='ltr'>an</span> <span class='ocrx_word' id='word_1_44' title='bbox 544 384 574 408; x_wconf 91' lang='lat' dir='ltr'>me</span> <span class='ocrx_word' id='word_1_45' title='bbox 586 384 628 408; x_wconf 92' lang='lat' dir='ltr'>esse</span> <span class='ocrx_word' id='word_1_46' title='bbox 638 373 750 418; x_wconf 86' lang='lat' dir='ltr'>baptizatum</span> 
     </span>
     <span class='ocr_line' id='line_1_6' title="bbox 47 426 767 471; baseline -0.008 -8"><span class='ocrx_word' id='word_1_47' title='bbox 47 431 116 471; x_wconf 86' lang='lat' dir='ltr'>absque</span> <span class='ocrx_word' id='word_1_48' title='bbox 122 428 209 470; x_wconf 88' lang='lat' dir='ltr'>scrupulo</span> <span class='ocrx_word' id='word_1_49' title='bbox 214 437 294 461; x_wconf 38' lang='lat' dir='ltr'>nossem*</span> <span class='ocrx_word' id='word_1_50' title='bbox 308 426 342 459; x_wconf 87' lang='lat' dir='ltr'>Cui</span> <span class='ocrx_word' id='word_1_51' title='bbox 349 436 391 459; x_wconf 89' lang='lat' dir='ltr'>cum</span> <span class='ocrx_word' id='word_1_52' title='bbox 397 436 464 459; x_wconf 91' lang='lat' dir='ltr'>nomen</span> <span class='ocrx_word' id='word_1_53' title='bbox 470 426 567 468; x_wconf 79' lang='lat' dir='ltr'>presbiteri</span> <span class='ocrx_word' id='word_1_54' title='bbox 574 436 585 459; x_wconf 89' lang='lat' dir='ltr'>a</span> <span class='ocrx_word' id='word_1_55' title='bbox 591 437 627 469; x_wconf 93' lang='lat' dir='ltr'>quo</span> <span class='ocrx_word' id='word_1_56' title='bbox 633 436 664 458; x_wconf 87' lang='lat' dir='ltr'>me</span> <span class='ocrx_word' id='word_1_57' title='bbox 670 426 750 469; x_wconf 88' lang='lat' dir='ltr'>baptiza·</span> <span class='ocrx_word' id='word_1_58' title='bbox 758 437 767 465; x_wconf 79' lang='lat'><strong><em>5</em></strong></span> 
     </span>
     <span class='ocr_line' id='line_1_7' title="bbox 47 477 750 522; baseline -0.004 -7"><span class='ocrx_word' id='word_1_59' title='bbox 47 486 86 515; x_wconf 91' lang='lat' dir='ltr'>tum</span> <span class='ocrx_word' id='word_1_60' title='bbox 97 489 185 513; x_wconf 86' lang='lat' dir='ltr'>noueram</span> <span class='ocrx_word' id='word_1_61' title='bbox 193 478 242 514; x_wconf 83' lang='lat' dir='ltr'>dixi:</span> <span class='ocrx_word' id='word_1_62' title='bbox 254 479 265 496; x_wconf 81' lang='grc'>“</span> <span class='ocrx_word' id='word_1_63' title='bbox 270 477 291 513; x_wconf 90' lang='lat' dir='ltr'>Si</span> <span class='ocrx_word' id='word_1_64' title='bbox 297 477 321 512; x_wconf 89' lang='lat' dir='ltr'>ab</span> <span class='ocrx_word' id='word_1_65' title='bbox 328 477 364 519; x_wconf 85' lang='lat' dir='ltr'>illo,</span> <span class='ocrx_word' id='word_1_66' title='bbox 373 477 436 522; x_wconf 86' lang='lat' dir='ltr'>inquit,</span> <span class='ocrx_word' id='word_1_67' title='bbox 442 478 537 513; x_wconf 87' lang='lat' dir='ltr'>sacerdote</span> <span class='ocrx_word' id='word_1_68' title='bbox 545 478 647 522; x_wconf 85' lang='lat' dir='ltr'>baptizatus</span> <span class='ocrx_word' id='word_1_69' title='bbox 655 489 681 519; x_wconf 85' lang='lat' dir='ltr'>es,</span> <span class='ocrx_word' id='word_1_70' title='bbox 686 489 723 512; x_wconf 92' lang='lat' dir='ltr'>non</span> <span class='ocrx_word' id='word_1_71' title='bbox 729 488 750 512; x_wconf 89' lang='lat' dir='ltr'>es</span> 
     </span>
     <span class='ocr_line' id='line_1_8' title="bbox 48 530 751 578; baseline -0.001 -11"><span class='ocrx_word' id='word_1_72' title='bbox 48 534 128 578; x_wconf 82' lang='lat' dir='ltr'>perfecte</span> <span class='ocrx_word' id='word_1_73' title='bbox 141 532 255 576; x_wconf 88' lang='lat' dir='ltr'>baptizatus:</span> <span class='ocrx_word' id='word_1_74' title='bbox 267 531 315 565; x_wconf 89' lang='lat' dir='ltr'>Noui</span> <span class='ocrx_word' id='word_1_75' title='bbox 328 540 408 575; x_wconf 88' lang='lat' dir='ltr'>namque</span> <span class='ocrx_word' id='word_1_76' title='bbox 420 541 468 574; x_wconf 89' lang='lat' dir='ltr'>eum,</span> <span class='ocrx_word' id='word_1_77' title='bbox 480 530 528 576; x_wconf 92' lang='lat' dir='ltr'>quia,</span> <span class='ocrx_word' id='word_1_78' title='bbox 540 542 582 567; x_wconf 88' lang='lat' dir='ltr'>cum</span> <span class='ocrx_word' id='word_1_79' title='bbox 596 536 646 567; x_wconf 92' lang='lat' dir='ltr'>esset</span> <span class='ocrx_word' id='word_1_80' title='bbox 658 531 751 576; x_wconf 82' lang='lat' dir='ltr'>presbiter</span> 
     </span>
     <span class='ocr_line' id='line_1_9' title="bbox 48 583 750 629; baseline -0.004 -9"><span class='ocrx_word' id='word_1_81' title='bbox 48 587 147 625; x_wconf 84' lang='lat' dir='ltr'>ordinatus,</span> <span class='ocrx_word' id='word_1_82' title='bbox 159 585 268 624; x_wconf 86' lang='lat' dir='ltr'>nullatenus,</span> <span class='ocrx_word' id='word_1_83' title='bbox 280 591 356 628; x_wconf 89' lang='lat' dir='ltr'>propter</span> <span class='ocrx_word' id='word_1_84' title='bbox 366 584 435 628; x_wconf 86' lang='lat' dir='ltr'>ingenii</span> <span class='ocrx_word' id='word_1_85' title='bbox 447 585 557 627; x_wconf 82' lang='lat' dir='ltr'>tarditatem,</span> <span class='ocrx_word' id='word_1_86' title='bbox 568 584 627 629; x_wconf 91' lang='lat' dir='ltr'>potuit</span> <span class='ocrx_word' id='word_1_87' title='bbox 639 583 750 619; x_wconf 89' lang='lat' dir='ltr'>catezizandi</span> 
     </span>
     <span class='ocr_line' id='line_1_10' title="bbox 48 637 750 683; baseline 0 -10"><span class='ocrx_word' id='word_1_88' title='bbox 48 640 76 673; x_wconf 92' lang='lat' dir='ltr'>vel</span> <span class='ocrx_word' id='word_1_89' title='bbox 85 638 189 681; x_wconf 87' lang='lat' dir='ltr'>baptizandi</span> <span class='ocrx_word' id='word_1_90' title='bbox 197 637 319 672; x_wconf 90' lang='lat' dir='ltr'>ministerium</span> <span class='ocrx_word' id='word_1_91' title='bbox 328 637 410 679; x_wconf 78' lang='lat' dir='ltr'>discere3</span> <span class='ocrx_word' id='word_1_92' title='bbox 422 642 498 682; x_wconf 90' lang='lat' dir='ltr'>propter</span> <span class='ocrx_word' id='word_1_93' title='bbox 506 638 554 683; x_wconf 91' lang='lat' dir='ltr'>quod</span> <span class='ocrx_word' id='word_1_94' title='bbox 563 638 586 672; x_wconf 94' lang='lat' dir='ltr'>ab</span> <span class='ocrx_word' id='word_1_95' title='bbox 595 637 699 673; x_wconf 87' lang='lat' dir='ltr'>huiusmodi</span> <span class='ocrx_word' id='word_1_96' title='bbox 708 648 750 683; x_wconf 89' lang='lat' dir='ltr'>pre·</span> 
     </span>
     <span class='ocr_line' id='line_1_11' title="bbox 48 690 779 735; baseline -0.005 -10"><span class='ocrx_word' id='word_1_97' title='bbox 48 691 152 735; x_wconf 87' lang='lat' dir='ltr'>sumptione</span> <span class='ocrx_word' id='word_1_98' title='bbox 167 691 270 729; x_wconf 84' lang='lat' dir='ltr'>ministerii,</span> <span class='ocrx_word' id='word_1_99' title='bbox 283 692 333 734; x_wconf 89' lang='lat' dir='ltr'>quod</span> <span class='ocrx_word' id='word_1_100' title='bbox 348 690 456 734; x_wconf 81' lang='lat' dir='ltr'>regulariter</span> <span class='ocrx_word' id='word_1_101' title='bbox 472 691 550 734; x_wconf 87' lang='lat' dir='ltr'>implere</span> <span class='ocrx_word' id='word_1_102' title='bbox 568 692 660 735; x_wconf 87' lang='lat' dir='ltr'>nequibat,</span> <span class='ocrx_word' id='word_1_103' title='bbox 676 692 779 725; x_wconf 88' lang='lat' dir='ltr'>omninoro</span> 
     </span>
     <span class='ocr_line' id='line_1_12' title="bbox 48 742 751 787; baseline 0 -10"><span class='ocrx_word' id='word_1_104' title='bbox 48 754 121 777; x_wconf 85' lang='lat' dir='ltr'>cessare</span> <span class='ocrx_word' id='word_1_105' title='bbox 137 743 230 787; x_wconf 85' lang='lat' dir='ltr'>precepi.&#39;&#39;</span> <span class='ocrx_word' id='word_1_106' title='bbox 259 743 300 784; x_wconf 83' lang='lat' dir='ltr'>Quo</span> <span class='ocrx_word' id='word_1_107' title='bbox 322 742 377 784; x_wconf 90' lang='lat' dir='ltr'>dicto,</span> <span class='ocrx_word' id='word_1_108' title='bbox 394 743 459 777; x_wconf 88' lang='lat' dir='ltr'>eadem</span> <span class='ocrx_word' id='word_1_109' title='bbox 477 743 522 777; x_wconf 89' lang='lat' dir='ltr'>hora</span> <span class='ocrx_word' id='word_1_110' title='bbox 538 752 569 777; x_wconf 88' lang='lat' dir='ltr'>me</span> <span class='ocrx_word' id='word_1_111' title='bbox 584 743 697 777; x_wconf 85' lang='lat' dir='ltr'>cathezizare</span> <span class='ocrx_word' id='word_1_112' title='bbox 710 743 751 786; x_wconf 87' lang='lat' dir='ltr'>ipse</span> 
     </span>
     <span class='ocr_line' id='line_1_13' title="bbox 48 795 750 839; baseline -0.001 -9"><span class='ocrx_word' id='word_1_113' title='bbox 48 796 128 837; x_wconf 89' lang='lat' dir='ltr'>curauit;</span> <span class='ocrx_word' id='word_1_114' title='bbox 140 796 245 839; x_wconf 87' lang='lat' dir='ltr'>factumque</span> <span class='ocrx_word' id='word_1_115' title='bbox 257 800 285 829; x_wconf 90' lang='lat' dir='ltr'>est</span> <span class='ocrx_word' id='word_1_116' title='bbox 292 800 312 829; x_wconf 88' lang='lat' dir='ltr'>vt</span> <span class='ocrx_word' id='word_1_117' title='bbox 320 795 429 830; x_wconf 82' lang='lat' dir='ltr'>exsufflante</span> <span class='ocrx_word' id='word_1_118' title='bbox 440 795 471 829; x_wconf 91' lang='lat' dir='ltr'>illo</span> <span class='ocrx_word' id='word_1_119' title='bbox 483 795 501 830; x_wconf 92' lang='lat' dir='ltr'>in</span> <span class='ocrx_word' id='word_1_120' title='bbox 510 795 574 830; x_wconf 87' lang='lat' dir='ltr'>faciem</span> <span class='ocrx_word' id='word_1_121' title='bbox 583 806 648 836; x_wconf 89' lang='lat' dir='ltr'>meam,</span> <span class='ocrx_word' id='word_1_122' title='bbox 654 795 750 830; x_wconf 88' lang='lat' dir='ltr'>confestim</span> 
     </span>
     <span class='ocr_line' id='line_1_14' title="bbox 48 847 750 891; baseline 0 -8"><span class='ocrx_word' id='word_1_123' title='bbox 48 860 78 883; x_wconf 93' lang='lat' dir='ltr'>me</span> <span class='ocrx_word' id='word_1_124' title='bbox 86 849 151 882; x_wconf 90' lang='lat' dir='ltr'>melius</span> <span class='ocrx_word' id='word_1_125' title='bbox 160 848 228 881; x_wconf 92' lang='lat' dir='ltr'>habere</span> <span class='ocrx_word' id='word_1_126' title='bbox 236 848 329 882; x_wconf 83' lang='lat' dir='ltr'>sentirem.</span> <span class='ocrx_word' id='word_1_127' title='bbox 352 847 429 882; x_wconf 90' lang='lat' dir='ltr'>Vocauit</span> <span class='ocrx_word' id='word_1_128' title='bbox 440 854 501 882; x_wconf 90' lang='lat' dir='ltr'>autem</span> <span class='ocrx_word' id='word_1_129' title='bbox 510 850 607 891; x_wconf 88' lang='lat' dir='ltr'>medicum,</span> <span class='ocrx_word' id='word_1_130' title='bbox 615 854 633 883; x_wconf 88' lang='lat' dir='ltr'>et</span> <span class='ocrx_word' id='word_1_131' title='bbox 643 848 750 883; x_wconf 88' lang='lat' dir='ltr'>dissolutam</span> 
     </span>
     <span class='ocr_line' id='line_1_15' title="bbox 49 901 750 946; baseline 0 -11"><span class='ocrx_word' id='word_1_132' title='bbox 49 901 93 936; x_wconf 89' lang='lat' dir='ltr'>mihi</span> <span class='ocrx_word' id='word_1_133' title='bbox 105 901 204 945; x_wconf 82' lang='lat' dir='ltr'>emigranei</span> <span class='ocrx_word' id='word_1_134' title='bbox 217 902 319 935; x_wconf 90' lang='lat' dir='ltr'>iuncturam</span> <span class='ocrx_word' id='word_1_135' title='bbox 332 912 444 945; x_wconf 89' lang='lat' dir='ltr'>componere</span> <span class='ocrx_word' id='word_1_136' title='bbox 457 906 512 945; x_wconf 89' lang='lat' dir='ltr'>atque</span> <span class='ocrx_word' id='word_1_137' title='bbox 524 902 599 946; x_wconf 86' lang='lat' dir='ltr'>alligare</span> <span class='ocrx_word' id='word_1_138' title='bbox 610 902 676 936; x_wconf 87' lang='lat' dir='ltr'>iussit:</span> <span class='ocrx_word' id='word_1_139' title='bbox 688 907 706 935; x_wconf 94' lang='lat' dir='ltr'>et</span> <span class='ocrx_word' id='word_1_140' title='bbox 719 912 750 935; x_wconf 87' lang='lat' dir='ltr'>ac·</span> 
     </span>
     <span class='ocr_line' id='line_1_16' title="bbox 49 953 778 999; baseline 0 -10"><span class='ocrx_word' id='word_1_141' title='bbox 49 960 101 999; x_wconf 90' lang='lat' dir='ltr'>cepta</span> <span class='ocrx_word' id='word_1_142' title='bbox 109 955 148 988; x_wconf 89' lang='lat' dir='ltr'>eius</span> <span class='ocrx_word' id='word_1_143' title='bbox 161 954 288 989; x_wconf 88' lang='lat' dir='ltr'>benedictione</span> <span class='ocrx_word' id='word_1_144' title='bbox 296 953 390 997; x_wconf 80' lang='lat' dir='ltr'>conualui3</span> <span class='ocrx_word' id='word_1_145' title='bbox 399 960 417 989; x_wconf 88' lang='lat' dir='ltr'>et</span> <span class='ocrx_word' id='word_1_146' title='bbox 425 954 524 989; x_wconf 80' lang='lat' dir='ltr'>necmulto</span> <span class='ocrx_word' id='word_1_147' title='bbox 530 959 573 999; x_wconf 88' lang='lat' dir='ltr'>post</span> <span class='ocrx_word' id='word_1_148' title='bbox 580 954 666 999; x_wconf 82' lang='lat' dir='ltr'>baptismi</span> <span class='ocrx_word' id='word_1_149' title='bbox 674 954 750 998; x_wconf 78' lang='lat' dir='ltr'>gratiam</span> <span class='ocrx_word' id='word_1_150' title='bbox 760 964 778 993; x_wconf 78' lang='lat'>15</span> 
     </span>
     <span class='ocr_line' id='line_1_17' title="bbox 49 1000 750 1052; baseline 0 -11"><span class='ocrx_word' id='word_1_151' title='bbox 49 1013 172 1051; x_wconf 90' lang='lat' dir='ltr'>consequutus</span> <span class='ocrx_word' id='word_1_152' title='bbox 185 1009 237 1041; x_wconf 86' lang='lat' dir='ltr'>sum&#39;</span> <span class='ocrx_word' id='word_1_153' title='bbox 281 1000 367 1043; x_wconf 76' lang='lat' dir='ltr'>²Sanct0</span> <span class='ocrx_word' id='word_1_154' title='bbox 382 1007 432 1041; x_wconf 87' lang='lat' dir='ltr'>enim</span> <span class='ocrx_word' id='word_1_155' title='bbox 447 1007 536 1052; x_wconf 88' lang='lat' dir='ltr'>episcopo</span> <span class='ocrx_word' id='word_1_156' title='bbox 550 1013 644 1052; x_wconf 85' lang='lat' dir='ltr'>presente,</span> <span class='ocrx_word' id='word_1_157' title='bbox 658 1018 692 1041; x_wconf 91' lang='lat' dir='ltr'>vas</span> <span class='ocrx_word' id='word_1_158' title='bbox 706 1008 750 1041; x_wconf 86' lang='lat' dir='ltr'>vino</span> 
     </span>
     <span class='ocr_line' id='line_1_18' title="bbox 49 1060 750 1103; baseline 0.001 -10"><span class='ocrx_word' id='word_1_159' title='bbox 49 1060 123 1103; x_wconf 90' lang='lat' dir='ltr'>plenum</span> <span class='ocrx_word' id='word_1_160' title='bbox 135 1060 158 1093; x_wconf 87' lang='lat' dir='ltr'>ad</span> <span class='ocrx_word' id='word_1_161' title='bbox 171 1064 239 1093; x_wconf 87' lang='lat' dir='ltr'>terram</span> <span class='ocrx_word' id='word_1_162' title='bbox 253 1060 276 1094; x_wconf 92' lang='lat' dir='ltr'>de</span> <span class='ocrx_word' id='word_1_163' title='bbox 289 1060 374 1094; x_wconf 91' lang='lat' dir='ltr'>manibus</span> <span class='ocrx_word' id='word_1_164' title='bbox 387 1060 460 1094; x_wconf 82' lang='lat' dir='ltr'>incaute</span> <span class='ocrx_word' id='word_1_165' title='bbox 471 1060 553 1094; x_wconf 87' lang='lat' dir='ltr'>tenentis</span> <span class='ocrx_word' id='word_1_166' title='bbox 565 1061 629 1094; x_wconf 86' lang='lat' dir='ltr'>cecidit</span> <span class='ocrx_word' id='word_1_167' title='bbox 640 1064 658 1095; x_wconf 91' lang='lat' dir='ltr'>et</span> <span class='ocrx_word' id='word_1_168' title='bbox 669 1060 750 1094; x_wconf 88' lang='lat' dir='ltr'>medium</span> 
     </span>
     <span class='ocr_line' id='line_1_19' title="bbox 49 1105 751 1157; baseline 0.001 -11"><span class='ocrx_word' id='word_1_169' title='bbox 49 1111 124 1155; x_wconf 86' lang='lat' dir='ltr'>crepuit,</span> <span class='ocrx_word' id='word_1_170' title='bbox 136 1112 200 1146; x_wconf 89' lang='lat' dir='ltr'>vinum</span> <span class='ocrx_word' id='word_1_171' title='bbox 211 1118 278 1153; x_wconf 88' lang='lat' dir='ltr'>tamen,</span> <span class='ocrx_word' id='word_1_172' title='bbox 292 1113 341 1157; x_wconf 89' lang='lat' dir='ltr'>quod</span> <span class='ocrx_word' id='word_1_173' title='bbox 353 1113 402 1147; x_wconf 90' lang='lat' dir='ltr'>intus</span> <span class='ocrx_word' id='word_1_174' title='bbox 414 1117 458 1153; x_wconf 88' lang='lat' dir='ltr'>erat,</span> <span class='ocrx_word' id='word_1_175' title='bbox 469 1112 541 1148; x_wconf 87' lang='lat' dir='ltr'>illesum</span> <span class='ocrx_word' id='word_1_176' title='bbox 554 1112 662 1157; x_wconf 85' lang='lat' dir='ltr'>permansit.</span> <span class='ocrx_word' id='word_1_177' title='bbox 696 1105 751 1147; x_wconf 77' lang='lat' dir='ltr'>lune-</span> 
     </span>
     <span class='ocr_line' id='line_1_20' title="bbox 49 1164 752 1208; baseline 0.001 -9"><span class='ocrx_word' id='word_1_178' title='bbox 49 1176 91 1198; x_wconf 84' lang='lat' dir='ltr'>nenr</span> <span class='ocrx_word' id='word_1_179' title='bbox 99 1167 192 1208; x_wconf 87' lang='lat' dir='ltr'>quendam</span> <span class='ocrx_word' id='word_1_180' title='bbox 200 1170 292 1199; x_wconf 86' lang='lat' dir='ltr'>mortuum</span> <span class='ocrx_word' id='word_1_181' title='bbox 300 1165 348 1199; x_wconf 88' lang='lat' dir='ltr'>inter</span> <span class='ocrx_word' id='word_1_182' title='bbox 356 1165 401 1199; x_wconf 91' lang='lat' dir='ltr'>alios</span> <span class='ocrx_word' id='word_1_183' title='bbox 409 1175 462 1199; x_wconf 91' lang='lat' dir='ltr'>sacro</span> <span class='ocrx_word' id='word_1_184' title='bbox 470 1165 555 1200; x_wconf 88' lang='lat' dir='ltr'>crismate</span> <span class='ocrx_word' id='word_1_185' title='bbox 562 1164 621 1199; x_wconf 89' lang='lat' dir='ltr'>liniuit</span> <span class='ocrx_word' id='word_1_186' title='bbox 629 1170 647 1199; x_wconf 89' lang='lat' dir='ltr'>et</span> <span class='ocrx_word' id='word_1_187' title='bbox 658 1165 681 1200; x_wconf 85' lang='lat' dir='ltr'>de</span> <span class='ocrx_word' id='word_1_188' title='bbox 693 1170 752 1200; x_wconf 85' lang='lat' dir='ltr'>morte</span> 
     </span>
     <span class='ocr_line' id='line_1_21' title="bbox 49 1217 780 1263; baseline 0.001 -12"><span class='ocrx_word' id='word_1_189' title='bbox 49 1219 72 1252; x_wconf 87' lang='lat' dir='ltr'>ad</span> <span class='ocrx_word' id='word_1_190' title='bbox 83 1218 139 1252; x_wconf 88' lang='lat' dir='ltr'>vitam</span> <span class='ocrx_word' id='word_1_191' title='bbox 154 1217 237 1253; x_wconf 84' lang='lat' dir='ltr'>restituit.</span> <span class='ocrx_word' id='word_1_192' title='bbox 261 1218 372 1253; x_wconf 89' lang='lat' dir='ltr'>Demonium</span> <span class='ocrx_word' id='word_1_193' title='bbox 384 1219 469 1253; x_wconf 88' lang='lat' dir='ltr'>similiter</span> <span class='ocrx_word' id='word_1_194' title='bbox 480 1230 491 1252; x_wconf 90' lang='lat' dir='ltr'>a</span> <span class='ocrx_word' id='word_1_195' title='bbox 504 1220 583 1263; x_wconf 90' lang='lat' dir='ltr'>quodam</span> <span class='ocrx_word' id='word_1_196' title='bbox 597 1218 678 1263; x_wconf 68' lang='lat' dir='ltr'>expulit,</span> <span class='ocrx_word' id='word_1_197' title='bbox 694 1224 713 1252; x_wconf 88' lang='lat' dir='ltr'>et</span> <span class='ocrx_word' id='word_1_198' title='bbox 724 1219 751 1253; x_wconf 92' lang='lat' dir='ltr'>in·</span> <span class='ocrx_word' id='word_1_199' title='bbox 760 1228 780 1248; x_wconf 64' lang='grc' dir='ltr'>πο</span> 
     </span>
     <span class='ocr_line' id='line_1_22' title="bbox 50 1271 752 1316; baseline 0.001 -12"><span class='ocrx_word' id='word_1_200' title='bbox 50 1272 112 1305; x_wconf 91' lang='lat' dir='ltr'>firmos</span> <span class='ocrx_word' id='word_1_201' title='bbox 120 1272 223 1315; x_wconf 84' lang='lat' dir='ltr'>ubicunque</span> <span class='ocrx_word' id='word_1_202' title='bbox 232 1277 315 1316; x_wconf 84' lang='lat' dir='ltr'>repertos</span> <span class='ocrx_word' id='word_1_203' title='bbox 321 1282 377 1306; x_wconf 91' lang='lat' dir='ltr'>sanos</span> <span class='ocrx_word' id='word_1_204' title='bbox 382 1271 420 1305; x_wconf 90' lang='lat' dir='ltr'>suis</span> <span class='ocrx_word' id='word_1_205' title='bbox 427 1271 513 1315; x_wconf 88' lang='lat' dir='ltr'>precibus</span> <span class='ocrx_word' id='word_1_206' title='bbox 521 1277 539 1306; x_wconf 94' lang='lat' dir='ltr'>et</span> <span class='ocrx_word' id='word_1_207' title='bbox 545 1271 673 1306; x_wconf 87' lang='lat' dir='ltr'>benedictione</span> <span class='ocrx_word' id='word_1_208' title='bbox 681 1271 752 1313; x_wconf 61' lang='lat' dir='ltr'>effectu</span> 
     </span>
     <span class='ocr_line' id='line_1_23' title="bbox 49 1324 752 1369; baseline 0.003 -12"><span class='ocrx_word' id='word_1_209' title='bbox 49 1329 67 1358; x_wconf 92' lang='lat' dir='ltr'>et</span> <span class='ocrx_word' id='word_1_210' title='bbox 79 1330 167 1367; x_wconf 87' lang='lat' dir='ltr'>quotquot</span> <span class='ocrx_word' id='word_1_211' title='bbox 179 1324 309 1359; x_wconf 90' lang='lat' dir='ltr'>vestimentum</span> <span class='ocrx_word' id='word_1_212' title='bbox 323 1335 364 1359; x_wconf 91' lang='lat' dir='ltr'>cum</span> <span class='ocrx_word' id='word_1_213' title='bbox 376 1325 413 1358; x_wconf 89' lang='lat' dir='ltr'>fide</span> <span class='ocrx_word' id='word_1_214' title='bbox 425 1330 501 1369; x_wconf 84' lang='lat' dir='ltr'>tangere</span> <span class='ocrx_word' id='word_1_215' title='bbox 513 1330 604 1369; x_wconf 87' lang='lat' dir='ltr'>poterant,</span> <span class='ocrx_word' id='word_1_216' title='bbox 615 1325 694 1360; x_wconf 86' lang='lat' dir='ltr'>celerem</span> <span class='ocrx_word' id='word_1_217' title='bbox 705 1325 752 1359; x_wconf 87' lang='lat' dir='ltr'>sani-</span> 
     </span>
     <span class='ocr_line' id='line_1_24' title="bbox 50 1370 752 1421; baseline 0 -10"><span class='ocrx_word' id='word_1_218' title='bbox 50 1382 105 1412; x_wconf 84' lang='lat' dir='ltr'>tatem</span> <span class='ocrx_word' id='word_1_219' title='bbox 115 1377 225 1412; x_wconf 89' lang='lat' dir='ltr'>infirmitatis</span> <span class='ocrx_word' id='word_1_220' title='bbox 234 1388 267 1412; x_wconf 87' lang='lat' dir='ltr'>suc</span> <span class='ocrx_word' id='word_1_221' title='bbox 277 1389 298 1412; x_wconf 90' lang='lat' dir='ltr'>se</span> <span class='ocrx_word' id='word_1_222' title='bbox 306 1378 412 1421; x_wconf 85' lang='lat' dir='ltr'>suscepisse</span> <span class='ocrx_word' id='word_1_223' title='bbox 420 1378 541 1421; x_wconf 63' lang='lat' dir='ltr'>gaudebantl.</span> <span class='ocrx_word' id='word_1_224' title='bbox 576 1370 653 1412; x_wconf 85' lang='lat' dir='ltr'>Exactis</span> <span class='ocrx_word' id='word_1_225' title='bbox 661 1383 722 1411; x_wconf 85' lang='lat' dir='ltr'>autern</span> <span class='ocrx_word' id='word_1_226' title='bbox 733 1378 752 1411; x_wconf 88' lang='lat' dir='ltr'>in</span> 
     </span>
     <span class='ocr_line' id='line_1_25' title="bbox 49 1430 753 1476; baseline 0.004 -13"><span class='ocrx_word' id='word_1_227' title='bbox 49 1435 125 1475; x_wconf 88' lang='lat' dir='ltr'>utraque</span> <span class='ocrx_word' id='word_1_228' title='bbox 137 1432 188 1473; x_wconf 83' lang='lat' dir='ltr'>sede,</span> <span class='ocrx_word' id='word_1_229' title='bbox 201 1430 338 1475; x_wconf 84' lang='lat' dir='ltr'>hagustaldensi</span> <span class='ocrx_word' id='word_1_230' title='bbox 350 1430 435 1466; x_wconf 89' lang='lat' dir='ltr'>videlicet</span> <span class='ocrx_word' id='word_1_231' title='bbox 451 1436 469 1465; x_wconf 92' lang='lat' dir='ltr'>et</span> <span class='ocrx_word' id='word_1_232' title='bbox 484 1432 597 1473; x_wconf 87' lang='lat' dir='ltr'>eboracensi,</span> <span class='ocrx_word' id='word_1_233' title='bbox 610 1432 664 1466; x_wconf 88' lang='lat' dir='ltr'>annis</span> <span class='ocrx_word' id='word_1_234' title='bbox 679 1431 753 1476; x_wconf 86' lang='lat' dir='ltr'>triginta</span> 
     </span>
     <span class='ocr_line' id='line_1_26' title="bbox 49 1483 780 1530; baseline 0.004 -13"><span class='ocrx_word' id='word_1_235' title='bbox 49 1483 113 1525; x_wconf 89' lang='lat' dir='ltr'>tribus,</span> <span class='ocrx_word' id='word_1_236' title='bbox 120 1495 162 1518; x_wconf 89' lang='lat' dir='ltr'>curn</span> <span class='ocrx_word' id='word_1_237' title='bbox 170 1495 205 1528; x_wconf 90' lang='lat' dir='ltr'>pro</span> <span class='ocrx_word' id='word_1_238' title='bbox 215 1485 316 1519; x_wconf 84' lang='lat' dir='ltr'>senectutis</span> <span class='ocrx_word' id='word_1_239' title='bbox 323 1485 414 1529; x_wconf 88' lang='lat' dir='ltr'>grauitate</span> <span class='ocrx_word' id='word_1_240' title='bbox 419 1485 480 1519; x_wconf 89' lang='lat' dir='ltr'>minus</span> <span class='ocrx_word' id='word_1_241' title='bbox 487 1484 599 1530; x_wconf 91' lang='lat' dir='ltr'>episcopatui</span> <span class='ocrx_word' id='word_1_242' title='bbox 608 1483 753 1519; x_wconf 81' lang='lat' dir='ltr'>administrando</span> <span class='ocrx_word' id='word_1_243' title='bbox 761 1491 780 1522; x_wconf 77' lang='lat'>²5</span> 
     </span>
     <span class='ocr_line' id='line_1_27' title="bbox 50 1537 753 1582; baseline 0.001 -13"><span class='ocrx_word' id='word_1_244' title='bbox 50 1537 147 1579; x_wconf 86' lang='lat' dir='ltr'>sufficeret,</span> <span class='ocrx_word' id='word_1_245' title='bbox 156 1538 239 1572; x_wconf 92' lang='lat' dir='ltr'>ordinato</span> <span class='ocrx_word' id='word_1_246' title='bbox 250 1538 269 1572; x_wconf 92' lang='lat' dir='ltr'>in</span> <span class='ocrx_word' id='word_1_247' title='bbox 281 1541 388 1582; x_wconf 90' lang='lat' dir='ltr'>episcopatu</span> <span class='ocrx_word' id='word_1_248' title='bbox 400 1538 508 1571; x_wconf 87' lang='lat' dir='ltr'>eboracensi</span> <span class='ocrx_word' id='word_1_249' title='bbox 519 1548 561 1572; x_wconf 90' lang='lat' dir='ltr'>cum</span> <span class='ocrx_word' id='word_1_250' title='bbox 572 1538 627 1572; x_wconf 91' lang='lat' dir='ltr'>totius</span> <span class='ocrx_word' id='word_1_251' title='bbox 635 1537 697 1581; x_wconf 86' lang='lat' dir='ltr'>populi</span> <span class='ocrx_word' id='word_1_252' title='bbox 705 1537 753 1571; x_wconf 89' lang='lat' dir='ltr'>elec-</span> 
     </span>
     <span class='ocr_line' id='line_1_28' title="bbox 50 1588 753 1634; baseline 0.001 -11"><span class='ocrx_word' id='word_1_253' title='bbox 50 1588 99 1624; x_wconf 87' lang='lat' dir='ltr'>tione</span> <span class='ocrx_word' id='word_1_254' title='bbox 113 1590 199 1624; x_wconf 89' lang='lat' dir='ltr'>Wilfrido</span> <span class='ocrx_word' id='word_1_255' title='bbox 218 1590 321 1634; x_wconf 90' lang='lat' dir='ltr'>presbitero</span> <span class='ocrx_word' id='word_1_256' title='bbox 336 1602 376 1632; x_wconf 94' lang='lat' dir='ltr'>suo,</span> <span class='ocrx_word' id='word_1_257' title='bbox 391 1590 431 1634; x_wconf 88' lang='lat' dir='ltr'>ipse</span> <span class='ocrx_word' id='word_1_258' title='bbox 447 1590 465 1624; x_wconf 93' lang='lat' dir='ltr'>in</span> <span class='ocrx_word' id='word_1_259' title='bbox 484 1591 596 1624; x_wconf 90' lang='lat' dir='ltr'>monasterio</span> <span class='ocrx_word' id='word_1_260' title='bbox 615 1602 649 1624; x_wconf 93' lang='lat' dir='ltr'>suo</span> <span class='ocrx_word' id='word_1_261' title='bbox 667 1590 687 1624; x_wconf 92' lang='lat' dir='ltr'>in</span> <span class='ocrx_word' id='word_1_262' title='bbox 702 1590 753 1624; x_wconf 89' lang='lat' dir='ltr'>Silua</span> 
     </span>
     <span class='ocr_line' id='line_1_29' title="bbox 51 1641 753 1684; baseline 0.004 -11"><span class='ocrx_word' id='word_1_263' title='bbox 51 1641 148 1676; x_wconf 89' lang='lat' dir='ltr'>Deirorum</span> <span class='ocrx_word' id='word_1_264' title='bbox 158 1643 198 1677; x_wconf 89' lang='lat' dir='ltr'>siue</span> <span class='ocrx_word' id='word_1_265' title='bbox 207 1643 312 1684; x_wconf 85' lang='lat' dir='ltr'>Beuerlaco,</span> <span class='ocrx_word' id='word_1_266' title='bbox 320 1642 396 1677; x_wconf 88' lang='lat' dir='ltr'>consilio</span> <span class='ocrx_word' id='word_1_267' title='bbox 407 1643 478 1675; x_wconf 89' lang='lat' dir='ltr'>abbatis</span> <span class='ocrx_word' id='word_1_268' title='bbox 490 1643 587 1676; x_wconf 77' lang='lat' dir='ltr'>Brithuni³</span> <span class='ocrx_word' id='word_1_269' title='bbox 595 1643 613 1676; x_wconf 93' lang='lat' dir='ltr'>in</span> <span class='ocrx_word' id='word_1_270' title='bbox 626 1643 676 1676; x_wconf 88' lang='lat' dir='ltr'>omni</span> <span class='ocrx_word' id='word_1_271' title='bbox 687 1643 753 1676; x_wconf 88' lang='lat' dir='ltr'>sancti-</span> 
     </span>
     <span class='ocr_line' id='line_1_30' title="bbox 50 1693 753 1739; baseline 0.003 -13"><span class='ocrx_word' id='word_1_272' title='bbox 50 1698 86 1727; x_wconf 90' lang='lat' dir='ltr'>tate</span> <span class='ocrx_word' id='word_1_273' title='bbox 99 1704 211 1737; x_wconf 84' lang='lat' dir='ltr'>permanens</span> <span class='ocrx_word' id='word_1_274' title='bbox 224 1705 283 1739; x_wconf 89' lang='lat' dir='ltr'>vsque</span> <span class='ocrx_word' id='word_1_275' title='bbox 296 1696 319 1728; x_wconf 92' lang='lat' dir='ltr'>ad</span> <span class='ocrx_word' id='word_1_276' title='bbox 332 1694 403 1728; x_wconf 89' lang='lat' dir='ltr'>obitum</span> <span class='ocrx_word' id='word_1_277' title='bbox 421 1704 481 1734; x_wconf 85' lang='lat' dir='ltr'>suum,</span> <span class='ocrx_word' id='word_1_278' title='bbox 493 1705 553 1729; x_wconf 88' lang='lat' dir='ltr'>nonas</span> <span class='ocrx_word' id='word_1_279' title='bbox 567 1694 610 1729; x_wconf 87' lang='lat' dir='ltr'>maii</span> <span class='ocrx_word' id='word_1_280' title='bbox 626 1693 711 1738; x_wconf 78' lang='lat' dir='ltr'>migrauit</span> <span class='ocrx_word' id='word_1_281' title='bbox 730 1694 753 1728; x_wconf 89' lang='lat' dir='ltr'>ad</span> 
     </span>
     <span class='ocr_line' id='line_1_31' title="bbox 50 1744 781 1792; baseline 0.001 -15"><span class='ocrx_word' id='word_1_282' title='bbox 50 1744 161 1780; x_wconf 70' lang='lat' dir='ltr'>dominum*¹</span> <span class='ocrx_word' id='word_1_283' title='bbox 212 1747 300 1791; x_wconf 88' lang='lat' dir='ltr'>Sepultus</span> <span class='ocrx_word' id='word_1_284' title='bbox 313 1752 341 1782; x_wconf 89' lang='lat' dir='ltr'>est</span> <span class='ocrx_word' id='word_1_285' title='bbox 354 1753 415 1782; x_wconf 88' lang='lat' dir='ltr'>autem</span> <span class='ocrx_word' id='word_1_286' title='bbox 427 1746 446 1781; x_wconf 85' lang='lat' dir='ltr'>in</span> <span class='ocrx_word' id='word_1_287' title='bbox 458 1747 528 1792; x_wconf 89' lang='lat' dir='ltr'>porticu</span> <span class='ocrx_word' id='word_1_288' title='bbox 538 1747 601 1782; x_wconf 90' lang='lat' dir='ltr'>Sancti</span> <span class='ocrx_word' id='word_1_289' title='bbox 612 1747 662 1782; x_wconf 87' lang='lat' dir='ltr'>Petri</span> <span class='ocrx_word' id='word_1_290' title='bbox 670 1746 753 1782; x_wconf 86' lang='lat' dir='ltr'>eiusdem</span> <span class='ocrx_word' id='word_1_291' title='bbox 762 1756 781 1788; x_wconf 78' lang='lat'>50</span> 
     </span>
     <span class='ocr_line' id='line_1_32' title="bbox 51 1800 754 1846; baseline 0.004 -14"><span class='ocrx_word' id='word_1_292' title='bbox 51 1800 162 1842; x_wconf 86' lang='lat' dir='ltr'>monasterii,</span> <span class='ocrx_word' id='word_1_293' title='bbox 182 1801 241 1835; x_wconf 79' lang='lat' dir='ltr'>anno⁵</span> <span class='ocrx_word' id='word_1_294' title='bbox 260 1801 329 1835; x_wconf 89' lang='lat' dir='ltr'>domini</span> <span class='ocrx_word' id='word_1_295' title='bbox 352 1801 517 1846; x_wconf 84' lang='lat' dir='ltr'>septingentesimo</span> <span class='ocrx_word' id='word_1_296' title='bbox 535 1800 623 1835; x_wconf 87' lang='lat' dir='ltr'>vicesimo</span> <span class='ocrx_word' id='word_1_297' title='bbox 644 1800 754 1845; x_wconf 76' lang='lat' dir='ltr'>primo.—</span> 
     </span>
     <span class='ocr_line' id='line_1_33' title="bbox 51 1844 753 1898; baseline 0.003 -13"><span class='ocrx_word' id='word_1_298' title='bbox 51 1844 87 1885; x_wconf 68' lang='grc' dir='ltr'>ὃΙη</span> <span class='ocrx_word' id='word_1_299' title='bbox 100 1853 171 1896; x_wconf 88' lang='lat' dir='ltr'>porticu</span> <span class='ocrx_word' id='word_1_300' title='bbox 189 1854 250 1888; x_wconf 89' lang='lat' dir='ltr'>Sancti</span> <span class='ocrx_word' id='word_1_301' title='bbox 267 1854 363 1888; x_wconf 87' lang='lat' dir='ltr'>Michaelis</span> <span class='ocrx_word' id='word_1_302' title='bbox 376 1854 495 1888; x_wconf 89' lang='lat' dir='ltr'>eboracensis</span> <span class='ocrx_word' id='word_1_303' title='bbox 513 1853 557 1888; x_wconf 91' lang='lat' dir='ltr'>dum</span> <span class='ocrx_word' id='word_1_304' title='bbox 577 1854 637 1887; x_wconf 88' lang='lat' dir='ltr'>adhuc</span> <span class='ocrx_word' id='word_1_305' title='bbox 656 1859 753 1898; x_wconf 88' lang='lat' dir='ltr'>superstes</span> 
     </span>
     <span class='ocr_line' id='line_1_34' title="bbox 51 1904 753 1950; baseline 0.004 -13"><span class='ocrx_word' id='word_1_306' title='bbox 51 1904 126 1939; x_wconf 89' lang='lat' dir='ltr'>orationi</span> <span class='ocrx_word' id='word_1_307' title='bbox 139 1912 217 1950; x_wconf 86' lang='lat' dir='ltr'>vacaret,</span> <span class='ocrx_word' id='word_1_308' title='bbox 231 1907 306 1950; x_wconf 90' lang='lat' dir='ltr'>spiritus</span> <span class='ocrx_word' id='word_1_309' title='bbox 318 1913 393 1941; x_wconf 88' lang='lat' dir='ltr'>sanctus</span> <span class='ocrx_word' id='word_1_310' title='bbox 406 1907 425 1941; x_wconf 91' lang='lat' dir='ltr'>in</span> <span class='ocrx_word' id='word_1_311' title='bbox 438 1907 521 1941; x_wconf 88' lang='lat' dir='ltr'>columbe</span> <span class='ocrx_word' id='word_1_312' title='bbox 537 1906 605 1950; x_wconf 85' lang='lat' dir='ltr'>specie,</span> <span class='ocrx_word' id='word_1_313' title='bbox 621 1906 693 1940; x_wconf 89' lang='lat' dir='ltr'>radium</span> <span class='ocrx_word' id='word_1_314' title='bbox 708 1907 753 1940; x_wconf 91' lang='lat' dir='ltr'>solis</span> 
     </span>
     <span class='ocr_line' id='line_1_35' title="bbox 51 1959 753 2003; baseline 0.006 -14"><span class='ocrx_word' id='word_1_315' title='bbox 51 1959 129 1992; x_wconf 89' lang='lat' dir='ltr'>candore</span> <span class='ocrx_word' id='word_1_316' title='bbox 140 1959 221 2001; x_wconf 87' lang='lat' dir='ltr'>vincens,</span> <span class='ocrx_word' id='word_1_317' title='bbox 231 1966 273 1994; x_wconf 90' lang='lat' dir='ltr'>ante</span> <span class='ocrx_word' id='word_1_318' title='bbox 286 1970 328 1993; x_wconf 89' lang='lat' dir='ltr'>eum</span> <span class='ocrx_word' id='word_1_319' title='bbox 341 1970 399 2003; x_wconf 88' lang='lat' dir='ltr'>super</span> <span class='ocrx_word' id='word_1_320' title='bbox 411 1959 468 1993; x_wconf 89' lang='lat' dir='ltr'>altare</span> <span class='ocrx_word' id='word_1_321' title='bbox 478 1959 553 1993; x_wconf 88' lang='lat' dir='ltr'>resedit.</span> <span class='ocrx_word' id='word_1_322' title='bbox 576 1959 660 2003; x_wconf 91' lang='lat' dir='ltr'>Cumque</span> <span class='ocrx_word' id='word_1_323' title='bbox 671 1959 723 1993; x_wconf 88' lang='lat' dir='ltr'>multi</span> <span class='ocrx_word' id='word_1_324' title='bbox 734 1959 753 1993; x_wconf 88' lang='lat' dir='ltr'>in</span> 
     </span>
     <span class='ocr_line' id='line_1_36' title="bbox 51 2010 781 2057; baseline 0.007 -16"><span class='ocrx_word' id='word_1_325' title='bbox 51 2010 127 2045; x_wconf 85' lang='lat' dir='ltr'>ecclesia</span> <span class='ocrx_word' id='word_1_326' title='bbox 140 2018 211 2047; x_wconf 88' lang='lat' dir='ltr'>stantes</span> <span class='ocrx_word' id='word_1_327' title='bbox 226 2013 273 2047; x_wconf 90' lang='lat' dir='ltr'>hanc</span> <span class='ocrx_word' id='word_1_328' title='bbox 287 2013 346 2047; x_wconf 88' lang='lat' dir='ltr'>lucem</span> <span class='ocrx_word' id='word_1_329' title='bbox 359 2013 456 2057; x_wconf 78' lang='lat' dir='ltr'>stupefacti</span> <span class='ocrx_word' id='word_1_330' title='bbox 469 2018 572 2054; x_wconf 80' lang='lat' dir='ltr'>cernerent,</span> <span class='ocrx_word' id='word_1_331' title='bbox 580 2012 668 2046; x_wconf 85' lang='lat' dir='ltr'>diaconus</span> <span class='ocrx_word' id='word_1_332' title='bbox 679 2011 754 2046; x_wconf 90' lang='lat' dir='ltr'>nomine</span> <span class='ocrx_word' id='word_1_333' title='bbox 762 2019 781 2050; x_wconf 79' lang='lat'>35</span> 
     </span>
     <span class='ocr_line' id='line_1_37' title="bbox 52 2061 754 2110; baseline 0.004 -14"><span class='ocrx_word' id='word_1_334' title='bbox 52 2061 107 2106; x_wconf 85' lang='lat' dir='ltr'>Sigga</span> <span class='ocrx_word' id='word_1_335' title='bbox 115 2066 137 2098; x_wconf 89' lang='lat' dir='ltr'>ad</span> <span class='ocrx_word' id='word_1_336' title='bbox 146 2066 213 2100; x_wconf 90' lang='lat' dir='ltr'>ostium</span> <span class='ocrx_word' id='word_1_337' title='bbox 223 2066 302 2110; x_wconf 85' lang='lat' dir='ltr'>porticus</span> <span class='ocrx_word' id='word_1_338' title='bbox 313 2066 404 2100; x_wconf 89' lang='lat' dir='ltr'>currendo</span> <span class='ocrx_word' id='word_1_339' title='bbox 412 2064 507 2107; x_wconf 87' lang='lat' dir='ltr'>festinans,</span> <span class='ocrx_word' id='word_1_340' title='bbox 515 2065 560 2099; x_wconf 87' lang='lat' dir='ltr'>vidit</span> <span class='ocrx_word' id='word_1_341' title='bbox 568 2065 676 2110; x_wconf 87' lang='lat' dir='ltr'>episcopum</span> <span class='ocrx_word' id='word_1_342' title='bbox 686 2064 705 2099; x_wconf 94' lang='lat' dir='ltr'>in</span> <span class='ocrx_word' id='word_1_343' title='bbox 713 2075 754 2099; x_wconf 89' lang='lat' dir='ltr'>ora-</span> 
     </span>
     <span class='ocr_line' id='line_1_38' title="bbox 51 2114 754 2164; baseline 0.004 -16"><span class='ocrx_word' id='word_1_344' title='bbox 51 2114 99 2150; x_wconf 86' lang='lat' dir='ltr'>tione</span> <span class='ocrx_word' id='word_1_345' title='bbox 111 2123 195 2160; x_wconf 88' lang='lat' dir='ltr'>stantem‚</span> <span class='ocrx_word' id='word_1_346' title='bbox 207 2125 225 2153; x_wconf 90' lang='lat' dir='ltr'>et</span> <span class='ocrx_word' id='word_1_347' title='bbox 236 2119 327 2164; x_wconf 86' lang='lat' dir='ltr'>porticum</span> <span class='ocrx_word' id='word_1_348' title='bbox 339 2119 397 2152; x_wconf 86' lang='lat' dir='ltr'>sancti</span> <span class='ocrx_word' id='word_1_349' title='bbox 410 2118 486 2162; x_wconf 87' lang='lat' dir='ltr'>spiritus</span> <span class='ocrx_word' id='word_1_350' title='bbox 500 2118 571 2162; x_wconf 85' lang='lat' dir='ltr'>fulgore</span> <span class='ocrx_word' id='word_1_351' title='bbox 581 2119 631 2153; x_wconf 91' lang='lat' dir='ltr'>intus</span> <span class='ocrx_word' id='word_1_352' title='bbox 643 2118 754 2152; x_wconf 86' lang='lat' dir='ltr'>inflammari</span> 
     </span>
     <span class='ocr_line' id='line_1_39' title="bbox 50 2170 753 2217; baseline 0.004 -15"><span class='ocrx_word' id='word_1_353' title='bbox 50 2170 99 2204; x_wconf 84' lang='lat' dir='ltr'>velut</span> <span class='ocrx_word' id='word_1_354' title='bbox 106 2171 153 2214; x_wconf 82' lang='lat' dir='ltr'>igne.</span> <span class='ocrx_word' id='word_1_355' title='bbox 177 2172 258 2217; x_wconf 81' lang='lat' dir='ltr'>Moxque</span> <span class='ocrx_word' id='word_1_356' title='bbox 265 2171 321 2206; x_wconf 88' lang='lat' dir='ltr'>facies</span> <span class='ocrx_word' id='word_1_357' title='bbox 333 2171 378 2213; x_wconf 87' lang='lat' dir='ltr'>eius,</span> <span class='ocrx_word' id='word_1_358' title='bbox 386 2171 444 2205; x_wconf 89' lang='lat' dir='ltr'>sancti</span> <span class='ocrx_word' id='word_1_359' title='bbox 454 2170 530 2215; x_wconf 89' lang='lat' dir='ltr'>spiritus</span> <span class='ocrx_word' id='word_1_360' title='bbox 542 2171 609 2205; x_wconf 90' lang='lat' dir='ltr'>ardore</span> <span class='ocrx_word' id='word_1_361' title='bbox 619 2181 708 2215; x_wconf 90' lang='lat' dir='ltr'>percussa</span> <span class='ocrx_word' id='word_1_362' title='bbox 720 2177 753 2213; x_wconf 87' lang='lat' dir='ltr'>est,</span> 
     </span>
     <span class='ocr_line' id='line_1_40' title="bbox 51 2223 754 2269; baseline 0.004 -14"><span class='ocrx_word' id='word_1_363' title='bbox 51 2227 69 2255; x_wconf 89' lang='lat' dir='ltr'>et</span> <span class='ocrx_word' id='word_1_364' title='bbox 77 2224 123 2258; x_wconf 88' lang='lat' dir='ltr'>cutis</span> <span class='ocrx_word' id='word_1_365' title='bbox 131 2224 149 2258; x_wconf 91' lang='lat' dir='ltr'>in</span> <span class='ocrx_word' id='word_1_366' title='bbox 159 2236 223 2269; x_wconf 87' lang='lat' dir='ltr'>rugam</span> <span class='ocrx_word' id='word_1_367' title='bbox 232 2225 305 2259; x_wconf 85' lang='lat' dir='ltr'>maxille</span> <span class='ocrx_word' id='word_1_368' title='bbox 311 2229 393 2259; x_wconf 87' lang='lat' dir='ltr'>retracta.</span> <span class='ocrx_word' id='word_1_369' title='bbox 416 2223 469 2266; x_wconf 80' lang='lat' dir='ltr'>Quod</span> <span class='ocrx_word' id='word_1_370' title='bbox 478 2230 553 2259; x_wconf 88' lang='lat' dir='ltr'>sauctus</span> <span class='ocrx_word' id='word_1_371' title='bbox 560 2224 658 2269; x_wconf 89' lang='lat' dir='ltr'>episcopus</span> <span class='ocrx_word' id='word_1_372' title='bbox 666 2224 754 2258; x_wconf 89' lang='lat' dir='ltr'>diuinitus</span> 
     </span>
     <span class='ocr_line' id='line_1_41' title="bbox 51 2275 782 2321; baseline 0 -11"><span class='ocrx_word' id='word_1_373' title='bbox 51 2285 158 2319; x_wconf 77' lang='lat' dir='ltr'>agnoscens,</span> <span class='ocrx_word' id='word_1_374' title='bbox 168 2278 225 2312; x_wconf 89' lang='lat' dir='ltr'>accito</span> <span class='ocrx_word' id='word_1_375' title='bbox 237 2280 260 2312; x_wconf 89' lang='lat' dir='ltr'>ad</span> <span class='ocrx_word' id='word_1_376' title='bbox 273 2289 294 2313; x_wconf 92' lang='lat' dir='ltr'>se</span> <span class='ocrx_word' id='word_1_377' title='bbox 307 2278 389 2319; x_wconf 88' lang='lat' dir='ltr'>diacono,</span> <span class='ocrx_word' id='word_1_378' title='bbox 400 2276 464 2311; x_wconf 87' lang='lat' dir='ltr'>faciem</span> <span class='ocrx_word' id='word_1_379' title='bbox 475 2277 515 2311; x_wconf 88' lang='lat' dir='ltr'>eius</span> <span class='ocrx_word' id='word_1_380' title='bbox 528 2287 584 2311; x_wconf 88' lang='lat' dir='ltr'>manu</span> <span class='ocrx_word' id='word_1_381' title='bbox 596 2275 692 2321; x_wconf 80' lang='lat' dir='ltr'>palpando</span> <span class='ocrx_word' id='word_1_382' title='bbox 700 2276 753 2311; x_wconf 90' lang='lat' dir='ltr'>saluti</span> <span class='ocrx_word' id='word_1_383' title='bbox 762 2288 782 2317; x_wconf 70' lang='lat'>4⁰</span> 
     </span>
     <span class='ocr_line' id='line_1_42' title="bbox 51 2329 753 2375; baseline 0.007 -17"><span class='ocrx_word' id='word_1_384' title='bbox 51 2329 139 2371; x_wconf 85' lang='lat' dir='ltr'>reddidit;</span> <span class='ocrx_word' id='word_1_385' title='bbox 153 2331 258 2375; x_wconf 87' lang='lat' dir='ltr'>precipiens</span> <span class='ocrx_word' id='word_1_386' title='bbox 271 2342 295 2364; x_wconf 92' lang='lat' dir='ltr'>ne</span> <span class='ocrx_word' id='word_1_387' title='bbox 308 2331 355 2364; x_wconf 90' lang='lat' dir='ltr'>hanc</span> <span class='ocrx_word' id='word_1_388' title='bbox 363 2330 453 2363; x_wconf 88' lang='lat' dir='ltr'>visionem</span> <span class='ocrx_word' id='word_1_389' title='bbox 466 2329 578 2374; x_wconf 82' lang='lat' dir='ltr'>patefaceret</span> <span class='ocrx_word' id='word_1_390' title='bbox 589 2330 676 2373; x_wconf 86' lang='lat' dir='ltr'>quamdiu</span> <span class='ocrx_word' id='word_1_391' title='bbox 688 2329 707 2363; x_wconf 90' lang='lat' dir='ltr'>in</span> <span class='ocrx_word' id='word_1_392' title='bbox 720 2329 753 2363; x_wconf 86' lang='lat' dir='ltr'>hac</span> 
     </span>
     <span class='ocr_line' id='line_1_43' title="bbox 52 2375 753 2428; baseline 0.001 -14"><span class='ocrx_word' id='word_1_393' title='bbox 52 2379 87 2413; x_wconf 88' lang='lat' dir='ltr'>vita</span> <span class='ocrx_word' id='word_1_394' title='bbox 99 2384 170 2416; x_wconf 87' lang='lat' dir='ltr'>mortali</span> <span class='ocrx_word' id='word_1_395' title='bbox 181 2389 277 2428; x_wconf 87' lang='lat' dir='ltr'>superstes</span> <span class='ocrx_word' id='word_1_396' title='bbox 293 2375 440 2418; x_wconf 82' lang='lat' dir='ltr'>esset—Post</span> <span class='ocrx_word' id='word_1_397' title='bbox 452 2383 520 2416; x_wconf 87' lang='lat' dir='ltr'>obitum</span> <span class='ocrx_word' id='word_1_398' title='bbox 533 2392 586 2416; x_wconf 88' lang='lat' dir='ltr'>suum</span> <span class='ocrx_word' id='word_1_399' title='bbox 599 2382 655 2416; x_wconf 89' lang='lat' dir='ltr'>multa</span> <span class='ocrx_word' id='word_1_400' title='bbox 667 2392 701 2425; x_wconf 92' lang='lat' dir='ltr'>pro</span> <span class='ocrx_word' id='word_1_401' title='bbox 712 2381 753 2425; x_wconf 91' lang='lat' dir='ltr'>ipso</span> 
     </span>
     <span class='ocr_line' id='line_1_44' title="bbox 53 2434 753 2481; baseline 0.009 -17"><span class='ocrx_word' id='word_1_402' title='bbox 53 2434 138 2470; x_wconf 88' lang='lat' dir='ltr'>miracula</span> <span class='ocrx_word' id='word_1_403' title='bbox 149 2439 247 2472; x_wconf 87' lang='lat' dir='ltr'>ostendere</span> <span class='ocrx_word' id='word_1_404' title='bbox 258 2447 316 2481; x_wconf 89' lang='lat' dir='ltr'>usque</span> <span class='ocrx_word' id='word_1_405' title='bbox 327 2437 346 2470; x_wconf 94' lang='lat' dir='ltr'>in</span> <span class='ocrx_word' id='word_1_406' title='bbox 354 2436 463 2470; x_wconf 90' lang='lat' dir='ltr'>hodiernum</span> <span class='ocrx_word' id='word_1_407' title='bbox 472 2435 521 2469; x_wconf 93' lang='lat' dir='ltr'>diem</span> <span class='ocrx_word' id='word_1_408' title='bbox 534 2434 618 2480; x_wconf 85' lang='lat' dir='ltr'>dignatus</span> <span class='ocrx_word' id='word_1_409' title='bbox 626 2440 654 2470; x_wconf 89' lang='lat' dir='ltr'>est</span> <span class='ocrx_word' id='word_1_410' title='bbox 662 2435 753 2477; x_wconf 89' lang='lat' dir='ltr'>dominus,</span> 
     </span>
    </p>
   </div>
   <div class='ocr_carea' id='block_1_3' title="bbox 52 2496 754 2579">
    <p class='ocr_par' dir='ltr' id='par_1_3' title="bbox 52 2496 754 2579">
     <span class='ocr_line' id='line_1_45' title="bbox 71 2496 754 2538; baseline 0 -8"><span class='ocrx_word' id='word_1_411' title='bbox 71 2496 98 2529; x_wconf 59' lang='lat' dir='ltr'>1Tv</span> <span class='ocrx_word' id='word_1_412' title='bbox 108 2499 125 2531; x_wconf 87' lang='lat' dir='ltr'>E.</span> <span class='ocrx_word' id='word_1_413' title='bbox 133 2501 191 2538; x_wconf 88' lang='lat' dir='ltr'>posuit.</span> <span class='ocrx_word' id='word_1_414' title='bbox 207 2500 533 2537; x_wconf 71' lang='lat' dir='ltr'>²·&#39;FromlilS.C.C.C.C.161(abr.fron1</span> <span class='ocrx_word' id='word_1_415' title='bbox 541 2500 619 2537; x_wconf 83' lang='lat' dir='ltr'>Folcard).</span> <span class='ocrx_word' id='word_1_416' title='bbox 636 2499 754 2530; x_wconf 79' lang='lat' dir='ltr'>³E.bruthunt</span> 
     </span>
     <span class='ocr_line' id='line_1_46' title="bbox 52 2534 729 2579; baseline -0.001 -10"><span class='ocrx_word' id='word_1_417' title='bbox 52 2534 57 2550; x_wconf 81' lang='lat'>⁴</span> <span class='ocrx_word' id='word_1_418' title='bbox 66 2535 83 2565; x_wconf 59' lang='lat' dir='ltr'>Tr</span> <span class='ocrx_word' id='word_1_419' title='bbox 91 2540 111 2568; x_wconf 88' lang='lat' dir='ltr'>ad</span> <span class='ocrx_word' id='word_1_420' title='bbox 118 2541 159 2571; x_wconf 90' lang='lat' dir='ltr'>dom.</span> <span class='ocrx_word' id='word_1_421' title='bbox 168 2542 246 2579; x_wconf 85' lang='lat' dir='ltr'>migrauit.</span> <span class='ocrx_word' id='word_1_422' title='bbox 267 2542 273 2560; x_wconf 78' lang='lat'>³</span> <span class='ocrx_word' id='word_1_423' title='bbox 283 2541 302 2572; x_wconf 84' lang='lat' dir='ltr'>E.</span> <span class='ocrx_word' id='word_1_424' title='bbox 309 2545 325 2571; x_wconf 87' lang='lat' dir='ltr'>et</span> <span class='ocrx_word' id='word_1_425' title='bbox 332 2542 362 2571; x_wconf 91' lang='lat' dir='ltr'>hoc</span> <span class='ocrx_word' id='word_1_426' title='bbox 370 2552 384 2571; x_wconf 91' lang='lat' dir='ltr'>a.</span> <span class='ocrx_word' id='word_1_427' title='bbox 405 2540 411 2558; x_wconf 79' lang='lat'><strong>⁵</strong></span> <span class='ocrx_word' id='word_1_428' title='bbox 418 2540 442 2571; x_wconf 87' lang='lat' dir='ltr'>Cf.</span> <span class='ocrx_word' id='word_1_429' title='bbox 448 2540 525 2572; x_wconf 81' lang='lat' dir='ltr'>C.C.c.c.</span> <span class='ocrx_word' id='word_1_430' title='bbox 530 2541 564 2577; x_wconf 81' lang='lat'>161,</span> <span class='ocrx_word' id='word_1_431' title='bbox 572 2540 609 2570; x_wconf 57' lang='lat' dir='ltr'>ChrA</span> <span class='ocrx_word' id='word_1_432' title='bbox 616 2540 687 2578; x_wconf 87' lang='lat' dir='ltr'>Brompt.</span> <span class='ocrx_word' id='word_1_433' title='bbox 694 2548 729 2577; x_wconf 74' lang='lat'><strong>794.</strong></span> 
     </span>
    </p>
   </div>
   <div class='ocr_carea' id='block_1_4' title="bbox 0 0 892 2803">
    <p class='ocr_par' dir='ltr' id='par_1_4' title="bbox 0 0 892 2803">
     <span class='ocr_line' id='line_1_47' title="bbox 0 0 892 2803; baseline 0 0"><span class='ocrx_word' id='word_1_434' title='bbox 0 0 892 2803; x_wconf 95' lang='lat' dir='ltr'> </span> 
     </span>
    </p>
   </div>
  </div>
 </body>
</html>
