1762 2803
142 90 186 163 '233
333 117 413 171 mota
428 114 545 179 totana
561 114 653 178 bootia.

142 238 205 274 dilexit
217 238 279 273 illum:
295 238 394 284 aspiciebat
405 238 454 273 enim
466 238 530 280 solem,
541 238 610 280 lunam,
624 242 642 271 et
652 237 717 280 celum,
729 242 747 272 et
758 246 792 281 per
803 236 844 271 illas

142 299 235 327 creaturas
247 293 321 336 agnouit
333 298 433 326 creatorem
445 302 513 326 earum.
535 292 587 325 Tunc
599 296 685 334 parentes
696 290 736 325 eius
747 290 844 324 audientes

142 345 210 379 tamam
219 345 296 385 Patricii,
304 349 394 378 venerunt
404 345 427 376 ad
435 353 478 376 eum
486 354 528 376 cum
538 344 575 375 filia
585 354 623 383 sua,
632 349 650 375 et
658 343 744 375 dixerunt
755 343 781 375 ei:
794 342 844 376 ‘Nos

143 397 200 431 coacti
213 407 277 431 sumus
289 396 352 431 venire
365 397 388 430 ad
401 402 419 430 te
432 405 487 429 causa
500 395 537 429 filie
551 401 619 437 nostre,
632 406 668 439 que
682 394 738 428 nimio
752 394 844 429 desiderio

126 462 134 491 5
144 451 194 494 cupit
202 449 264 484 videre
276 449 316 484 te¹.’
338 449 390 482 Tunc
399 453 474 482 sanctus
482 448 571 482 Patricius
583 448 629 481 dixit
641 449 724 482 adeam:
739 448 814 482 ‘Credis
825 448 844 482 in

144 503 220 538 deumr*
243 502 283 545 Que
296 502 333 536 ait:
351 502 430 536 ‘Credo'
454 500 478 535 Et
493 501 555 541 statim
568 501 664 546 baptizata,
677 500 751 535 tradidit
764 501 844 535 animam

144 567 196 590 suam
204 556 223 589 in
235 566 300 589 manus
311 555 423 599 angelorum,
432 560 450 589 et
460 555 485 588 ibi
496 560 603 589 mortuaest
614 560 668 599 atque
676 555 752 599 sepulta.
798 547 845 589 Post

143 610 177 643 hec
192 619 281 652 prospero
296 608 361 642 itinere
376 607 458 652 perrexit
474 608 562 642 Patricius
578 607 668 641 Romam:
689 614 707 641 et
722 607 786 642 detulit
801 607 845 642 inde

143 662 229 705 reliquias
237 662 360 705 apostolorum
368 662 417 695 Petri
425 666 443 694 et
451 660 508 703 Pauli,
516 666 534 694 et
543 660 632 705 Stephani
643 660 729 704 martiris,
737 665 756 694 et
767 660 844 695 linthea-

117 729 136 750 10
144 725 186 749 men
195 725 251 758 super
259 715 307 758 quod
315 714 348 748 fuit
357 714 431 758 sanguis
439 714 508 748 domini
519 713 577 747 nostri
586 714 641 748 lhesu
649 713 727 755 Christi3
740 718 758 747 et
768 713 845 758 reliquie

143 769 178 802 iste
189 773 238 802 retro
249 767 386 802 altare'Patricii
398 771 522 801 reseruantur.
567 759 643 799 Deinde
652 766 740 800 Patricius
750 765 814 800 exiens
826 765 845 800 in

144 822 239 855 desertum
258 821 277 855 in
297 820 442 865 quadragesima,
461 824 499 854 erat
519 818 544 854 ibi
562 830 619 864 super
637 819 716 863 lapidem
735 821 808 862 sedens,
827 825 846 854 et

144 880 221 918 quatuor
228 874 299 917 lapides
307 873 354 908 circa
362 874 423 918 ipsum
433 883 444 906 a
452 878 528 916 quatuor
538 873 624 916 partibus.
647 872 700 906 Tunc
710 882 777 916 magna
786 872 846 907 multi·

144 928 188 960 tudo
199 927 222 959 de
234 927 299 959 auibus
310 926 372 969 nigris,
383 926 394 959 i.
403 925 516 967 demonibus,
524 925 610 960 volabant
621 925 669 958 circa
680 936 727 967 eum,
736 931 754 958 et
765 926 847 969 grauiter

118 996 136 1025 ¹5
145 978 246 1013 orationem
261 977 301 1013 eius
319 978 448 1022 impediebant.
477 977 566 1013 Patricius
580 987 624 1012 vero
639 977 730 1022 percussit
747 978 845 1012 cimbalum

145 1042 201 1075 super
207 1042 245 1073 eos,
252 1036 269 1064 et
277 1030 346 1074 fugauit
354 1042 386 1064 eos
391 1036 442 1069 trans
451 1041 513 1064 mare:
526 1035 544 1064 et
550 1030 611 1064 statim
618 1031 694 1074 repleuit
700 1035 758 1064 totum
764 1036 846 1065 montem

145 1085 240 1119 multitudo
256 1084 362 1129 angelorum
375 1083 394 1119 in
408 1083 472 1118 formis
485 1082 656 1118 candidissimarum
670 1083 737 1124 auium,
749 1088 768 1118 et
782 1083 847 1118 suauia

145 1140 226 1172 carmina
236 1139 332 1171 cantabant
342 1137 364 1171 ei.
410 1129 524 1181 Quotidiana
531 1148 576 1171 vero
584 1136 623 1171 eius
631 1137 667 1170 vita
677 1137 718 1170 talis
729 1142 778 1171 erat:
791 1137 847 1171 Omni

145 1201 225 1235 namque
231 1190 260 1225 die
267 1191 373 1234 psalterium
380 1200 421 1223 curn
427 1189 503 1223 canticis
510 1194 528 1224 et
536 1189 611 1233 hymnis
619 1195 637 1223 et
645 1190 729 1224 ducentis
735 1189 847 1224 orationibus

118 1259 137 1280 ιο
145 1243 229 1285 cantauit,
238 1249 256 1277 et
265 1243 353 1277 offerebat
363 1253 430 1286 corpus
439 1242 511 1285 Christi,
520 1242 597 1277 docebat
604 1243 710 1286 discipulos,
717 1243 775 1277 turbis
785 1243 847 1287 predi-

145 1298 202 1338 cabat,
211 1300 228 1330 et
240 1295 259 1329 in
270 1295 320 1329 omni
332 1295 377 1329 hora
388 1295 441 1339 signo
453 1294 512 1329 crucis
520 1294 588 1329 Christi
600 1295 669 1330 centies
681 1295 764 1339 signabat
776 1306 802 1331 se.
825 1295 847 1330 ln

146 1350 206 1393 prima
213 1358 256 1381 vero
264 1348 323 1381 noctis
334 1353 387 1391 parte
395 1353 468 1381 centum
478 1348 559 1391 psalmos
570 1350 651 1389 canebat,
659 1354 677 1381 et
685 1349 769 1382 ducentis
776 1348 847 1382 vicibus

146 1413 207 1447 genua
220 1400 328 1443 curuabat²;
346 1405 364 1435 et
378 1396 389 1434 a
404 1400 495 1444 pullorum
508 1405 562 1435 cantu
575 1399 594 1435 in
608 1400 660 1445 aquis
674 1401 733 1436 stabat
744 1401 803 1436 donec
815 1401 847 1436 ad-

146 1457 232 1499 impleret
241 1456 333 1488 orationes
344 1465 392 1487 suas.
415 1454 458 1488 Post
466 1454 500 1487 hec
508 1453 610 1492 dormiebat
620 1465 677 1498 super
684 1454 764 1498 lapidem
772 1455 847 1497 nudum,

120 1523 137 1552 ²5
146 1509 261 1552 alterumque
268 1508 303 1541 sub
311 1506 370 1551 capite
378 1506 417 1541 eius
424 1506 490 1551 posuit,
498 1512 516 1541 et
525 1508 604 1541 tunicam
612 1507 706 1551 pelliceam
715 1508 792 1543 habebat
800 1508 848 1543 cirea

146 1562 219 1594 lumbos
231 1571 280 1601 suos,
289 1561 308 1593 in
318 1571 365 1603 aqua
376 1560 456 1593 tinctam.
501 1552 605 1602 Completis
617 1566 677 1594 autern
688 1571 699 1594 a
709 1561 803 1595 natiuitate
815 1573 848 1596 sua

148 1613 201 1646 annis
212 1617 285 1645 centum
295 1611 374 1655 triginta,
382 1611 467 1654 migrauit
478 1612 500 1644 ad
509 1611 608 1654 dominum.
653 1605 704 1647 Cum
712 1618 773 1647 autern
781 1624 848 1657 appro-

147 1665 245 1710 pinquaret
252 1664 292 1698 dies
300 1665 360 1698 exitus
368 1664 408 1697 eius
416 1675 427 1697 a
434 1675 516 1707 corpore,
524 1665 548 1698 ad
556 1664 647 1699 ciuitatem
655 1665 749 1699 Ardmach
755 1666 762 1685 ³
769 1675 848 1710 pergere

148 1718 200 1762 cepit.
228 1718 251 1751 Et
263 1717 340 1751 occurrit
351 1717 371 1751 in
382 1718 411 1751 via
425 1718 442 1751 ei
453 1717 516 1751 Victor
528 1717 611 1761 angelus,
622 1718 696 1753 dicens:
712 1718 772 1753 ‘Ecce
783 1730 848 1763 appro-

120 1785 139 1815 30
148 1771 223 1816 pinquat
234 1770 274 1805 dies
286 1768 393 1804 exitus‘tui:
409 1769 446 1803 noli
457 1772 484 1803 ire
495 1770 518 1803 ad
530 1770 621 1804 ciuitatem
634 1771 745 1813 Ardmach⁸‚
759 1772 801 1815 quia
813 1771 849 1806 illic

148 1836 185 1857 non
200 1823 295 1857 morieris)
319 1823 342 1856 Et
356 1822 397 1857 ille:
415 1822 525 1866 ‘Captiuitas
537 1828 565 1857 est
578 1834 637 1866 vsque
650 1823 669 1857 in
682 1824 745 1867 finem,
757 1825 802 1858 dum
814 1836 848 1859 nec

147 1887 224 1919 possum
235 1877 296 1909 locum
307 1875 375 1919 eligere
387 1876 482 1918 sepulture
493 1877 546 1910 mee!
570 1875 618 1910 Dum
630 1882 691 1911 autem
703 1878 761 1911 adhuc
772 1878 848 1920 viueret,

148 1933 222 1963 sanctus
238 1927 327 1962 Patricius
343 1928 408 1962 crebra
423 1927 531 1971 angelorum
546 1927 651 1963 visitatione
664 1928 768 1963 consolatus
783 1934 816 1970 est,
830 1934 849 1963 et

148 1982 224 2027 angelus
233 1981 273 2016 eius
280 1981 371 2026 proprius,
376 1981 439 2016 Victor
445 1980 525 2024 nomine,
530 1980 549 2014 in
555 1980 606 2015 omni
613 1980 692 2026 septima
698 1981 727 2015 die
733 1982 849 2016 hebdomade

121 2045 140 2076 35
147 2034 238 2077 veniebat,
246 2040 265 2069 et
277 2036 323 2069 sicut
331 2034 386 2068 homo
397 2045 439 2067 curn
447 2034 521 2067 homine
529 2035 615 2079 loquitur,
623 2035 650 2068 sic
661 2045 682 2068 se
692 2036 772 2069 inuicem
782 2037 849 2069 saluta-

148 2089 197 2131 bant.
220 2088 270 2130 Sepe
285 2088 334 2120 celos
349 2092 424 2130 apertos
436 2086 486 2128 vidit,
498 2092 517 2121 et
531 2087 607 2121 ihesum
620 2087 713 2121 Christum
725 2098 767 2121 cum
779 2088 850 2132 angelis

149 2141 188 2174 suis
194 2139 212 2173 in
218 2140 267 2173 celo:
278 2140 319 2173 ideo
326 2150 358 2173 cor
363 2139 402 2174 eius
409 2139 547 2183 incomparabili
553 2139 596 2183 igne
602 2139 704 2175 dilectionis
710 2140 739 2174 dei
745 2140 833 2184 flagrabat
838 2141 849 2174 ⁴.

149 2191 199 2227 Obiit
210 2196 271 2225 autem
283 2192 407 2240 sextodecimo
419 2192 454 2225 kal.
465 2191 533 2236 aprilis,
541 2196 559 2225 et
570 2192 632 2226 iloruit
643 2192 690 2226 circa
701 2203 770 2225 annum
780 2193 850 2226 domini

149 2243 350 2289 quadringentesimum
366 2244 477 2278 tricesimum
493 2249 584 2288 quartum.
608 2244 629 2279 ln
645 2245 705 2289 prima
721 2250 782 2279 autem
797 2252 850 2280 nocte

121 2311 142 2340 4⁰
149 2303 240 2332 venerunt
251 2297 317 2340 angeli,
325 2303 344 2330 vt
356 2298 468 2331 custodirent
480 2309 547 2341 corpus
557 2298 607 2332 eius:
620 2303 638 2332 et
648 2297 709 2333 clerici
717 2298 797 2342 vndique
808 2309 851 2333 con·

150 2352 234 2392 fluentes,
253 2349 372 2392 dormierunt,
387 2350 482 2383 audientes
500 2361 565 2384 vocem
584 2350 696 2395 angelorum,
712 2350 760 2384 circa
779 2361 851 2395 eorpus.

150 2405 207 2439 Mane
221 2408 283 2437 autem
298 2404 406 2436 recedentes
421 2404 481 2447 angeli
497 2403 606 2438 dimiserunt
625 2404 644 2438 in
663 2405 702 2438 loco
721 2403 850 2439 suauissimum

150 2459 226 2490 odorem
245 2455 298 2498 quasi
312 2455 377 2488 mellis.
405 2455 493 2497 Sepultus
508 2462 536 2489 est
551 2462 613 2490 autem
629 2457 648 2490 in
667 2458 740 2491 ciuitate
756 2457 851 2496 dunensi⁶,

169 2524 275 2554 ¹V1'tdeum.
342 2522 458 2555 2T.cumauit.
524 2524 659 2557 ³E.Ardemaeh.
726 2524 761 2557 1Τ.
769 2524 851 2563 fragrabat.

150 2567 156 2586 ⁶
166 2566 184 2596 E.
192 2566 260 2595 dunensi
263 2575 268 2603 ;
279 2565 296 2595 T.
304 2564 425 2602 Ardmachana;
436 2565 454 2595 cf.
463 2563 529 2603 Colgan,
536 2574 552 2603 p.
560 2565 594 2603 258.
