1762 2803
46 138 183 179 ursaonae]
258 128 304 183 m
319 126 355 181 ᾗ.
371 127 540 180 winmflisstss.
704 141 745 186 57Ι

47 259 86 289 sunt
98 251 159 295 quibus
171 249 236 283 onerati
249 249 302 283 estis:
317 260 349 283 vos
359 249 432 292 portatis
443 260 501 290 onera,
513 260 546 292 ego
557 248 633 283 diuidam
645 248 679 282 illa.
702 248 748 290 Quid

47 303 105 338 enim?
128 300 213 343 Nuuquid
224 300 288 343 putatis
299 310 330 333 vos
340 300 423 334 maiorem
433 306 534 343 accepturos
544 299 621 334 sortem?
644 300 696 333 Mene
707 309 749 341 ergo

47 354 69 387 ad
80 352 112 385 ista
122 351 162 384 ideo
172 349 279 392 prouocastis
290 349 340 383 litora
349 356 368 383 ut
380 349 418 383 istic
428 349 529 383 irritaretis?
551 351 593 383 Non
605 359 666 382 sanum
677 348 695 381 in
704 348 750 382 viros

47 402 76 446 qui
83 401 149 434 nullum
156 399 209 433 michi
217 400 272 434 eciam
280 399 373 442 dignantur
379 401 484 443 respondere
490 401 554 434 verbo?
578 398 604 434 llli
613 405 671 433 autem
679 404 750 441 vrgente

47 458 94 485 metu
105 457 122 484 et
133 451 196 490 dolore,
204 450 287 483 tenebant
296 450 391 483 silencium.
414 450 455 483 Hiis
466 450 517 492 igitur
527 450 551 483 ita
558 450 617 492 gestis,
627 455 666 492 post
676 448 767 491 primams

49 502 152 535 celebratam
165 501 226 532 horam
241 500 300 532 omnia
315 510 348 542 que
362 500 396 532 hiis
408 500 449 533 viris
462 500 560 533 acciderant
575 501 601 533 vir
615 499 643 532 dei
659 500 750 532 enarrabat

48 553 133 589 fratribus.
157 552 192 586 lllis
205 563 247 587 vero
262 552 295 586 deo
307 553 374 596 gracias
389 553 486 596 agentibus,
498 564 534 587 non
549 553 604 587 solum
619 559 689 596 propter
703 551 750 586 viros

49 609 147 648 prostratos,
155 614 215 636 verum
223 603 278 637 eciam
290 610 360 646 propter
366 605 438 645 gloriam
448 604 476 637 dei
488 604 505 637 iu
513 615 563 637 seruo
570 615 602 637 suo
612 603 749 636 manifestatam:

49 653 124 693 ‘Nolite
135 652 190 695 inquit
202 659 271 687 sanctus
282 653 403 695 Winwaloeus‚
411 653 428 687 in
440 665 481 687 casu
491 654 599 687 inimicorum
609 659 705 686 vestrorum
713 663 750 695 gra·

49 703 103 743 tulari,
114 713 170 745 neque
179 703 252 745 gloriam
263 703 286 735 ad
296 703 370 736 inuicem
380 710 406 737 set
416 715 450 747 que
461 715 472 736 a
483 704 516 736 deo
525 710 551 737 est
561 703 641 747 queratis.
664 702 751 745 Scriptum
760 713 778 734 ιο

50 754 112 797 quippe
123 759 160 785 est:
173 753 223 794 “Qui
234 753 320 796 gloriatur,
331 754 349 786 in
359 754 430 787 domino
442 754 539 796 glorieture¹¹
563 754 608 796 Quin
620 753 674 786 eciam
686 752 751 785 domini

50 803 420 847 mandatumvoluntarieimpleredebernus.
441 802 751 847 Festinemusergo‚ait‚admiseras:

50 865 90 887 nam
101 852 156 896 pene¹
167 854 264 897 consumpti
275 854 293 886 in
304 855 363 888 dolore
374 862 391 888 et
402 854 547 896 cordis·angustia
557 854 607 888 sunt)
630 855 685 887 Facta
693 859 752 887 tamen

50 904 105 945 primo
117 903 235 944 sollempniter
245 904 330 943 oracione,
338 911 452 945 perrexerunt.
474 906 498 936 At
508 915 547 936 cum
558 910 628 937 sanctus
635 903 752 935 Winsvaloeus

50 958 67 985 et
75 958 135 984 sancta
142 962 202 984 secum
212 953 262 985 simul
272 953 385 995 congregacio
396 959 436 987 ante
446 954 484 986 illos
494 954 611 996 apparuisset:
623 958 703 995 quantus,
712 953 751 985 lesu
760 963 778 994 15

50 1003 100 1044 bone,
111 1002 213 1036 miserorum
224 1003 242 1037 in
253 1014 297 1046 pena
309 1003 419 1038 existencium
430 1004 448 1037 in
459 1004 510 1039 corde
523 1005 572 1039 dolor
583 1014 622 1039 cunr
634 1002 752 1046 trepidacione

50 1054 148 1086 tenebatur!
173 1055 259 1087 Putabant
272 1054 317 1087 enim
329 1056 357 1087 vel
369 1056 392 1087 ad
405 1060 478 1088 mortem
491 1056 518 1088 vel
532 1056 555 1088 ad
567 1054 660 1088 vindictam
672 1055 751 1097 penalem

51 1103 103 1136 cicius
111 1115 130 1137 se
138 1115 176 1137 esse
184 1104 283 1138 trahendos.
306 1104 372 1147 Quibus
383 1112 465 1139 sanctus:
477 1106 545 1147 ‘Quam
556 1106 607 1139 stulte
617 1103 688 1146 egistis!
711 1106 752 1138 Non

52 1152 97 1185 enim
104 1153 161 1194 magis
169 1154 281 1187 condecuerat
287 1165 308 1187 ex
312 1154 382 1187 fratrum
388 1154 445 1188 labore
450 1154 514 1197 aliquid
520 1165 558 1188 cum
563 1153 655 1188 hillaritate
659 1154 752 1196 postulare,

52 1207 68 1235 et
80 1213 100 1235 ex
111 1203 223 1245 permissione
234 1204 280 1247 quod
292 1204 369 1238 sufficere
380 1211 438 1247 posset
449 1205 540 1248 suscipere,
548 1215 600 1248 quam
611 1204 629 1236 iu
640 1203 668 1237 dei
678 1204 752 1237 famulos
761 1216 780 1238 ro

52 1253 129 1286 fraudem
135 1253 212 1287 illicitam
219 1256 328 1297 perpetrare?
345 1256 375 1288 Set
383 1265 428 1288 nuuc
436 1254 473 1298 ipse
480 1256 509 1298 qui
515 1256 573 1298 ligauit
578 1264 610 1288 vos
619 1255 668 1288 lesus
674 1253 753 1288 Christus

52 1303 132 1336 dominns
143 1311 203 1337 noster
213 1306 236 1338 ab
247 1305 280 1337 hac
291 1305 342 1347 plaga
353 1304 422 1338 liberet.¹
445 1307 484 1339 Hec
495 1312 554 1339 autern
564 1316 585 1339 eo
596 1305 620 1338 ita
627 1311 704 1346 rogante,
711 1315 753 1338 con-

52 1353 108 1387 festim
116 1354 139 1388 ab
147 1354 194 1388 omni
204 1355 255 1397 plaga
265 1355 349 1398 corporali
360 1355 409 1389 soluti
420 1361 465 1389 sunt.
487 1357 511 1389 Et
522 1355 585 1389 adiecit
596 1354 668 1388 dicens:
680 1354 753 1389 ‘Videte

52 1414 74 1435 ne
88 1404 133 1436 vltra
147 1405 179 1437 hec
191 1404 268 1445 faciatis3
281 1405 334 1438 tollite
347 1405 387 1439 hinc
399 1412 457 1439 vestra
469 1405 558 1439 vobiscum
570 1416 628 1445 onera,
641 1411 658 1438 et
671 1404 753 1448 quociens

52 1463 122 1486 neccsse
130 1454 180 1487 fucrit
188 1455 241 1498 petite
249 1466 259 1487 a
267 1455 317 1488 nobis
325 1460 341 1488 et
351 1466 384 1488 nos
394 1455 503 1488 incuntanter
514 1457 547 1488 deo
558 1461 646 1499 prestante
654 1456 753 1496 tribuemus,
762 1463 780 1495 ²5

53 1508 69 1536 et
77 1504 130 1538 nolite
137 1511 207 1548 propter
213 1515 241 1539 res
250 1505 355 1539 transitorias
365 1511 382 1540 et
393 1507 468 1540 caducas
477 1506 544 1540 animas
552 1512 618 1541 vestras
626 1506 707 1549 perclere.¹
729 1507 753 1540 At

53 1553 76 1586 illi
84 1555 145 1588 mirum
153 1555 170 1588 in
178 1557 249 1589 modum
256 1556 340 1597 conuersi,
348 1563 365 1590 et
373 1569 393 1590 ex
401 1557 445 1599 lupis
455 1557 495 1599 agni
505 1557 563 1590 statim
570 1556 637 1590 effecti:
649 1557 754 1599 ‘Nunquam

53 1614 63 1636 a
71 1610 93 1645 te,
100 1605 182 1646 inquiunt,
188 1608 267 1639 volumus
273 1607 354 1648 separari,
360 1613 386 1640 set
392 1607 426 1640 tuis
433 1607 527 1649 perpetuo²
535 1607 649 1649 obsequemur
656 1607 741 1648 impen’is’
747 1606 754 1648 ΙΙ

54 1653 83 1686 Set
91 1654 125 1687 hoc
132 1666 154 1688 ne
161 1666 242 1698 vmquam
253 1655 335 1688 obliuioni
345 1656 427 1697 tradatur,
435 1657 482 1699 quod
492 1667 543 1690 nemo
552 1657 570 1690 in
580 1656 642 1690 eodem
653 1655 692 1688 loco
700 1656 754 1699 potuit

53 1703 96 1736 mori
107 1704 140 1737 nisi
152 1712 239 1739 senectute
249 1712 354 1748 grauaretur‚
362 1706 403 1739 libet
413 1707 445 1739 hoc
456 1706 555 1740 interserere
564 1707 608 1740 loco.
634 1706 685 1739 Vnde
694 1707 754 1739 fratres
763 1713 782 1743 30

54 1752 120 1796 longeui
128 1755 179 1797 longo
187 1756 283 1799 pergrauati
292 1756 340 1790 senio
348 1763 365 1791 et
373 1756 443 1790 dissolui
452 1757 485 1791 isto
492 1757 541 1800 graui
549 1768 620 1800 corpore
626 1756 660 1790 iam
666 1757 755 1799 cupientes

54 1810 70 1837 et
78 1805 156 1839 laborum
164 1817 233 1841 suorum
240 1807 273 1840 sibi
281 1808 352 1841 reddere
360 1808 426 1851 premia
433 1815 530 1851 poscentes,
539 1814 556 1842 et
564 1808 606 1852 quid
613 1818 665 1851 agere
672 1808 755 1841 deberent

55 1862 123 1898 propter
130 1856 279 1899 ingrauescentem
289 1864 306 1891 et
316 1859 421 1900 decrepitam
433 1865 497 1892 etatem
506 1860 541 1892 iarn
551 1859 655 1898 nescientes,
663 1865 755 1899 coegerunt

55 1903 102 1938 illum
117 1907 209 1940 transferre
221 1906 309 1949 paululum
323 1907 356 1940 loci
370 1907 421 1940 huius
434 1907 502 1941 edificia
514 1914 531 1941 et
547 1906 681 1950 suppellectilem
696 1917 755 1940 secum

55 1962 123 1996 portare
130 1963 190 1991 contra
197 1957 238 1991 solis
245 1964 306 1999 ortum,
314 1964 331 1992 et
339 1958 362 1992 ibi
370 1958 432 1992 deinde
443 1959 485 1992 citra
496 1958 536 1992 litus
546 1958 580 2001 figi.
602 1956 706 1992 Multociens
713 1968 755 2001 quo-
763 1967 783 1997 35

56 2016 87 2048 que
95 2019 105 2040 a
114 2008 227 2043 sanctissimis
234 2008 274 2043 viris
282 2010 393 2043 referentibus
401 2010 479 2043 auditum
487 2016 518 2051 est,
526 2016 543 2043 et
553 2010 624 2044 eosdem
632 2009 702 2043 audisse
709 2009 756 2052 apud

56 2059 186 2098 predecessores
195 2066 212 2093 et
219 2059 283 2093 vidisse
291 2070 324 2103 que
335 2060 423 2094 verissime
431 2060 515 2094 vidissent
523 2066 540 2094 et
547 2060 639 2093 dixissent:
653 2065 669 2093 et
677 2066 756 2102 apertum

56 2116 94 2141 esse
108 2115 176 2143 tantum
190 2111 221 2144 celi
236 2110 314 2152 spacium
329 2121 382 2152 supra
396 2111 443 2143 illum
458 2112 515 2144 locum
530 2111 548 2143 in
563 2111 600 2144 celo
615 2116 697 2152 quantum
712 2116 757 2144 terre

56 2165 174 2200 occupauerat,
182 2165 199 2193 et
209 2160 308 2202 angelorum
319 2159 358 2200 illic,
367 2166 427 2193 sancto
436 2160 542 2193 Wimvaloeo
550 2161 684 2199 demonstrante,
691 2159 757 2193 visione

56 2205 115 2241 fruitus
126 2209 179 2242 fuisse
191 2210 323 2243 ascendcncium
335 2216 352 2242 et
363 2210 506 2242 descendencium
518 2210 536 2242 in
547 2210 675 2243 similitudinem
686 2209 757 2242 visionis
765 2214 785 2243 40

59 2256 110 2291 Iacob
118 2260 224 2303 patriarche;
240 2265 257 2293 et
265 2261 287 2293 ob
295 2261 328 2294 hoc
336 2260 359 2294 ibi
367 2260 451 2304 putabant
462 2272 482 2294 se
492 2272 528 2294 non
537 2272 589 2305 posse
599 2271 670 2304 corpore
681 2261 757 2302 dissolui,

57 2308 85 2340 vbi
93 2310 172 2344 stabilem
182 2317 199 2344 et
210 2311 317 2345 insolubilem
326 2312 377 2344 erecti
388 2312 446 2344 animo
455 2311 539 2345 vidissent
547 2312 607 2345 vitam.
613 2311 672 2354 iiDum
682 2312 758 2355 quadam

57 2365 106 2393 nocte
113 2368 183 2396 sanctus
189 2362 303 2396 Wimvaloeus
309 2369 348 2405 post
353 2362 483 2406 completorium
489 2363 535 2397 solus
540 2362 557 2397 in
563 2361 638 2397 oratorio
644 2369 757 2405 pernoctaret,

57 2415 142 2444 astantem
149 2412 182 2445 sibi
189 2413 232 2446 vidit
239 2414 320 2454 angelum
328 2413 393 2445 domini
401 2414 565 2455 splendidissimum,
573 2415 621 2447 cuius
628 2413 683 2454 fulgor
690 2414 758 2446 lucebat

57 2463 75 2489 vt
83 2461 114 2502 sol,
122 2472 143 2494 ex
150 2463 198 2496 cuius
208 2464 300 2506 splendore
311 2469 328 2496 et
339 2464 391 2497 odore
400 2469 447 2496 totus
457 2465 541 2497 sufficeret
550 2463 625 2496 mundus
636 2463 733 2504 illuminari,
740 2469 757 2496 et
765 2467 785 2497 45

58 2508 143 2545 dicentem
151 2512 195 2547 sibi:
208 2513 281 2547 ‘Sancte
289 2513 317 2548 dei
324 2513 430 2549 Winrvaloee
438 2514 507 2548 Christo
513 2514 629 2554 dilectissime,
635 2513 695 2556 vigilas
702 2513 718 2547 i'
733 2514 757 2547 At

177 2587 183 2605 ¹
193 2587 226 2618 MS.
233 2596 284 2627 penes.
499 2586 506 2607 ⁵
517 2587 550 2617 MS.
558 2586 638 2626 perpetuis.
