1762 2803
132 208 188 270 324
323 195 403 248 mona
418 192 535 257 teutona
550 166 643 256 anulio.

131 322 150 351 vt
163 316 241 350 salutem
254 316 351 360 pristinam
363 317 483 361 reciperes?”
501 317 541 361 Ego
552 321 613 350 autem
625 315 713 359 respondi
724 316 773 359 quod
785 315 835 359 quic-

132 369 176 414 quid
184 369 240 404 vellet
251 369 296 403 mihi
308 370 410 412 precipere,
418 370 486 404 vellem
497 370 541 413 pati.
564 369 649 412 Precepit
661 379 705 412 ergo
717 368 758 412 ipse
770 368 835 402 clerico

132 433 166 457 suo
173 427 193 456 vt
203 432 234 455 me
245 421 348 455 excoriaret
358 427 376 456 et
387 422 455 465 pellem
466 433 527 456 meam
536 422 581 456 mihi
589 422 710 456 subtraheret.
734 421 757 455 Et
768 421 835 455 factum

132 480 161 510 est
172 474 201 509 ita.
225 473 247 508 Et
258 474 299 508 ideo
310 479 348 508 tota
358 480 412 509 nocte
422 485 459 509 non
470 474 520 519 potui
532 485 562 509 me
572 480 635 510 tenere
643 473 688 519 quin
697 473 792 515 vlularem,
800 472 836 508 fre·

115 538 209 571 5merem,
222 532 240 561 et
255 527 363 561 clamarem.¹
387 527 420 561 Cui
433 539 480 561 vxor
495 539 528 561 sua
544 528 579 562 ait:
597 528 637 561 ‘Ad
652 528 721 561 bonum
736 532 787 560 tuum
804 538 836 560 ex-

132 579 211 614 coriatus
223 590 249 622 es,
260 589 303 613 nam
315 579 396 623 perfecte
408 579 481 614 sanitati
493 580 589 614 restitutus
601 581 631 614 es.'
655 579 740 614 Crastina
750 589 795 613 vero
807 579 836 613 die

132 633 225 677 profectus
233 637 261 666 est
269 632 322 666 miles
330 637 348 666 et
355 643 402 666 vxor
410 643 443 666 sua
451 643 493 666 cum
502 632 574 676 magnis
582 633 678 666 exenniis¹
686 633 709 666 ad
717 632 836 676 sepulchrum

132 685 180 720 beati
193 685 297 719 Edmundi:
314 690 332 718 et
345 686 368 718 ad
380 686 463 718 tumbam
477 685 516 718 eius
530 685 593 718 militis
606 686 675 728 pellem
686 695 797 728 suspensam
808 684 836 717 in·

132 742 235 779 uenerunt,
247 742 265 771 et
277 737 354 782 gloriam
367 739 402 771 deo
415 743 433 771 et
445 738 498 771 beato
512 737 610 771 Edmundo
622 737 709 781 episcopo
721 742 803 781 agentes,
813 736 837 770 ad

106 802 125 831 1’0
133 791 208 836 propria
218 801 260 825 curn
269 791 348 834 magno'i
355 791 422 835 gaudio
431 791 530 825 redierunt.
574 790 630 824 Anno
641 795 702 824 autem
713 789 783 824 domini
796 789 837 823 mil-

132 844 197 879 lesimo
215 843 340 878 ducentesimo
354 843 506 887 quinquagesimo
521 843 606 877 monachi
621 842 774 887 pontiniacenses,
791 842 837 876 sicut

133 896 220 941 scriptum
233 896 312 942 repperi,
324 896 418 931 brachium
430 896 488 931 sancti
504 895 597 931 Edmundi
610 895 734 939 absciderunt,
747 905 783 940 qua
795 905 837 931 con-

133 950 244 985 sideratione
253 949 343 984 nescitur:
356 955 374 984 et
382 951 416 984 deo
424 949 506 983 offenso³
514 949 601 983 miracula
609 954 705 983 cessarunt
710 949 722 982 ⁴.

157 1079 330 1123 [MS.Tib.adds:⁶
444 1063 535 1098 Narratio.

158 1131 228 1171 Iudeus
236 1137 309 1180 quidam
317 1148 328 1170 a
335 1138 370 1170 deo
378 1136 482 1180 inspiratus,
490 1142 574 1179 tempore
582 1136 673 1179 passionis
682 1136 750 1170 Christi
758 1137 837 1179 quodam

109 1204 125 1234 ¹5
135 1195 209 1237 accepto
223 1200 267 1223 uase
281 1188 354 1232 corpori
369 1188 437 1223 Christi
449 1188 468 1222 in
482 1199 536 1223 cruce
551 1189 650 1232 pendentis
666 1188 767 1233 supposuit,
781 1194 800 1223 et
815 1189 838 1223 de

135 1242 224 1286 sanguine
235 1242 258 1276 de
270 1253 347 1286 corpore
358 1241 440 1276 crucifixi
451 1241 554 1285 profluente
567 1241 654 1286 suscepit.
677 1241 767 1286 indignati
780 1242 838 1286 (ergo)

135 1295 184 1329 iudei
192 1295 275 1328 edificata
283 1296 337 1328 domo
344 1300 396 1328 extra
403 1295 495 1328 ciuitatem
505 1295 609 1338 (perpeJtuo
617 1306 691 1329 carcere
699 1306 742 1329 eum
750 1296 839 1338 dampna-

135 1352 206 1381 uerunt.
229 1347 285 1380 Anno
300 1352 361 1380 autem
373 1352 416 1390 post
431 1348 559 1381 ascensionem
573 1347 642 1381 domini
655 1348 796 1390 quadragesimo
810 1357 839 1382 se·

136 1400 216 1444 (cundo),
226 1411 292 1433 euersa
303 1411 337 1443 per
344 1399 481 1443 Vespasianum
493 1405 512 1433 et
522 1399 584 1433 Titum
595 1400 653 1434 filiuni
664 1411 718 1434 suum
731 1400 776 1434 urbe
790 1400 839 1434 Ieru-

76 1453 78 1455 ’
109 1466 128 1486 zo
136 1453 199 1495 salem,
211 1452 297 1486 uiderunt
308 1452 401 1497 principes
414 1452 439 1486 illi
453 1453 528 1486 domum
541 1453 643 1497 predictam
655 1454 711 1487 edera
722 1458 838 1497 coopertam:
870 1455 872 1459 '

136 1517 191 1551 quam
204 1505 297 1539 diruentes
308 1507 401 1549 quendam
413 1505 487 1540 iudeum
502 1506 579 1540 hilarem
591 1507 693 1548 sedentem,
705 1512 723 1540 et
735 1507 839 1551 preciosum

136 1559 245 1602 sanguinem
255 1558 274 1591 in
288 1569 333 1592 uase
344 1569 401 1602 super
412 1559 503 1602 gremium
513 1565 613 1602 tenentem,
623 1559 738 1594 inuenerunt.
763 1559 786 1593 Et
798 1570 839 1594 cum

136 1622 170 1646 uas
178 1612 200 1645 ab
208 1611 239 1645 illo
248 1610 367 1653 amouissent,
373 1611 470 1645 confestim
479 1611 544 1646 iudeus
551 1611 635 1656 spiritum
642 1611 709 1646 emisit.
726 1612 749 1646 Et
755 1612 839 1647 tollentes

138 1675 200 1711 secum
212 1674 245 1698 uas
257 1674 299 1697 cum
311 1663 406 1708 sanguine,
416 1664 434 1698 in
446 1665 515 1709 templo
524 1664 575 1709 pacis
586 1665 646 1699 Rome
654 1675 695 1699 eum
706 1665 776 1699 honore
785 1665 840 1700 collo-

110 1730 128 1758 ²5
138 1722 212 1751 carunt:
224 1716 255 1749 ubi
263 1728 322 1760 usque
332 1718 355 1749 ad
367 1722 441 1760 tempus
449 1717 514 1759 Caroli,
523 1728 559 1750 una
568 1728 610 1751 cum
620 1717 708 1761 prepucio
716 1717 789 1759 Christi,
798 1729 840 1762 per-

138 1769 210 1804 mansit.
227 1768 315 1812 (Elaplsis
323 1774 384 1803 autern
392 1769 454 1803 multis
462 1770 515 1803 annis
522 1780 563 1803 curn
571 1769 735 1812 rexAla(mannie)
744 1769 840 1811 Ricardus,
875 1808 876 1812 ,

138 1823 194 1857 frater
206 1821 255 1865 regis
267 1821 344 1855 Henrici
354 1821 440 1865 Anglilci,
450 1821 477 1864 in)
488 1821 618 1855 Alamanniam
629 1822 720 1863 transiret,
732 1822 840 1857 Edmundus

138 1875 186 1910 filius
202 1874 255 1918 (eius)
274 1874 292 1908 in
312 1880 372 1908 castro
389 1875 493 1909 Triuelensi
512 1875 558 1909 uidit
573 1874 684 1909 uestimenta
703 1876 728 1918 (et
747 1876 840 1921 relliquias

138 1929 227 1970 diuersas,
235 1933 253 1962 et
261 1928 375 1961 firmaculum
383 1939 459 1961 aureum
468 1929 517 1972 (cum
525 1929 611 1972 qu)ada1n
620 1939 675 1962 aurea
683 1929 766 1972 cathena,
774 1929 793 1963 in
805 1941 840 1973 quo

110 1996 130 2024 3⁰
138 1981 233 2026 preciosus
249 1981 339 2024 (sanguhs
355 1981 423 2014 domini
438 1981 496 2014 nostri
512 1981 568 2015 Ihesu
584 1981 652 2015 Christi
667 1982 748 2025 prelatus
763 1993 797 2025 pro
812 1993 841 2016 re-

139 2033 263 2077 demptcione)
270 2033 344 2077 generis
353 2034 428 2066 humani
437 2034 518 2067 effusust
525 2045 536 2066 a
544 2034 609 2067 Carolo
617 2035 692 2077 mag(no
698 2035 740 2076 thc
746 2034 816 2068 delatus
823 2041 841 2068 et

138 2086 221 2121 inclusus
229 2090 273 2119 erat.
296 2085 319 2119 Et
327 2085 413 2129 precibus
422 2086 448 2128 [et
456 2086 508 2129 au)ro
516 2086 574 2119 multo
584 2085 615 2119 illa
622 2085 719 2129 accipiens,
728 2085 747 2119 in
754 2086 841 2130 Angliam

158 2161 164 2178 ¹
175 2161 192 2191 E.
202 2160 272 2190 exemiis.
392 2159 398 2176 ²
408 2169 438 2189 om.
446 2161 462 2189 in
469 2160 487 2190 T.
609 2161 614 2177 ³
624 2160 643 2190 E.
651 2160 715 2190 offensa.

158 2200 164 2218 ⁴
175 2201 236 2230 Collect
242 2200 259 2229 in
266 2200 283 2230 T.
291 2210 294 2230 :

158 2241 194 2270 Aue
201 2241 259 2277 primas
266 2240 359 2276 Anglorum,
368 2239 413 2269 miles
420 2240 462 2276 regis
471 2240 568 2276 angelorum,
574 2240 588 2269 Ο
597 2240 685 2276 Edmunde,
691 2240 798 2269 confessorum
806 2241 839 2277 llos,

139 2285 155 2312 et
165 2281 213 2310 decus
223 2279 324 2309 clericorum:
340 2279 394 2309 Funde
405 2288 461 2317 preces
472 2280 491 2309 ad
502 2279 581 2308 dominum
590 2288 619 2316 pro
628 2279 678 2309 salute
688 2279 761 2309 fidelium.
783 2280 842 2310 Munda

139 2325 189 2360 pater,
197 2329 237 2358 quos
245 2319 334 2348 immundos
341 2319 401 2357 peccati
408 2319 489 2358 prurigine
497 2319 566 2349 Mundus
573 2319 621 2358 sedat,
630 2322 646 2349 et
653 2319 677 2349 sac
684 2319 751 2349 mundos
762 2319 842 2350 Edmundi

140 2361 235 2399 precamine.
257 2360 289 2389 Ora
296 2369 330 2397 pro.

161 2401 208 2438 Deus
216 2407 242 2444 qui
249 2407 319 2443 largiflue
326 2406 402 2436 bonitatis
409 2406 475 2435 consilio
481 2406 563 2436 ecclesiam
569 2409 611 2435 tuam
617 2406 658 2435 beati
664 2406 742 2435 Edmundi
747 2406 842 2437 confessoris

140 2449 162 2478 tui
170 2452 216 2484 atque
223 2447 303 2484 pontificis
311 2447 383 2484 preclare
393 2446 435 2485 (MS.
442 2446 533 2485 preclarite)
542 2446 575 2475 uite
585 2447 645 2475 meritis
654 2446 733 2475 decorasti
744 2451 760 2474 et
769 2446 842 2483 gloriosis

140 2487 219 2519 letificasti
226 2486 310 2524 miraculis,
319 2487 389 2516 concede
399 2486 478 2523 propicius
485 2486 530 2516 nobis
540 2486 602 2516 famulis
610 2486 647 2523 tuis,
655 2491 672 2515 ut
680 2490 696 2515 et
706 2485 754 2523 ipsius
762 2486 778 2515 in
785 2486 842 2517 melius

140 2527 243 2557 reformemur
250 2526 331 2563 exemplis,
337 2530 353 2555 et
359 2526 378 2555 ab
385 2527 458 2555 omnibus
464 2526 498 2555 eius
503 2526 591 2564 patrocinio
598 2525 794 2564 protegamuraducr(sis.)
811 2526 842 2564 (Cf.

140 2567 174 2595 MS.
183 2567 222 2602 Reg.
230 2567 240 2594 8
247 2566 263 2595 F.
272 2566 315 2594 XIV.
323 2565 367 2604 end.)

140 2611 142 2615 ⁴
161 2608 166 2622 ‘¹
177 2605 199 2634 Cf.
207 2605 265 2634 Chron.
274 2604 335 2642 Hayles
345 2604 361 2633 in
372 2604 406 2633 MS.
414 2604 458 2633 Harl.
466 2613 510 2641 3725,
519 2605 550 2634 and
557 2604 584 2634 the
592 2604 631 2634 ΟΕ.
638 2603 696 2641 legend
703 2603 720 2632 in
727 2603 796 2642 Altengl.
804 2604 842 2642 Leg.

142 2644 161 2674 N.
168 2644 185 2673 F.
192 2653 207 2681 p.
216 2653 250 2681 275.
361 2645 367 2662 ⁰
378 2644 412 2674 MS.
420 2644 470 2674 effusi.
