1762 2803
292 134 338 189 De
353 131 453 185 eonon
468 128 597 187 oration.
753 142 793 187 271

94 259 113 288 et
123 258 186 288 sancte
196 254 341 289 conuersationis
349 253 389 288 eius
397 253 484 297 exempla
491 252 604 287 membranis
614 251 706 295 impressa
712 250 742 285 vel
751 250 797 294 igni-

94 307 129 340 bus
143 307 222 342 hostium
234 313 305 349 exusta,
317 318 350 341 seu
363 306 430 339 ciuium
441 305 496 339 exilio
507 306 584 346 fuerant,
593 310 613 338 vt
624 304 687 345 fertur,
698 305 798 347 deportata.

94 352 153 393 Anno
168 366 230 394 autem
245 360 314 394 domini
329 357 476 402 quingentesimo
490 358 599 392 duodecimo
612 362 686 391 sanctus
699 355 798 390 Dubricius

95 412 180 455 migrauit
188 413 210 446 ad
219 413 319 451 dominum,
327 416 346 446 et
355 421 403 445 anno
414 410 483 445 domini
493 410 591 445 millesimo
602 408 704 444 centesimo
711 407 799 442 vicesimo

95 464 149 498 nonis
157 464 199 498 maii
207 465 230 499 ab
237 464 297 499 insula
306 464 354 508 Enly
360 463 384 498 ab
391 463 466 498 Vrbano
473 462 580 497 landauensi
590 461 678 507 episcopo
689 460 797 496 translatum
807 469 816 500 5

95 518 128 552 suit
140 529 207 562 corpus
216 518 274 553 sancti
285 517 366 552 Dubricii
377 522 396 552 et
405 522 469 561 quarto
477 517 512 552 kal.
519 516 564 551 iunii
573 516 593 551 in
604 514 682 551 ecclesia
690 512 798 550 landauensi

96 571 196 605 honorifice
208 571 327 605 reconditum.
376 563 449 605 Eodem
460 581 505 605 vero
516 575 599 614 tempore
610 574 647 604 tota
659 567 799 612 Glamorgancia

96 624 153 658 nimia
160 623 241 659 siccitate
248 624 366 667 afficiebatur,
374 635 417 658 nam
425 623 508 668 pluribus
516 622 623 667 septimanis
633 622 651 656 in
661 621 757 666 prouincia
767 620 799 655 illa

96 677 159 720 pluuia
170 677 193 710 de
204 678 243 711 celo
252 688 289 711 non
299 678 429 719 descenderat;
443 677 462 710 in
472 677 552 710 aduentu
564 680 668 710 sanctarum
680 674 798 718 reliquiarum

97 729 159 772 pluuia
167 729 240 772 copiosa
248 740 305 774 super
312 735 380 764 terram
387 730 453 772 illapsa
460 728 529 763 incolas
536 727 635 762 letificauit.
680 719 731 761 Cum
738 732 799 760 autem
809 737 827 758 ro

98 782 180 826 episcopi
188 783 224 817 duo
232 794 274 817 ossa
282 782 340 817 sancti
347 782 366 816 in
374 781 423 827 pelui
431 782 493 815 lauare
501 780 607 825 inciperent,
614 778 696 823 reliquiis
703 778 799 813 confestim

97 836 146 867 vnda
153 834 234 868 intinctis
240 835 317 869 ebullire
322 835 393 878 limpha
398 834 452 877 cepit,
457 844 478 867 ac
484 833 500 866 si
504 832 552 876 lapis
556 832 625 875 ignitus
630 831 725 864 immissus
730 831 800 864 luisset.

99 887 122 921 Et
133 887 219 931 quamdiu
231 898 274 922 ossa
283 888 306 922 ab
318 886 409 931 episcopis
421 890 473 921 erant
484 885 526 927 lota,
534 884 584 920 calor
594 883 653 919 laticis
664 889 728 919 auctus
739 888 772 926 est,
782 887 800 917 et

98 949 155 974 sonus
162 939 250 974 sementis
258 940 306 974 vnde
314 939 391 974 auditus.

121 1045 169 1088 [MS.
177 1044 217 1078 Tib¹
225 1045 282 1079 addsg
398 1027 499 1063 Narratio&

121 1095 217 1147 Quantam
229 1108 290 1137 autem
301 1102 388 1136 uirtutem
400 1102 455 1136 habet
470 1101 578 1146 simplicitas
589 1101 638 1142 fidei,
650 1112 673 1136 ex
685 1101 721 1136 hiis
732 1112 768 1145 que
781 1101 829 1144 in15

100 1155 183 1198 (concilio
199 1154 276 1196 Ni)ceno
291 1159 343 1199 gesta
358 1154 467 1196 reseruntur,
480 1154 597 1198 ag(noscitur.
622 1154 675 1197 Cum)
691 1165 725 1199 pro
740 1154 801 1188 studio

99 1207 179 1252 religiosi
186 1207 302 1252 imperatoris
309 1207 402 1250 (exomni)
409 1212 458 1241 terra
464 1207 569 1241 sacerdotes
575 1207 605 1241 dei
611 1206 748 1250 conuenissent,
752 1207 802 1241 inter

99 1260 219 1303 philosophos
231 1266 249 1294 et
258 1260 351 1293 dialeticos
361 1260 432 1293 nobiles
441 1259 467 1292 ibi
476 1265 597 1302 congregatos
608 1259 682 1302 quidam
692 1259 770 1303 insignis
781 1260 800 1292 in

99 1317 139 1347 arte
152 1312 245 1347 dialectica
257 1323 291 1357 per
302 1312 342 1347 dies
353 1311 436 1356 singulos
447 1311 552 1347 contlictum
564 1312 631 1346 summi
643 1312 748 1346 certaminis
759 1322 801 1346 cum

99 1365 191 1408 episcopis
207 1365 275 1399 nostris
292 1365 345 1399 ualde
361 1364 437 1398 eruditis
452 1365 543 1406 mouebat,
555 1375 590 1398 nec
604 1369 666 1398 tamen
681 1365 718 1399 ullo
733 1375 801 1408 genere
811 1379 830 1400 ro

100 1418 185 1452 concludi
192 1429 203 1451 a
211 1429 303 1462 quoquam
310 1422 382 1461 poterat
389 1422 420 1450 aut
428 1416 533 1460 constringi.
555 1416 615 1450 Tanta
624 1416 673 1450 enim
681 1417 753 1451 dicendi
762 1423 801 1452 arte

100 1471 176 1505 obiectis
186 1471 313 1514 questionibus
324 1471 430 1504 occurrebat
441 1475 461 1504 ut
472 1470 503 1503 uhi
515 1469 595 1504 maxime
607 1475 703 1513 putaretur
712 1470 803 1511 astrictus,

100 1524 150 1558 uelut
163 1524 234 1567 (anguis
242 1524 331 1566 lubric)us
342 1524 438 1557 laberetur.
467 1523 500 1557 Set
511 1529 530 1557 ut
540 1523 645 1557 ostenderet
653 1523 699 1558 deus
709 1524 758 1567 quod
766 1534 803 1558 non

100 1578 119 1612 in
132 1589 218 1612 sermone
231 1589 308 1622 regnum
322 1578 351 1612 dei
365 1583 393 1612 set
406 1578 425 1612 in
438 1577 506 1611 uirtute
518 1576 605 1619 consistit,
617 1577 691 1621 quidam
705 1577 804 1622 episcopus

101 1631 180 1675 simplex
191 1636 209 1666 et
218 1631 273 1666 nichil
284 1631 332 1665 aliud
343 1631 404 1666 sciens
415 1630 451 1665 nisi
464 1630 539 1665 lhesum
549 1629 648 1672 Christum,
656 1635 674 1664 et
686 1630 734 1665 hunc
746 1630 803 1665 cruci·
813 1643 832 1672 ²5

101 1685 165 1727 fixum,
172 1684 221 1718 inter
228 1690 299 1719 ceteros
308 1684 361 1728 (eius)
370 1684 463 1718 auditores
474 1684 543 1718 aderat.
566 1683 651 1725 Quicum
659 1683 736 1718 uidisset
745 1684 803 1729 philo-

102 1738 180 1782 sophum
188 1738 257 1772 nostris
264 1737 383 1772 insultantem
390 1742 408 1771 et
416 1736 481 1771 callide
488 1747 509 1771 se
517 1736 648 1781 disputacionis
655 1742 694 1770 arte
701 1737 804 1780 iactantem,

102 1790 161 1835 poscit
174 1792 196 1824 ab
210 1791 295 1824 omnibus
310 1790 375 1830 locum,
388 1801 409 1824 se
424 1790 473 1824 uelle
486 1791 550 1824 dicens
562 1789 626 1835 paucis
640 1801 681 1824 cum
694 1790 805 1836 philosopho

102 1843 226 1878 sermocinari.
248 1844 301 1877 Tunc
314 1843 377 1886 nostri,
388 1843 420 1887 qui
433 1843 569 1887 simplicitatem
581 1843 615 1877 uiri
628 1849 646 1877 et
658 1842 771 1887 impericiam
785 1844 804 1879 in

102 1907 188 1931 sermone
199 1902 280 1937 nossent,
290 1906 358 1940 pauere
370 1902 388 1931 et
399 1897 449 1930 uelut
461 1897 551 1940 pudorem
559 1897 651 1940 quendam
661 1897 699 1940 pati
710 1903 804 1941 ceperunt,
814 1912 833 1944 30

102 1961 126 1983 ne
138 1949 184 1982 forte
197 1950 246 1992 apud
258 1950 333 1982 callidos
346 1949 431 1981 homines
442 1948 486 1981 risui
498 1949 604 1982 efficeretur
613 1954 678 1981 sancta
689 1950 803 1994 simplicitas.

103 2002 186 2037 Persistit
193 2007 254 2036 tamen
261 2002 328 2044 senior,
335 2006 353 2035 et
359 2002 401 2036 hinc
408 2007 470 2036 mouet
476 2001 567 2036 sermonis
573 2002 678 2036 exordium:
690 2003 722 2037 ‘In
729 2003 804 2038 nomine

103 2055 159 2089 lhesu
165 2053 233 2089 Christi
241 2054 355 2099 philosophe,
364 2054 428 2098 inquit,
436 2054 479 2089 audi
487 2065 523 2099 que
530 2064 575 2089 uera
583 2060 632 2090 sunt.
655 2054 707 2090 Deus
714 2066 763 2090 unus
770 2061 805 2098 est,

103 2108 134 2152 qui
142 2107 183 2142 fecit
191 2106 250 2141 celum
258 2113 276 2142 et
284 2113 357 2150 terram,
366 2107 397 2152 qui
405 2107 474 2142 homini
482 2118 537 2152 quem
546 2108 569 2142 de
577 2107 620 2142 limo
630 2114 680 2143 terre
689 2108 805 2152 formauerat,

104 2160 189 2206 spiritum
202 2160 257 2201 dedit,
269 2165 287 2195 et
300 2160 388 2195 uniuersa
403 2172 439 2205 que
452 2160 539 2195 uidentur
553 2166 571 2196 et
584 2172 622 2196 non
635 2161 727 2205 uidentur,
738 2162 805 2197 uirtute
814 2172 834 2204 35

103 2214 156 2250 uerbi
164 2214 192 2248 sui
200 2214 268 2248 creauit
275 2219 293 2248 et
301 2213 376 2257 spiritus
384 2213 412 2248 sui
420 2214 567 2249 sanctificacione
575 2214 659 2249 firmauit.
679 2215 720 2250 Hoc
728 2217 805 2250 uerbum

104 2279 125 2302 ac
137 2266 234 2311 sapiencia,
246 2277 301 2310 quem
314 2276 349 2299 nos
360 2265 418 2299 filium
430 2266 513 2309 dicimus,
521 2267 612 2301 humanos
623 2267 721 2302 miseratus
732 2279 806 2303 errores

104 2322 128 2356 de
138 2320 209 2364 uirgine
218 2319 303 2360 nascitur,
312 2323 330 2353 et
341 2329 375 2363 per
386 2319 492 2362 passionem
504 2320 568 2355 mortis
579 2330 590 2354 a
601 2325 690 2364 perpetua
702 2331 736 2355 nos
747 2326 806 2356 morte

104 2374 193 2416 liberauit,
201 2384 222 2408 ac
234 2372 368 2408 resurrectione
379 2382 413 2406 sua
424 2378 507 2407 eternam
518 2373 572 2407 nobis
583 2373 658 2407 contulit
670 2372 736 2417 uitam,
750 2385 806 2419 quem

105 2432 225 2471 expectamus
237 2427 316 2461 iudicem
328 2425 410 2459 omnium
421 2436 457 2469 que
467 2426 549 2469 gerimus
561 2436 603 2460 esse
615 2432 719 2461 uenturum.
742 2428 807 2463 Credis
815 2437 836 2469 40

105 2482 139 2515 hec
147 2482 172 2516 ita
180 2491 227 2525 esse,
236 2479 367 2526 philosophei’
389 2478 415 2512 At
424 2478 455 2512 ille
465 2479 515 2513 uelut
527 2489 621 2524 nunquam
632 2480 690 2514 ullum
700 2491 806 2519 sermonem

341 2584 347 2602 ¹
358 2584 381 2615 Cs.
388 2584 434 2614 vinc.
442 2583 482 2614 uett
491 2583 537 2614 Xlll.
544 2585 571 2621 63.
