1762 2803
124 127 175 180 '438
321 119 641 182 praetermitteretis.

130 249 223 279 trecentos
231 248 330 288 ceperunt,
343 241 366 277 de
374 241 441 287 quibus
447 247 520 277 centum
525 243 637 288 pauperibus
642 240 734 277 distribuit
739 241 751 284 ¹,
759 246 834 276 centum

132 298 217 343 aquibus
228 298 273 331 retia
284 300 379 341 acceperat
388 294 462 329 eontulit
469 295 481 339 ²,
492 301 510 330 et
520 301 594 330 centum
605 295 640 331 sibi
651 294 770 330 reseruauitl.
793 294 834 338 Quo

132 351 221 385 beneficio
233 350 310 384 multum
321 348 397 383 antistes
408 359 440 382 cor
451 348 534 383 omnium
547 348 566 383 in
579 359 632 383 suurn
646 348 735 383 conuertit
746 358 834 389 amorem,

132 409 151 437 et
158 402 248 444 libentius,
257 413 278 437 eo
289 401 399 446 predicante,
407 400 482 435 celestia
489 410 565 445 sperare
574 406 665 445 ceperunt,
674 401 725 435 cuius
733 399 834 435 ministerio

115 455 239 501 5temporalia
250 456 299 488 bona
312 458 435 497 sumpserunt.
464 452 492 487 lbi
504 454 553 487 enim
566 464 590 487 ex
603 455 651 487 dono
665 454 714 497 regis
728 452 834 488 Ethelwalci

132 514 200 543 terram
212 506 302 552 octoginta
315 511 387 551 septem
400 505 516 549 familiarum,
529 506 559 541 vbi
573 516 617 541 suos
630 505 714 541 homines
726 504 757 550 qui
769 505 834 540 exules

131 562 245 607 vagabantur
252 560 348 605 reciperet,
356 559 443 594 vocabulo
452 559 550 603 Seleseia⁴,
558 560 577 593 id
586 566 614 594 est
622 560 692 595 ‘insula
699 559 749 596 vituli
757 560 834 603 marini,’

132 614 218 660 suscepit,
226 619 245 648 et
253 615 385 648 monasterium
395 612 421 647 ibi
428 613 515 647 fundauit.
538 613 560 647 ln
570 623 606 657 qua
614 614 732 658 possessione
739 613 835 657 Vtriusque

132 679 189 702 sexus
198 669 287 702 ducentos
298 666 430 711 quinquaginta
440 665 543 709 baptizauit,
551 671 569 699 et
580 677 591 698 a
602 667 643 708 iugo
652 666 746 699 seruitutis
754 667 835 700 humane

107 734 125 756 10
133 718 217 755 absoluit.
261 712 348 758 tlnterea
360 717 493 762 superueniens
503 728 544 751 curn
556 717 637 752 exercitu
647 718 739 752 Cedwalla
750 718 773 752 de
785 718 835 763 regio

133 784 201 817 genere
213 772 344 815 Gewtssorum,
349 771 368 806 id
381 776 410 806 est
423 770 567 805 occidentalium
581 771 681 814 Saxonum,
695 781 736 806 cum
752 772 835 806 exularet

133 837 145 860 a
157 826 216 872 patria
231 837 270 868 sua,
285 824 375 860 interfecit
390 834 453 869 regern
469 824 607 867 Ethelwalcum,
622 835 643 858 ac
658 824 771 869 prouinciam
786 825 835 860 illam

134 890 179 914 seua
192 879 248 913 cedefl
262 883 280 913 et
293 878 435 922 depopulatione
448 876 520 911 attriuit.
565 870 612 912 Post
626 877 659 912 hec
671 888 715 912 vero
727 878 775 922 cepit
789 878 836 913 Ced-

133 932 188 966 walla
200 931 278 965 insulam
290 931 372 971 vectam,
384 940 420 973 que
432 934 509 963 eatenus
524 935 563 963 erat
577 934 615 963 tota
629 930 717 974 ydolatrie
733 930 799 974 dedita,
815 942 836 965 ac

107 997 114 1018 r
117 997 125 1028 5
133 984 201 1029 tragica
209 984 253 1018 cede
261 993 326 1017 omnes
333 982 430 1026 indigenas
441 981 563 1016 exterminare
574 992 595 1017 ac
605 993 638 1018 sue
649 982 743 1027 prouincie
751 983 836 1019 homines

134 1047 167 1082 pro
180 1036 209 1070 his
220 1035 330 1070 substituere
343 1033 448 1076 contendit;
464 1038 507 1068 voto
520 1046 541 1069 se
554 1034 642 1080 obligans,
655 1035 740 1081 quamuis
753 1037 835 1072 nondum

134 1095 259 1135 regeneratus,
267 1089 322 1133 quod,
330 1088 346 1123 si
353 1088 411 1123 victor
418 1087 497 1122 insulam
505 1088 614 1133 subiugaret,
623 1094 706 1133 quartam
717 1095 789 1133 partem
796 1090 836 1125 eius

134 1144 189 1178 simul
194 1148 212 1177 et
216 1143 274 1187 prede
279 1141 353 1176 domino
358 1142 415 1176 daret.
428 1140 461 1174 Est
468 1146 530 1175 autem
535 1142 709 1177 mensuraeiusdem
714 1142 780 1185 insule,
787 1143 837 1177 iuxta

135 1195 268 1231 estimationem
280 1194 389 1237 Anglorum,
398 1193 447 1227 mille
459 1193 577 1229 ducentarum
589 1194 703 1229 familiarum.
726 1195 781 1229 Dedit
792 1206 837 1238 ergo

107 1263 127 1284 πο
135 1245 386 1283 Cedwallasanctowilfrido
391 1245 529 1290 possessionem
534 1250 583 1280 terre
589 1252 713 1282 trecentarum
718 1247 837 1291 familiarum

134 1301 166 1347 qui
173 1306 229 1337 totam
239 1300 317 1336 insulam
326 1300 350 1334 ad
357 1299 413 1334 fidem
421 1298 515 1334 conuertit.
559 1300 565 1320 ⁷
572 1293 617 1336 Duo
625 1307 686 1337 autem
694 1301 725 1336 filii
731 1302 737 1322 ⁸
744 1302 837 1345 Arualdi⁹,

135 1356 184 1401 regis
197 1355 245 1389 illius
255 1355 321 1396 insule,
330 1353 405 1398 speciali
417 1358 459 1388 sunt
470 1353 500 1387 dei
509 1354 567 1398 gratia
577 1355 661 1390 coronati.
683 1356 730 1390 Nam
740 1355 838 1390 imminen-

135 1410 183 1444 tibus
195 1408 275 1442 hostium
287 1406 424 1450 irruptionibus,
432 1407 475 1450 suga
486 1406 533 1450 lapsi
545 1412 588 1441 sunt
598 1409 621 1442 de
632 1408 702 1450 insula;
714 1414 732 1442 et
744 1409 763 1442 in
775 1409 837 1452 proxi-

135 1472 185 1496 mam
194 1461 275 1495 Iutorum
283 1458 396 1504 prouinciam
406 1458 493 1501 translati,
502 1469 543 1493 cum
555 1460 672 1495 occultandos
684 1471 705 1495 se
716 1461 780 1495 asaele
788 1461 837 1506 regis

109 1529 127 1559 ²5
136 1513 209 1549 victoris
222 1512 349 1555 credidissent,
361 1511 429 1556 proditi
444 1518 487 1547 sunt
498 1519 553 1557 atque
569 1513 626 1548 occidi
640 1515 691 1549 iussi.
719 1515 760 1556 Quo
772 1515 838 1557 audito,

136 1568 193 1602 abbas
206 1566 323 1609 Kinebertus,
335 1565 354 1600 in
367 1565 407 1600 loco
417 1565 447 1609 qui
455 1570 530 1600 vocatur
541 1564 648 1610 Redsord¹⁰,
659 1567 671 1602 i.
676 1578 692 1602 e.
704 1569 772 1603 ‘vadus
783 1579 837 1603 arun-

136 1621 195 1663 dinis,’
204 1620 275 1654 habens
282 1618 419 1660 monasterium,
424 1617 474 1652 venit
481 1618 504 1652 ad
512 1629 576 1661 regem
584 1619 694 1654 Cedwallam
702 1621 838 1666 postulauitque

136 1674 159 1706 ab
174 1684 196 1706 eo
209 1677 233 1713 vt,
245 1672 261 1705 si
275 1681 352 1704 necesse
367 1676 417 1704 esset
431 1680 499 1713 pueros
514 1671 576 1713 occidi,
590 1673 641 1714 prius
656 1683 688 1706 eos
701 1673 764 1707 liceret
776 1673 838 1707 fidei¹¹

136 1723 235 1759 christiane
243 1721 362 1757 sacramentis
370 1722 432 1757 imbui.
455 1722 549 1757 Concessit
557 1734 595 1765 rex,
604 1729 622 1758 et
630 1723 670 1768 ipse
678 1724 777 1760 instructos
787 1737 820 1761 eos
825 1726 839 1747 η

109 1792 128 1821 3⁰
136 1779 192 1813 verbo
204 1776 286 1812 veritatis
301 1786 322 1810 ac
338 1776 387 1810 sonte
399 1775 473 1809 salutari
486 1776 563 1819 ablutos,
577 1777 601 1810 de
612 1776 698 1822 ingressu
713 1779 765 1823 regni
780 1779 838 1815 eterni

136 1837 196 1867 certos
211 1829 294 1865 reddidit.
323 1829 367 1863 Mox
382 1828 413 1872 illi,
427 1829 507 1864 instante
522 1830 611 1873 carnifice¹
627 1836 705 1867 mortem
720 1832 751 1867 leti
764 1832 838 1868 subiere

136 1883 262 1929 temporalem,
276 1892 378 1927 perquam
393 1893 413 1917 se
428 1882 451 1917 ad
464 1882 520 1917 vitam
534 1883 596 1918 anime
608 1876 717 1929 perpetuam
729 1887 838 1921 transituros

136 1948 178 1972 esse
191 1946 228 1971 non
242 1935 364 1970 dubitabant⁷.
408 1928 467 1970 Anno
481 1941 542 1970 autem
555 1936 624 1971 domini
639 1937 774 1973 sexcentesimo
789 1943 838 1973 octo·

135 1991 206 2034 gesimo
219 1989 282 2032 quinto
294 1998 328 2022 rex
343 1988 546 2022 Northanhumbrorum
559 1988 645 2034 ngridus
656 1996 725 2025 temere
737 1991 838 2026 exercitum

109 2057 128 2087 35
136 2044 159 2078 ad
166 2043 276 2079 vastandum
287 2041 379 2076 Pictorum
390 2041 504 2086 prouinciam
515 2042 577 2078 duxitt
589 2049 607 2077 et
617 2043 701 2078 hostibus
712 2044 773 2089 fugam
782 2046 839 2080 simu-

137 2097 221 2139 lantibus,
236 2097 255 2129 in
274 2096 367 2139 angustias
382 2095 554 2130 inaccessibilium¹³
569 2096 659 2131 montium
677 2098 781 2141 perductus,
797 2109 838 2133 cum

137 2149 218 2183 maxima
227 2148 255 2182 sui
266 2147 357 2182 exercitus
368 2147 425 2191 copia,
433 2148 505 2191 quam¹⁴
514 2159 578 2183 secum
587 2150 693 2190 adduxerat,
704 2151 816 2193 extinguitur
821 2151 839 2186 ¹⁵.

137 2201 210 2236 1⁶Anno
225 2210 269 2234 vero
284 2200 394 2243 precedente
406 2199 456 2234 idem
469 2199 590 2244 Eg[fridus]¹⁷
604 2200 662 2235 misso
674 2202 755 2237 exercitu
770 2203 838 2238 misere

137 2252 839 2301 vastauitscotorumetPictorum¹⁹genteminn0xiametnationinnglorum

109 2322 130 2353 40
138 2317 213 2352 semper
228 2306 364 2347 amicissimam,
376 2306 401 2341 ita
415 2311 435 2341 vt
449 2317 484 2342 nee
498 2306 581 2342 ecclesiis
595 2319 629 2342 nec
644 2309 760 2344 monasteriis
773 2321 839 2345 manus

158 2388 164 2405 ¹
174 2388 195 2417 al.
203 2386 322 2423 dispenderunt.
378 2385 384 2402 ¹
394 2386 414 2415 al.
422 2386 527 2417 contulerunt.
582 2386 588 2404 ⁸
598 2388 618 2417 al.
627 2388 731 2419 retinuerunt.
785 2389 791 2407 ⁴
801 2399 839 2419 now

138 2427 201 2464 selsey,
247 2424 370 2455 ⁶cl.BedalV.
378 2433 400 2462 15.
445 2425 530 2456 *aseae
577 2424 608 2449 ⁷-⁷
618 2427 637 2456 cl.
645 2428 689 2458 Beda
697 2428 724 2458 IV.
732 2429 840 2463 163Eadmer

138 2469 184 2498 omits
191 2466 219 2498 the
226 2474 298 2503 passage.
349 2463 354 2482 ³
365 2465 403 2495 Bed.
411 2465 472 2496 fratres.
521 2466 527 2485 ⁰
538 2464 555 2496 E.
563 2466 627 2497 arnaldi.
675 2468 687 2487 ¹⁰
697 2469 737 2499 Bed.
746 2469 838 2504 Hreutlord,

137 2506 280 2543 nowRedbridge.
334 2504 419 2535 ”Elide
474 2505 597 2536 ¹²om.inBed.
648 2505 659 2525 ¹³
670 2507 688 2538 E.
696 2508 839 2545 inaccensibilium;

137 2545 369 2578 Eadmsseainaecessorum.
400 2544 498 2582 “atquem
532 2545 658 2584 1'Reminguit
692 2547 728 2579 ¹⁸ef.
736 2549 839 2580 Bed.1v.ae.

137 2587 149 2605 ¹⁷
159 2588 178 2618 T.
183 2587 202 2619 E.
209 2585 292 2625 Egbertus.
332 2585 344 2603 ¹⁸
355 2584 395 2616 Bed.
402 2584 450 2615 misso
458 2585 550 2616 Hiberniam
557 2595 572 2618 e.
578 2595 598 2618 m.
605 2587 672 2618 uastauit
679 2591 748 2626 gentem.
