1762 2803
111 109 113 114 Ι
138 150 180 206 138
211 190 213 196 ,
326 150 405 204 mona
421 148 536 211 torenna
551 148 643 211 auctio.

135 280 231 325 preparari
240 281 303 325 noluit,
312 283 346 317 sed
356 282 375 316 in
386 281 453 326 prioris
465 282 529 316 sedem
538 280 617 323 intrauit,
625 280 688 315 dicens
696 290 717 314 se
728 279 787 314 adhuc
795 289 837 314 esse

136 334 216 376 priorem
224 340 242 368 et
250 336 332 368 nondum
341 335 434 368 dimisisse
442 334 547 377 prioratum.
586 328 709 368 Lamfrancus
715 333 775 375 itaque
781 337 837 367 totam

136 386 255 420 intentionem
263 398 314 420 suam
323 388 346 420 ad
354 398 415 420 mores
425 387 520 420 hominum
528 386 651 429 corrigendos,
659 386 682 419 ad
691 384 838 428 componendum

137 439 214 474 ecclesie
228 445 295 474 statum
309 441 408 482 conuertit;
426 451 437 473 a
448 440 572 474 fundamentis
584 438 680 473 ecclesiam
692 437 839 472 cantuariensem

120 492 254 535 5reedificauit‚
273 494 296 527 de
319 493 437 536 Cadomoque
456 494 536 535 quadros
555 492 625 536 lapides
644 491 738 526 transuehi
757 490 838 532 faciebat,

137 546 239 588 domosque
246 546 269 578 ad
277 545 416 579 inhabitandum
424 545 458 579 sibi
467 545 568 579 construxit
575 556 633 589 prope
642 544 743 586 ecclesiam,
751 549 769 577 et
778 543 840 577 omnia

137 598 208 632 edificia
216 609 268 633 muro
276 599 311 633 alto
319 604 337 633 et
345 610 410 642 magno
419 597 475 633 cinxit
482 611 486 642 ;
498 609 519 632 ac
527 598 623 633 ecclesiam
631 597 743 632 ornamentis
751 596 839 641 preciosis

137 651 206 692 ditanit,
215 655 273 683 terras
285 651 354 684 ablatas
370 651 447 684 ecclesie
458 651 551 684 reuocauit
563 657 581 684 et
592 651 654 694 viginti
667 650 747 693 quinque
758 649 840 681 maneria

137 701 227 742 restitnit,
239 703 364 737 xenodochia¹
374 704 410 737 duo
422 704 444 737 ad
456 713 558 747 pauperum
571 702 722 737 sustentationem
734 706 786 735 extra
797 699 840 734 ciui-

111 760 194 789 rotatem
207 756 304 790 edificauit.
328 756 349 790 in
362 756 449 791 maneriis
465 756 503 791 suis
517 756 593 790 instituit
606 756 710 800 prebendas
723 755 793 788 dandas
807 764 841 798 per

138 819 206 842 annum
214 809 331 853 pauperibus
354 810 395 844 Odo
403 810 505 844 baiocensis
515 810 618 854 episcopus,
626 809 682 844 frater
689 807 778 842 Willelmi
786 806 840 851 regis,

138 866 177 896 erat
186 872 248 895 comes
257 862 324 896 Cancie
332 874 354 896 eo
362 868 446 906 tempore
455 874 491 905 quo
499 863 619 896 Lamfrancus
630 863 653 895 ad
664 860 840 905 archiepiscopatum

138 913 193 948 venit.
217 914 253 947 Hic
262 916 325 948 multis
334 916 470 958 grauaminibus
478 917 567 949 atterebat
575 915 659 948 homines
668 915 715 947 illius
723 912 817 957 prouincie
823 918 841 946 et

139 965 271 999 cantuariensis
279 966 367 1000 ecclesie:
380 966 408 1000 cui
417 966 538 1001 Lamfrancus
548 966 567 1000 in
577 967 642 1000 faciem
652 966 723 1007 restitit,
731 970 749 998 et
758 964 841 997 homines

113 1031 150 1061 15a
165 1018 218 1051 malis
233 1019 395 1052 consuetudinibus
410 1031 455 1062 quas
469 1019 509 1053 Odo
523 1019 558 1053 illis
571 1019 667 1063 imponere
679 1017 740 1058 voluit,
753 1016 841 1051 liberauit.

139 1065 197 1107 Anno
205 1077 266 1106 autem
274 1072 342 1107 domini
352 1072 450 1107 millesimo
458 1072 593 1117 septuagesimo
601 1072 620 1107 in
628 1072 715 1117 Angliam
722 1070 841 1105 Lamfrancus

139 1125 217 1167 intrauit,
229 1130 247 1159 et
259 1130 324 1168 quarto
336 1126 371 1159 kal,
382 1126 493 1169 septembris
505 1125 524 1160 in
536 1125 694 1170 archiepiscopum
705 1135 716 1159 a
727 1124 766 1158 suis
778 1123 842 1157 suffra-

139 1177 202 1223 ganeis
221 1184 339 1213 consecratus
354 1184 387 1213 est.
416 1179 459 1223 ipso
475 1190 547 1223 quoqne
562 1189 610 1214 anno
625 1179 706 1213 Thomas
725 1176 841 1213 eboracensis

140 1231 225 1272 dectus&
241 1231 357 1264 Cantnariam
374 1243 398 1265 ex
413 1232 474 1274 prisca
489 1232 621 1266 consuetudine
635 1232 736 1265 sacrandus
757 1230 841 1264 aduenit:

114 1295 151 1318 roa
163 1293 199 1325 quo
214 1294 255 1316 cum
268 1283 387 1317 Lamfrancus
405 1284 493 1327 scriptam
511 1284 535 1318 de
551 1284 654 1318 obedientia
670 1294 708 1324 sua,
724 1292 766 1317 cum
783 1282 842 1316 adiec-

140 1337 189 1370 tione
197 1336 319 1377 iurisiurandi,
327 1337 464 1381 professionem
475 1343 590 1380 exposceret,
598 1336 693 1381 respondit
701 1336 787 1377 Thomas,
795 1346 816 1368 se
824 1334 841 1367 id

141 1399 234 1433 nunquam
247 1389 342 1431 facturum,
355 1390 390 1423 nisi
405 1390 457 1434 prius
470 1391 493 1423 de
509 1390 543 1424 hac
558 1401 578 1425 re
593 1389 709 1424 auctoritates
721 1390 796 1432 legeret,
807 1387 842 1421 nisi

140 1447 197 1477 testes
205 1443 259 1476 huius
267 1443 378 1486 antiquitatis
386 1449 489 1477 assertores
496 1449 584 1485 cerneret,
590 1444 656 1487 quibus
663 1444 682 1476 id
688 1443 734 1476 iuste
741 1447 759 1475 et
765 1441 842 1475 rationa-

141 1495 200 1529 biliter
208 1495 248 1529 sine
256 1496 333 1530 ecclesie
344 1507 377 1529 sue
385 1496 485 1539 preiudicio
495 1496 556 1530 facere
564 1498 644 1531 deberet.
668 1497 709 1530 Hoc
720 1501 781 1530 autem
793 1495 843 1537 igno-

115 1547 200 1589 25rantia
215 1548 279 1591 magis,
292 1558 346 1591 quam
362 1548 437 1592 spiritus
453 1549 495 1581 elati
510 1548 606 1591 pertinatia
621 1549 696 1592 agebat:
719 1558 778 1580 nouus
794 1546 843 1578 enim

142 1601 197 1634 homo
211 1604 229 1634 et
242 1600 312 1643 anglice
329 1600 467 1635 consuetudinis
479 1601 553 1644 penitus
568 1611 641 1644 expers,
652 1600 714 1635 verbis
729 1600 843 1634 adulatorum

142 1652 184 1696 plus
194 1664 241 1695 equo
250 1658 268 1685 et
279 1654 327 1686 bono
337 1654 394 1687 fidem
405 1654 507 1687 adhibebat.
531 1654 651 1688 Lamfrancus
662 1653 716 1694 enim,
725 1653 773 1696 quod
783 1657 843 1695 postu·

142 1705 191 1747 lauit,
200 1705 315 1739 euidentibus
323 1706 424 1739 rationibus
432 1706 522 1741 ostendit:
535 1707 568 1740 sed
578 1706 608 1740 ille
616 1706 677 1740 omnia
685 1710 799 1749 aspernatus,
808 1714 844 1737 non

136 1764 225 1793 ‘sacratus
238 1758 327 1792 abscessit
333 1758 344 1793 ³.
371 1759 424 1801 Quod
437 1770 470 1793 rex
483 1759 559 1793 audiens
572 1759 651 1803 grauiter
666 1758 741 1803 accepit,
756 1758 844 1793 estimans

116 1822 135 1851 30
144 1812 273 1845 Lamfrancum
281 1812 348 1846 iniusta
356 1818 425 1855 petere,
431 1818 449 1846 et
457 1812 533 1847 scientia
541 1812 599 1855 magis
605 1812 706 1845 litterarum
713 1821 768 1855 quam
776 1810 845 1844 ratione

143 1870 161 1900 et
168 1865 244 1899 veritate
253 1866 352 1900 confidere.
375 1866 413 1900 Sed
422 1866 546 1908 Lamfrancus,
554 1865 630 1899 redditis
640 1865 679 1909 regi
690 1865 713 1897 ad
721 1864 781 1897 omnia
791 1862 844 1896 ratio·

143 1918 202 1960 nibus,
215 1919 255 1952 eius
267 1919 349 1952 animum
362 1919 456 1962 mitigauit.
479 1918 554 1962 Itaque4
566 1919 617 1962 regio
630 1919 689 1953 edicto
702 1918 783 1951 Thomas
797 1926 845 1950 com-

143 1971 207 2017 pulsus
219 1971 278 2012 rediit,
291 1971 378 2016 scriptam
391 1973 413 2005 de
425 1972 528 2006 obedientia
540 1971 673 2015 professionem
685 1970 727 2004 fecit
739 1975 757 2004 et
767 1969 815 2013 legit,
827 1968 845 2001 in

144 2035 180 2069 qua
187 2036 208 2058 se
214 2024 232 2058 in
238 2025 323 2059 omnibus
330 2035 366 2069 que
374 2026 397 2059 ad
404 2025 502 2059 christiane
507 2025 600 2069 religionis
609 2020 846 2067 honestatem⁵pertinent⁰

117 2087 136 2115 35
144 2079 310 2119 obtemperaturum
321 2079 403 2110 absolute
414 2078 509 2119 promisit;
521 2078 575 2111 etsie
587 2083 668 2110 sacratus
680 2076 768 2110 abscessit
773 2077 783 2109 ³.
804 2076 846 2109 Post

145 2130 179 2163 hec
184 2129 303 2162 Lamfrancus
309 2129 442 2162 cantuariensis
447 2135 464 2162 et
469 2130 551 2162 Thomas
559 2128 676 2163 eboracensis
682 2129 761 2162 Romam
768 2127 845 2166 inerunt,

146 2185 166 2216 vt
174 2181 228 2224 pallia
236 2192 246 2214 a
254 2181 328 2214 domino
334 2192 383 2225 papa
390 2184 510 2225 susciperent.
530 2182 608 2226 Recepit
616 2187 677 2215 autem
685 2182 805 2214 Lamfrancus
811 2182 846 2213 duo

145 2234 206 2279 pallia,
217 2244 274 2267 vnum
289 2234 364 2268 honoris
376 2240 394 2268 et
405 2235 483 2268 alterum
494 2236 567 2268 amoris.
595 2234 683 2268 ⁷Tantam
697 2234 757 2278 itaque
770 2233 846 2278 gratiam

146 2286 266 2321 Lamfrancus
274 2287 380 2330 promeruit,
388 2293 407 2321 vt
415 2288 478 2321 ambos
486 2287 557 2321 itineris
565 2287 592 2321 sui
601 2287 660 2321 socios
665 2288 675 2330 ⁸,
681 2287 771 2321 Thomam
779 2286 847 2321 scilicet

118 2353 138 2381 40
146 2340 278 2374 eboracensem
290 2345 308 2372 et
320 2339 425 2382 Remigium
437 2341 590 2382 dorcestrensem,
602 2340 670 2374 baculis
683 2345 701 2373 et
712 2340 771 2373 anulis
782 2339 846 2373 merito

146 2390 233 2437 priuatos,
241 2390 301 2425 officio
309 2390 419 2425 restitueret.
443 2391 516 2426 Primus
526 2402 605 2435 namque
613 2391 710 2436 presbiteri
720 2392 779 2426 fuerat
789 2392 846 2430 filius;

147 2446 245 2487 secundus,
257 2455 298 2478 cum
310 2449 359 2478 esset
371 2445 472 2479 monachus
483 2446 597 2487 fiscanensis,
605 2445 699 2479 Willelmo
711 2445 752 2479 duci
761 2444 846 2488 Angliam

146 2498 228 2535 tendenti
236 2498 255 2532 in
263 2497 325 2531 multis
333 2497 435 2542 opitulatus,
444 2498 568 2543 episcopatum
577 2499 592 2533 si
601 2499 639 2533 dux
646 2498 727 2532 vinceret
735 2504 800 2542 pactus
808 2502 840 2531 est,

167 2556 310 2587 ¹T.zenodochia.
325 2557 404 2587 lantistcs
412 2558 431 2587 at.
439 2558 495 2588 added.
510 2557 539 2589 3Ε.
547 2558 618 2589 abcessit.
634 2558 663 2588 1Ε.
672 2559 715 2588 Ideo.
733 2558 777 2588 ‘vn
785 2556 847 2586 cultum

148 2598 154 2616 ⁶
165 2597 182 2628 Ε.
190 2598 262 2635 pertinet.
284 2597 289 2614 ⁷
297 2597 320 2627 Cf.
328 2598 404 2627 Bromton
411 2606 446 2635 970,
454 2598 519 2636 Higden
526 2599 562 2627 Vll.
583 2599 589 2616 ⁸
599 2599 615 2627 T.
624 2599 642 2629 Ε,
650 2599 725 2628 ambobus
733 2620 748 2629 ..
757 2598 808 2628 sociis.
