1762 2803
142 135 185 201 2'72
332 146 412 197 tutuo
428 116 544 207 tarmus
559 147 653 208 unalia

141 271 159 301 et
167 278 208 302 eam
214 266 294 312 undique
302 266 440 303 circumstantes
448 268 548 304 dilacerare
554 269 663 304 nitebantur.
683 268 766 314 Cumque
772 269 845 314 magnis

140 320 216 355 vocibus
231 321 356 363 exclamasset,
370 321 444 365 quidam
459 322 535 357 indutus
549 322 680 366 superpellitio,
696 323 796 357 candorem
811 323 843 358 lilii

141 373 213 409 habens
225 374 244 408 in
257 374 308 417 facie,
321 385 412 419 apparens
425 374 481 409 dixit:
500 375 549 419 ‘Ego
563 386 609 416 sum,
622 375 685 419 inquit,
699 386 732 410 rex
747 381 766 410 et
781 377 845 411 martir

142 425 235 467 Oswinus,
243 426 276 460 sub
285 426 336 461 cuins
344 427 410 461 feretro
418 427 530 470 requiescis.’
553 428 577 461 Et
587 438 629 461 cum
640 429 712 462 manica
723 429 844 472 superpellitii

124 488 132 518 5
142 478 276 514 multitudinem
288 480 387 514 demonum
399 479 491 524 effugauit,
502 485 520 514 et
532 480 635 514 cumomni
647 480 794 523 mansuetudine,
802 492 844 516 cum

142 532 182 568 loco
193 539 211 567 et
221 538 304 576 tempore
313 537 387 577 peccata
397 543 432 576 que
444 532 512 566 fecerat
522 537 541 566 et
552 543 646 577 nunquam
658 534 743 568 confessa
754 534 818 576 suerat,
826 541 845 569 et

141 584 308 630 transgressionem
316 585 410 619 cuiusdam
415 585 453 619 voti
459 585 543 619 distincte
551 585 650 621 reuelauit:
663 586 762 621 hortansvt
770 592 845 630 peccata

142 639 259 673 confiteretur
271 643 289 672 et
299 643 363 672 votum
376 648 429 672 suum
441 638 531 681 impleret,
543 639 597 672 etde
610 644 672 673 cetero
683 638 763 673 officium
774 640 844 683 pando-

141 690 225 726 cinandil
237 690 327 725 venaliter
339 701 375 726 non
389 695 489 734 exerceret,
500 701 535 735 pro
547 690 618 735 quibus,
629 695 649 726 vt
662 691 747 733 asseruit,
758 693 844 735 potestati

115 750 134 772 10
142 744 241 778 demonum
248 744 314 778 tradita
321 743 360 776 suit.

164 853 324 898 [maribadum
441 837 541 871 Narratiffl¹

164 910 223 951 Miles
234 915 308 960 quidam
319 916 345 959 (in
356 915 408 957 urbe}
421 926 497 950 romana
508 917 531 950 ad
543 914 580 950 uite
591 921 674 951 extrema
685 915 777 961 peruenit.
800 915 844 960 (Qui

141 969 226 1011 e)ductus
234 970 257 1002 de
265 979 342 1012 corpore
352 968 405 1002 iacuit
416 969 511 1010 exanimis,
520 975 548 1003 set
557 969 627 1012 (cicilus
638 970 718 1012 rediens,
726 980 762 1013 que
770 980 812 1003 cum
821 981 843 1004 eo

140 1020 212 1055 fuerant
219 1026 271 1064 gesta
279 1021 363 1054 narrauit.
387 1020 463 1054 Dicebat
471 1023 521 1054 enim
529 1022 577 1064 quod
585 1032 633 1064 pons
641 1026 680 1055 erat
688 1022 723 1055 sub
731 1032 767 1065 quo
775 1021 843 1065 miger)

141 1079 159 1107 et
175 1072 285 1116 caliginosus
300 1073 367 1106 fetores
381 1072 512 1107 intollerabiles
528 1073 629 1117 e(mi)ttens
642 1073 719 1108 exarans
734 1073 801 1108 ssuuius
813 1074 843 1108 de·

113 1138 131 1170 15
141 1126 230 1171 currebat,
259 1125 376 1168 Trans(act]o
391 1131 453 1159 autem
467 1131 524 1169 ponte
539 1137 605 1160 amena
618 1131 670 1159 erant
684 1131 737 1170 prata
750 1131 804 1170 atque
816 1126 844 1160 ui·

140 1178 209 1222 rencia,
217 1177 313 1212 odoriferis
324 1179 422 1212 herbarum
430 1178 507 1212 floribus
519 1179 628 1221 exornasta),
636 1179 655 1213 in
665 1178 731 1222 quibus
741 1178 843 1213 albatomm

140 1231 235 1265 hominum
249 1231 389 1273 conuenticul(a]
403 1242 445 1265 esse
457 1232 571 1274 uidebantur,
582 1237 680 1275 tantusque
693 1231 712 1265 in
725 1232 790 1265 eodem
803 1231 843 1266 loco

140 1285 186 1318 odor
197 1284 291 1318 suauitatis
302 1284 366 1325 inerat,
378 1289 398 1316 ut
410 1284 451 1326 ipsa
462 1284 557 1317 suauitatis
570 1283 672 1327 fragrancia
683 1295 748 1318 omnes
762 1283 843 1319 saciaret.

141 1336 169 1370 Ibi
179 1337 285 1370 mansiones
296 1337 382 1379 singulte)
391 1337 513 1379 diuersorum,
521 1336 646 1380 magnitudine
654 1336 699 1371 lucis
707 1341 760 1371 erant
767 1336 809 1381 plen
813 1337 843 1381 (e).

114 1400 133 1421 20
142 1389 169 1423 Ibi
179 1390 258 1434 quedam
269 1389 315 1423 mire
325 1390 410 1433 potencie
421 1388 539 1425 edificabatur
549 1390 620 1433 domus,
628 1400 664 1434 que
676 1390 736 1425 aureis
747 1389 844 1424 uidebatur

141 1442 244 1478 laterculis³
251 1442 338 1486 construi,
346 1448 375 1476 set
383 1442 449 1486 cui(us)
458 1448 513 1483 esset,
521 1453 558 1476 non
564 1443 622 1486 potuit
629 1443 708 1487 agnosci.
732 1443 789 1476 Erant
798 1453 843 1477 uero

141 1506 198 1540 super
209 1495 267 1539 ripam
279 1495 356 1539 predicti
367 1495 448 1530 fluminis
459 1496 561 1530 habitacula
572 1496 634 1538 multa,
646 1501 674 1529 set
687 1495 722 1529 alia
736 1495 843 1539 exurgentis

141 1549 203 1583 fetoris
219 1549 286 1582 nebula
300 1549 426 1592 tangebantur,
438 1549 474 1583 alia
490 1558 582 1592 exurgens
596 1548 643 1582 fetor
654 1559 665 1582 a
677 1547 754 1582 flumine
767 1548 843 1583 minime

141 1601 233 1645 tangebat.
255 1601 296 1634 Hec
304 1611 348 1634 uero
360 1607 398 1634 erat
410 1600 429 1634 in
439 1600 520 1644 predicto
528 1606 584 1644 ponte
595 1601 680 1644 probacio
688 1606 707 1635 ut
716 1600 798 1645 quisquis
809 1612 843 1644 per

114 1665 132 1696 25
141 1664 183 1688 eum
190 1653 197 1673 ⁴
204 1652 313 1687 iniustorum
323 1653 379 1687 uellet
386 1652 470 1696 transire,
478 1653 497 1686 in
505 1653 604 1687 tenebroso
615 1653 719 1696 fetenteque
727 1653 783 1686 fluuio
793 1653 843 1687 labe·

141 1711 197 1747 retur,
205 1706 248 1740 iusti
259 1716 303 1740 uero
311 1707 377 1750 quibus
387 1707 441 1750 culpa
451 1717 489 1739 non
497 1705 599 1749 obsisteret,
607 1717 671 1740 securo
682 1716 766 1750 pereum
777 1716 843 1750 gressu

141 1770 162 1795 ac
169 1759 226 1795 libero
234 1759 257 1794 ad
264 1757 304 1794 loca
311 1768 377 1793 amena
387 1760 510 1805 peruenirent.
533 1758 560 1793 Ibi
569 1769 589 1792 se
597 1758 655 1792 eciam
664 1759 739 1793 Petrum
747 1758 843 1792 ecclesias-

140 1814 176 1848 tice
186 1813 254 1847 familie
265 1812 359 1855 maiorem,
367 1813 398 1857 qui
409 1818 452 1846 ante
462 1812 602 1856 quadriennium
610 1812 706 1847 defunctus
717 1812 780 1853 fuerat,
789 1812 843 1847 deor-

140 1876 182 1900 sum
195 1864 275 1909 positum
288 1865 307 1899 in
321 1865 366 1899 locis
381 1865 479 1899 teterrimis
494 1876 561 1909 magno
575 1865 620 1899 ferri
634 1866 716 1909 pondere
732 1865 807 1909 ligatum
821 1876 842 1898 ac

113 1933 132 1963 3⁰
140 1920 250 1963 depressum
258 1918 327 1953 uidisse
338 1918 434 1953 confessus
444 1924 477 1953 est.
500 1918 589 1961 Quidum
599 1918 700 1963 requireret
711 1929 744 1952 cur
753 1917 778 1951 ita
788 1922 842 1959 esset,

140 1973 208 2005 dictum
219 1977 259 2004 est:
272 1971 324 2005 ‘Hec
334 1970 399 2004 iccirco
410 1971 477 2014 patitur
484 1972 526 2015 quia
537 1972 552 2004 si
560 1972 604 2014 quid
612 1971 628 2005 ei
638 1982 672 2014 pro
680 1970 763 2005 iacienda
770 1971 842 2004 ulcione

139 2022 250 2066 uidebatur⁶‚
255 2024 278 2057 ad
284 2023 390 2056 inferendas
395 2023 457 2067 plagas
463 2024 505 2067 plus
510 2035 533 2057 ex
541 2024 652 2057 crudelitatis
657 2022 748 2064 desiderio
756 2033 810 2066 quam
818 2032 842 2056 ex

140 2076 247 2112 obediencia
259 2076 361 2110 seruiebat!
384 2076 447 2120 Ibique
458 2077 551 2121 quendam
562 2075 681 2122 peregrinum
693 2075 738 2110 uidit
750 2075 781 2119 qui
792 2080 843 2109 tanta

140 2129 247 2164 auctoritate
255 2135 330 2173 pontem
338 2129 422 2163 transiuit
429 2135 496 2173 quanta
504 2136 521 2164 et
530 2130 559 2164 hic
567 2129 671 2164 sinceritate
677 2128 727 2163 uixit.
747 2128 768 2162 In
775 2128 841 2163 eodem

112 2199 131 2230 35
140 2188 197 2228 ponte
205 2183 297 2227 quendam
305 2181 378 2218 nomine
387 2183 501 2228 Stephanum
510 2182 560 2227 uidit,
566 2183 617 2218 cuius
625 2193 659 2228 pes
668 2182 741 2227 elapsus
749 2186 783 2223 est,
792 2186 842 2216 etex

141 2236 201 2270 medio
211 2246 288 2278 corpore
298 2235 334 2269 iam
345 2242 397 2270 extra
408 2242 484 2280 pontem
495 2236 577 2271 deiectus
589 2248 600 2271 a
610 2236 719 2280 quibusdam
731 2234 775 2270 uiris
787 2240 841 2270 teter-

140 2287 192 2322 rimis
200 2287 224 2321 de
232 2287 307 2321 flumine
316 2288 432 2331 surgentibus
442 2299 477 2333 per
485 2299 540 2323 coxas
548 2290 641 2331 deorsum,
649 2293 704 2332 atque
714 2299 725 2320 a
732 2288 842 2331 quibusdam

140 2342 205 2376 albatis
217 2345 235 2373 et
246 2339 335 2383 speciosis
346 2340 391 2374 uiris
406 2341 454 2385 cepit
466 2353 500 2384 per
510 2341 585 2376 brachia
596 2351 670 2376 sursum
681 2339 735 2376 trahi.
757 2339 841 2384 Cumque

140 2395 175 2429 hoc
186 2393 278 2427 luctamen
290 2398 344 2435 esset,
356 2398 374 2427 et
386 2393 434 2427 hunc
446 2394 489 2427 boni
501 2405 580 2437 sursum,
589 2393 632 2427 mali
644 2394 730 2428 deorsum
742 2394 842 2435 traherent,

111 2462 132 2494 40
140 2448 181 2492 ipse
191 2446 222 2490 qui
232 2446 267 2480 hoc
277 2445 322 2480 uidit
332 2446 355 2480 ad
366 2457 432 2490 corpus
442 2447 500 2481 rediit.
523 2448 564 2490 Qua
573 2446 593 2481 in
601 2458 621 2482 re
629 2448 652 2482 de
661 2446 743 2482 eiusdem
752 2444 842 2490 Stephani

159 2525 164 2544 ¹
174 2526 266 2564 pandoxare
273 2538 287 2550 =
294 2534 381 2563 cauponam
389 2535 470 2563 exercere,
480 2526 571 2556 cerevisiam
578 2526 630 2557 uinum
640 2535 721 2564 exponere
731 2525 765 2565 <Du
774 2523 842 2561 Cange).

138 2566 145 2624 Ξ
155 2565 281 2635 gtixssrgssagqll.
290 2565 343 2594 XXII.
351 2574 376 2603 91,
383 2566 431 2602 Greg.
440 2565 481 2597 Dial.
489 2566 515 2596 lV.
523 2567 547 2604 3⁶·
587 2566 594 2584 ³
604 2567 622 2596 T.
627 2565 711 2596 lacertulis.
757 2564 763 2581 ¹
774 2564 791 2595 T.
800 2572 840 2594 eant.
