1762 2803
104 105 134 151 44
296 96 376 148 ianua
391 93 507 156 trumba
522 91 615 156 atrita

105 215 171 251 docuit.
217 209 240 251 ln
251 229 283 252 ore
290 217 324 252 viri
332 217 363 261 qui
372 229 438 261 aquarn
447 218 527 260 potando
535 228 599 251 ranam
607 215 732 260 deglutiuerat,
741 214 807 258 digitos

106 269 199 314 imposuit,
206 275 224 303 et
232 270 307 304 eleuatis
315 269 372 304 oculis
380 271 403 304 ad
411 270 470 304 celum
478 270 523 303 dixit
531 282 535 304 :
548 269 637 303 ‘Domine
645 279 678 303 rex
686 268 807 312 omnipotens,

106 324 182 357 obsecro
193 333 227 366 per
235 323 292 357 filium
300 329 351 357 tuum
361 323 455 357 dominum
465 324 545 363 Ihesum,
553 323 625 366 respice
636 332 692 365 super
700 322 746 355 hanc
758 332 807 355 crea·

106 382 165 410 turam
174 381 228 417 tuam,
237 380 254 409 et
262 376 289 409 fac
300 376 342 409 huic
350 376 396 410 sicut
404 376 432 410 vis
440 381 458 409 et
466 376 511 410 seis,¹
536 376 574 410 Nec
586 386 641 415 mora,
651 386 696 409 rana
707 375 730 408 ad
741 374 807 418 digitos

90 439 98 469 5
107 438 150 463 suos
162 428 243 462 ascendit
251 434 273 470 et,
284 429 361 461 humore
371 440 438 472 magno
448 434 466 462 et
474 428 570 473 putredine
578 428 703 472 sequentibus,
711 427 730 460 in
738 432 806 460 terram

104 481 176 528 cecidit.
221 474 259 515 Per
269 487 346 525 quatuor
355 487 397 516 ante
408 481 476 516 obitum
489 493 543 516 suurn
554 492 613 515 annos
624 482 647 515 ab
659 480 708 515 omni
718 480 755 514 vite
766 491 808 523 pre-

106 533 164 568 sentis
175 533 284 567 iocunditate
296 545 363 578 corpus
376 533 464 576 absoluit;
481 535 504 568 ob
516 533 591 568 nimiam
605 533 687 577 corporis
699 532 777 567 maciem
789 538 807 566 et

106 586 158 620 faciei
167 586 315 620 extenuationem
324 587 370 621 cutis
380 588 452 621 ossibus
463 588 568 621 adherebat
591 587 658 620 Parnm
668 597 748 630 namque
760 597 808 619 corn-

106 640 164 673 edens
175 645 193 673 et
207 639 267 674 minus
280 640 351 681 bibens,
363 641 445 673 ciborum
457 640 558 683 appetitum
574 639 685 673 incredibilis
698 638 808 672 abstinentia

80 703 99 724 10
107 692 195 733 extinxit;
209 691 322 727 medicorum
335 693 410 727 consilia
422 693 499 736 spreuit,
511 698 529 726 et
540 703 574 736 pro
586 694 620 726 deo
632 692 714 736 corporis
726 691 808 726 remedia

107 750 245 789 contempnens,
259 746 320 779 anime
335 745 406 779 sanitati
419 746 514 779 consulere
528 746 627 789 satagebat.
650 745 732 788 Legebat
747 750 808 779 autern

107 798 163 832 libros
172 809 249 841 quorum
261 798 314 832 lectio
325 798 429 842 lachrymas
441 798 507 832 elicere
519 798 571 840 solet,
580 804 598 831 et
610 797 695 831 edificare
706 808 778 839 mores;
790 803 808 830 et

107 849 187 886 maxime
194 850 340 886 ‘Confessiones
346 850 445 896 Augustini
450 851 535 885 manibus
543 851 616 885 assidue
622 851 711 895 portabat.
727 850 808 885 Sedebat

107 915 153 948 sepe
164 906 183 939 in
195 905 247 938 fouea
259 905 278 938 in
289 905 328 939 solo
340 905 414 939 oratorii
425 905 454 951 sui
465 906 517 947 facta,
528 905 610 948 cogitans
622 905 664 948 quia
676 904 737 948 puluis
748 909 808 946 esset,

81 969 98 999 15
108 958 138 992 vbi
144 957 176 991 lux
184 957 265 1001 angelice
272 958 380 992 visitationis
387 958 500 1001 resplenduit
505 968 561 1001 super
568 963 622 1001 caput
631 957 675 999 eius,
681 963 699 991 et
707 956 758 1000 quasi
767 967 808 991 cum

108 1010 218 1052 homiuibus,
230 1011 255 1044 ita
266 1022 308 1045 cum
320 1011 414 1054 spiritibus
426 1011 524 1045 celestibus
536 1011 648 1054 loquebatur.
672 1011 695 1045 Et
706 1021 748 1044 cum
758 1011 808 1043 solus

108 1074 154 1108 sepe
165 1068 219 1105 esset,
228 1064 349 1107 plurimorum
357 1075 412 1098 voces
422 1074 462 1097 cum
474 1064 505 1097 illo
516 1063 577 1097 audite
587 1069 635 1097 sunt.
658 1063 728 1108 Spiritu
736 1074 809 1107 quoque

108 1116 204 1159 prophetie
212 1117 286 1159 claruit,
299 1127 341 1150 nam
349 1116 434 1150 fratribus
442 1117 556 1159 quibusdam,
565 1122 663 1160 antequam
673 1117 808 1156 confiterentur,

108 1175 182 1212 peccata
192 1168 245 1202 iussit
257 1168 344 1210 confiteri,
353 1175 371 1202 et
383 1180 418 1211 qne
430 1169 500 1202 occulte
512 1169 641 1202 commiserant
652 1168 737 1212 predixit,
748 1169 808 1203 locum

81 1233 100 1253 zo
109 1227 126 1255 et
138 1226 212 1265 tempus
227 1221 334 1265 adiungens.
380 1214 456 1255 Fratres
470 1222 505 1254 duo
520 1232 562 1254 cum
575 1227 628 1254 nocte
642 1222 721 1265 quadam
736 1220 754 1253 in
767 1222 809 1254 dor-

109 1274 181 1308 mitorio
197 1274 320 1309 exclamarent
334 1279 352 1308 et
365 1274 430 1308 fratres
445 1275 468 1308 ad
484 1275 595 1309 horrendam
609 1284 672 1309 eorum
685 1284 749 1309 vocem
762 1274 809 1308 exci-

108 1333 183 1370 tassent,
197 1326 252 1368 fratri,
264 1327 309 1361 illud
323 1326 342 1360 in
357 1327 436 1361 crastino
448 1326 517 1361 Alredo
532 1327 624 1369 referenti,
638 1327 693 1362 dixit:
706 1327 764 1361 ‘Vere
777 1328 808 1368 fili,

109 1379 171 1424 inquit,
183 1380 231 1413 inter
240 1380 306 1414 fratres
320 1385 392 1414 nostros
406 1385 459 1413 nocte
470 1381 505 1414 ista
515 1381 604 1424 dyabolus
614 1381 693 1422 aduenit,
702 1386 720 1414 et
730 1381 809 1423 aliquem

109 1434 198 1467 seducere
206 1432 296 1476 cogitauit,
302 1433 335 1466 sed
343 1432 383 1466 sine
392 1433 457 1466 effectu
462 1438 568 1476 attemptata
574 1433 645 1467 malicie
653 1444 693 1467 curn
703 1433 810 1467 confusione

81 1498 100 1527 25
110 1487 220 1530 quamtotius
234 1487 334 1520 abscedere
349 1486 455 1529 compulsus
469 1492 502 1521 est.
525 1486 667 1521 Verumtamen¹
679 1487 810 1530 aliquantulum

110 1539 126 1573 ei
139 1539 230 1582 quispiam
247 1538 350 1573 consensit:
404 1532 450 1572 Post
465 1540 562 1583 quemdam
578 1550 683 1573 sermonem
698 1540 717 1574 in
732 1538 811 1583 capitulo

110 1593 182 1635 factum,
194 1592 242 1625 inter
253 1597 313 1626 cetera
325 1592 410 1625 iratribus
421 1591 477 1626 dixit:
492 1592 567 1626 <Videte
578 1592 649 1635 fratres,
657 1593 712 1626 vitam
723 1598 810 1635 vestram,

110 1644 195 1688 corrigite
203 1655 269 1686 mores,
278 1645 331 1678 saluti
338 1650 399 1678 vestre
409 1645 498 1679 intendite
506 1645 548 1688 quia
557 1656 591 1688 pro
600 1650 650 1679 certo
660 1646 737 1687 affirmo,
745 1645 810 1689 aliquis

110 1702 191 1732 vestrum
203 1699 226 1731 ad
240 1697 388 1741 dampnationem
402 1708 454 1731 suam
468 1699 490 1731 ad
506 1709 572 1741 corpus
587 1697 654 1732 Christi
668 1698 742 1739 accedit,
756 1709 810 1741 quem

83 1761 102 1788 50
110 1750 203 1795 publicare
211 1751 263 1792 uolo;
276 1751 315 1784 eius
327 1751 459 1785 correctionem
468 1751 529 1794 diligo,
538 1756 556 1784 et
563 1752 625 1785 rubori
633 1753 698 1794 parco¹
723 1751 758 1784 His
770 1763 811 1785 curn

110 1802 229 1837 admiratione
248 1813 314 1845 magna
333 1803 404 1844 auditis,
423 1803 454 1846 qui
473 1814 515 1837 reos
533 1814 553 1837 se
570 1809 698 1847 cognouerant,
715 1803 811 1838 venientes

110 1862 181 1891 secreta
189 1856 249 1890 cordis
257 1857 285 1890 sui
294 1856 310 1890 ei
318 1856 390 1900 aperire
398 1856 513 1891 festinabant,
555 1849 622 1891 Frater
630 1857 704 1900 quidam
712 1857 812 1901 aspiciebat

110 1910 129 1943 in
136 1909 178 1943 visu
186 1909 254 1943 noctis:
267 1915 285 1943 et
292 1910 338 1943 vidit
345 1921 406 1943 coram
415 1910 460 1943 facie
470 1911 509 1944 eius
518 1911 609 1954 quoddam
618 1911 712 1944 excelsum
720 1911 811 1945 edificium

110 1962 208 1997 artificiose
219 1968 348 2003 constructum,
359 1963 439 2006 amplum
452 1969 469 1997 et
477 1968 581 2006 venustum,
589 1975 662 2007 vnoque
673 1969 743 1998 tantum
755 1964 813 1998 ostio²

83 2027 102 2055 55
111 2016 205 2049 introitum
216 2016 320 2049 ostendens.
344 2016 433 2050 Fenestre
444 2016 463 2049 in
474 2017 505 2050 illo
516 2017 571 2056 nulle,
581 2017 630 2050 nulla
639 2017 733 2057 foramina,
742 2017 812 2050 nullum

111 2069 136 2101 ibi
146 2068 214 2109 lumen,
227 2066 262 2100 nisi
273 2079 306 2111 per
316 2079 394 2111 paruum
408 2068 451 2101 solis
462 2069 538 2111 radium,
549 2070 579 2112 qui
591 2069 637 2102 ostio
651 2075 714 2111 aperto
728 2069 812 2102 infunde·

111 2122 169 2155 batur.
189 2119 248 2163 Ligna
261 2121 326 2154 domus
339 2121 400 2155 omnia
415 2121 505 2155 odorifera
517 2126 535 2155 et
550 2121 647 2165 fragrantia
661 2126 717 2155 erant.
741 2121 813 2163 Quanto

111 2173 187 2217 propius
199 2173 302 2213 accedebat,
312 2179 362 2206 tanto
374 2174 393 2207 in
405 2173 452 2207 illius
465 2174 554 2208 suauitate
566 2174 628 2208 odoris
642 2174 721 2217 amplius
735 2175 813 2209 delecta·

111 2229 168 2261 batur.
193 2226 215 2259 Et
227 2226 319 2269 aspiciens
330 2237 364 2269 per
375 2226 447 2269 ostium,
455 2227 500 2260 vidit
510 2228 577 2261 lectum
587 2227 605 2260 in
615 2226 720 2271 pauimento
728 2227 813 2271 positum,

84 2291 104 2319 40
112 2286 130 2315 et
138 2279 156 2313 iu
165 2280 211 2314 lecto
219 2279 309 2314 iacentem
317 2280 402 2315 abbatem
411 2291 470 2316 suum.
493 2281 539 2315 Cum
550 2286 612 2315 autern
623 2281 718 2324 ingressus
728 2282 812 2317 abbatem

112 2339 203 2368 mortuum
211 2333 287 2375 videret,
295 2333 373 2368 vbertim
385 2334 453 2368 eiulare
464 2341 481 2368 et
493 2335 539 2368 flere
551 2334 604 2378 cepit.
628 2334 650 2367 Et
662 2335 738 2369 eleuans
750 2337 813 2370 oculos

112 2387 135 2420 ad
146 2390 214 2420 tectum
226 2387 296 2428 domus,
304 2386 349 2420 vidit
361 2387 459 2431 imaginem
473 2387 553 2421 hominis
565 2388 677 2421 relucentem
690 2399 746 2433 supra
758 2400 813 2424 omne

113 2440 161 2483 quod
173 2440 250 2473 carnalis
261 2441 323 2473 oculus
336 2440 354 2473 in
367 2442 401 2474 hoc
412 2442 480 2475 mundo
493 2442 599 2484 conspexit3
615 2445 709 2485 totumque
722 2442 813 2477 edificium

237 2549 242 2566 ¹
253 2550 270 2579 T.
277 2555 399 2587 verumptamen.
589 2551 595 2568 ²
605 2552 622 2582 T.
630 2553 686 2584 hostio,
