1762 2803
108 100 211 182 '488¹
318 103 398 156 uota
413 100 530 163 tremos
545 99 637 163 unctio.
709 101 829 146 [trenna

128 226 184 260 deum
201 223 302 258 mirabilem
319 222 441 267 predicamus.
472 221 539 256 Diuina
556 220 647 266 siquidem
661 232 719 267 opera
733 226 752 256 et
765 220 832 256 iudicia

129 285 192 315 nostro
202 288 259 314 sensu
271 277 428 321 comprehendere
439 286 477 311 non
488 285 592 321 possumus,
600 285 635 310 nec
643 275 729 310 estimare
736 276 830 311 audemus

129 330 219 365 Reuelata
226 329 323 364 scribimus
330 334 349 363 et
357 329 380 362 ad
388 338 410 362 ea
417 338 453 372 que
461 338 498 362 non
506 332 550 362 sunt
560 327 659 362 reuelanda
666 327 721 362 deum
729 337 750 361 ac
758 331 831 361 sanctos

129 384 174 425 eius,
180 388 200 417 vt
207 382 317 425 reuelentur,
323 391 439 426 nequaquam
447 380 535 426 cogimus.
547 380 622 424 Legitur
629 381 678 425 quod
686 379 772 414 dominus
779 380 831 424 quin-

111 448 120 478 5
129 447 165 480 que
172 434 222 469 milia
231 434 326 468 hominum
336 435 360 467 de
370 433 451 478 quinque
462 433 542 478 panibus
553 438 571 467 et
582 433 653 467 duobus
664 433 746 477 piscibus
757 432 832 467 saciauit

129 494 147 522 et
163 489 211 532 quod
223 487 321 522 vndecim¹
334 486 408 531 cophini
423 486 473 531 pleni
488 487 512 520 de
527 485 633 530 fragmentis
648 490 757 530 supererant
772 495 832 520 come-

129 540 220 575 dentibus.
243 540 359 585 Operabatur
374 539 399 574 ibi
414 539 500 574 dominus
514 538 533 573 in
549 537 659 580 hominibus,
673 542 759 581 operatur
771 543 789 572 et
802 538 832 573 hic

129 598 184 638 prout
198 593 236 627 vult
251 594 270 627 in
284 593 390 637 virginibus.
413 593 451 628 Sed
466 603 508 627 cum
523 591 563 636 ipse
575 591 657 635 virgines
670 602 727 633 sacre,
741 592 832 636 quomodo

130 647 164 681 hec
172 646 243 688 fierent,
251 657 324 681 summa
331 646 418 680 instantia
428 646 589 689 interrogarentur,
597 644 688 679 affuerunt
698 645 761 688 plures
772 644 833 679 statim

103 713 122 735 ιο
130 700 275 743 respondentes:
288 699 347 741 ‘Quid
356 709 390 732 nos
400 702 471 731 tantum
481 697 602 739 constringis²
611 696 752 740 interrogando?
764 697 833 741 absque

131 751 237 787 difficultate
250 757 268 787 et
283 751 323 786 sine
337 750 406 786 lesione
422 749 479 785 nostri
492 749 616 785 transiuimus.
639 749 662 784 Et
675 748 723 784 scias
736 760 770 793 pro
783 755 833 784 certo

131 805 174 850 quia
185 804 238 849 plura
249 805 272 840 de
283 803 337 839 nobis
348 814 385 839 non
397 802 486 847 scripsisti
497 813 533 848 que
544 807 587 838 sunt
598 801 716 838 admiranda.¹
739 803 780 845 Que
791 814 833 838 cum

132 870 174 893 sero
181 858 210 891 vel
222 869 276 892 mane
284 858 351 892 dietam
359 857 394 891 sibi
402 856 525 891 deliberantes
536 862 664 901 proponerent,
674 856 708 890 ‘ibi
718 857 747 892 vel
758 857 782 891 ibi
792 867 833 901 per-

132 911 255 952 noctabimus,¹
271 911 340 954 absque
355 910 410 944 dubio
425 916 443 944 et
458 910 498 944 sine
515 909 648 953 impedimento
662 920 704 945 cum
719 910 834 954 permaxima

105 976 123 1007 15
131 964 159 998 sui
167 963 228 998 cordis
235 963 346 997 iucunditate
353 961 395 996 illuc
403 972 445 996 sero
453 966 582 1005 peruenerunt

169 1062 184 1100 tl
197 1061 251 1105 Quod
259 1061 309 1096 nulla
316 1071 374 1106 super
381 1071 413 1096 eas
421 1060 484 1106 pluuia
492 1059 557 1096 cecidit
565 1071 589 1096 ex
597 1071 633 1106 quo
641 1061 664 1097 de
672 1062 739 1108 palatio
746 1062 797 1108 regio

273 1125 350 1159 egresse
358 1119 402 1148 sunt
410 1116 471 1148 eundo
480 1115 559 1149 Romam
567 1120 586 1149 et
593 1116 692 1150 redeundo.

155 1182 187 1223 Ex
195 1199 231 1231 quo
239 1198 284 1222 sane
294 1188 317 1222 ab
327 1187 369 1222 aula
379 1185 428 1235 regis
439 1188 493 1221 beate
500 1187 568 1221 Vrsule
579 1188 776 1231 patrisndiscesserunt,
784 1190 835 1223 nullo

132 1240 291 1285 perfundebantur
303 1240 362 1273 imbre
377 1238 452 1283 pluuiali
467 1245 532 1274 euntes
544 1240 624 1274 Romam
635 1241 664 1275 et³
675 1242 779 1288 redeuntes,
793 1241 836 1287 quia

133 1294 195 1329 diuina
205 1304 237 1328 eas
245 1292 342 1328 clementia
352 1294 375 1327 ab
387 1293 437 1328 omni
448 1293 533 1327 molestia
544 1294 629 1338 protexit.
651 1295 689 1330 Sed
701 1306 725 1331 ne
737 1295 771 1330 hoc
783 1296 836 1330 alicui

133 1347 239 1383 incredibile
249 1347 337 1389 videatur,
349 1348 465 1382 narrabimus
476 1348 568 1390 quoddam
581 1348 641 1382 simile
652 1349 701 1392 quod
712 1349 774 1383 multis
787 1350 835 1383 bene

107 1414 125 1435 πο
134 1405 247 1445 compertum
262 1404 295 1434 est.
322 1399 407 1443 Denique
423 1400 487 1434 beatus
503 1399 609 1434 Bernardus
627 1401 683 1436 abbas
698 1401 836 1436 clareuallensis

133 1456 178 1487 dum
193 1453 290 1496 aliquando
305 1453 339 1486 sub
354 1452 402 1494 diuo,
417 1452 502 1487 videlicet
516 1454 551 1487 sub
566 1464 614 1495 aere,
629 1464 671 1488 cum
686 1454 741 1488 fratre
756 1456 835 1498 quodam

134 1507 202 1540 sedens
212 1505 281 1538 litteras
292 1504 373 1545 dictaret,
383 1503 465 1546 alterque
476 1503 516 1538 illas
526 1504 622 1538 scribendo
634 1510 709 1547 notaret,
719 1517 762 1539 ecce
769 1506 836 1550 vbique

134 1558 153 1592 in
168 1557 244 1592 circuitu
258 1556 333 1602 pluebat
344 1561 362 1591 et
374 1556 411 1602 ipsi
421 1567 433 1591 a
443 1556 506 1600 pluuia
519 1557 621 1592 scribentes
633 1558 681 1593 illesi
694 1565 836 1603 permanserunt

135 1617 153 1646 et
166 1611 232 1646 intacti.
255 1611 325 1644 Aderat
337 1621 382 1645 sane
395 1611 453 1644 sacris
466 1610 566 1655 virginibus
579 1610 598 1645 in
611 1611 695 1646 omnibus
709 1612 791 1656 piissime
807 1624 836 1648 ce·

107 1674 125 1704 ²5
135 1666 193 1699 lorum
205 1664 268 1707 regine
280 1664 361 1698 custodia
376 1669 394 1698 et
409 1663 477 1707 gratia:
495 1664 532 1698 fida
543 1663 616 1698 illarum
627 1665 698 1699 ductrix
710 1665 739 1700 et⁴
750 1665 781 1709 pia
792 1667 836 1700 fide-

134 1717 176 1751 liter
187 1728 218 1750 eas
230 1718 304 1759 ducens,
316 1727 371 1759 quam
382 1716 451 1750 imitate
462 1722 505 1749 sunt
515 1716 667 1760 virginitatis'sue
678 1718 743 1752 florem
754 1719 791 1752 filio
803 1729 837 1752 suo

134 1770 225 1813 virginum
233 1768 304 1812 piarum
313 1778 381 1812 sponso
390 1768 493 1802 offerentes
517 1768 574 1802 Porro
581 1768 670 1805 infantule
677 1769 725 1813 que⁶
735 1769 754 1804 in
766 1770 836 1805 sinibus

134 1822 260 1866 quarundam⁶
267 1822 390 1865 gestabantur,
399 1821 453 1862 nullo,
461 1825 480 1855 vt
491 1821 626 1865 supradictum?
635 1826 669 1864 est,¹
676 1821 716 1857 cibo
723 1822 753 1857 vel
760 1823 836 1858 vberum

134 1875 180 1909 lacte
198 1874 298 1916 alebantur,
314 1876 348 1908 sed
363 1885 405 1908 cum
420 1875 466 1909 forte
481 1874 558 1918 digitum
577 1875 604 1909 ori
622 1875 745 1920 imponerent,
758 1876 837 1911 exinde⁴

107 1942 126 1971 30
135 1929 266 1962 nutrimentum
285 1927 372 1961 diuinitus
391 1927 425 1961 sibi
444 1928 506 1961 datum
523 1928 628 1962 suxeruntt
659 1928 778 1973 ReItquarum
793 1939 837 1964 vero

134 1980 252 2025 quamplures
270 1979 362 2024 virginum
383 1991 499 2025 nequaquam
520 1980 570 2014 tam⁴
588 1981 646 2016 multo
664 1981 771 2025 indigebant
791 1983 837 2024 cibo,

134 2033 232 2077 quoniam⁸
242 2033 271 2067 dei
284 2033 346 2077 gratia,
357 2032 410 2076 que¹⁰
423 2033 463 2067 illas
477 2033 579 2068 forinsecus
593 2044 706 2068 conseruans
720 2036 837 2078 gubernabat,

134 2088 245 2119 intrinsecus
256 2086 318 2118 aderat
330 2086 433 2120 confortans
445 2097 477 2119 eas
488 2091 507 2119 et
518 2091 630 2119 sustentans.
653 2086 688 2129 Qui
700 2092 760 2120 autem
772 2087 837 2122 horum

135 2149 171 2183 que
186 2138 293 2183 scripsimus
309 2138 415 2174 incredulus
430 2138 488 2181 suerit,
503 2139 551 2182 legat
565 2138 618 2173 Vitas
633 2138 708 2173 Patrum
724 2144 742 2173 et
756 2139 838 2175 inueniet

108 2205 126 2235 35
135 2192 197 2235 plures
205 2191 224 2224 in
232 2192 351 2225 ebdomada¹¹
359 2192 417 2225 semel
425 2192 496 2225 modico
507 2191 547 2225 cibo
558 2197 630 2235 gustato
642 2197 758 2228 sustentatos,
781 2193 838 2237 Legat

136 2249 154 2277 et
161 2244 217 2278 vitam
226 2243 284 2277 Marle
292 2243 385 2287 Egiptiace
395 2250 413 2277 et
423 2244 504 2278 inueniet
514 2255 555 2278 eam
565 2245 636 2278 duobus
647 2245 725 2286 panibus
736 2251 753 2279 et
764 2246 838 2279 dimidio

135 2306 169 2340 per
186 2295 250 2329 decem
267 2298 285 2328 et
301 2301 373 2338 septem
389 2305 448 2330 annos
466 2295 588 2338 sustentari¹²‚
602 2306 622 2330 ac
640 2298 758 2339 postmodum
775 2296 839 2342 paucis

135 2349 234 2382 herbarum
245 2347 336 2381 radicibus
347 2347 432 2382 viuere¹³.
455 2347 539 2392 Denique
553 2348 651 2392 plusquam
661 2350 744 2384 valerent
756 2351 791 2384 iste
802 2350 839 2385 vir-

155 2463 161 2482 ¹
171 2464 189 2493 Β,
198 2464 286 2493 duodecim.
326 2462 361 2492 2Β.
369 2462 468 2500 distringitis.
508 2463 515 2480 ³
526 2463 544 2493 B.
551 2463 591 2495 siue.
632 2463 678 2495 ‘om
686 2465 702 2494 in
713 2465 733 2495 B.
773 2466 779 2483 ³
790 2466 808 2496 B.
816 2465 840 2494 in-

136 2503 191 2534 fantuli
198 2504 230 2541 qui.
280 2502 286 2520 ⁶
296 2503 315 2533 Β.
322 2504 424 2542 quorundam.
476 2501 482 2520 ⁷
493 2502 511 2534 B.
519 2503 581 2533 dictum.
632 2503 638 2521 ⁸
648 2504 665 2535 E.
674 2508 755 2543 sugerunt.
806 2505 812 2524 ⁹
821 2505 839 2535 Ε.

135 2553 187 2581 quam.
227 2542 238 2561 ¹⁰
248 2543 267 2574 Β.
274 2543 306 2580 qui.
347 2541 359 2559 ¹¹
369 2543 387 2573 E.
395 2542 483 2573 ebdomida.
524 2541 536 2560 ¹²
545 2543 564 2573 B.
571 2545 681 2574 sustentatam.
720 2544 731 2562 ¹³
742 2544 761 2575 B.
768 2544 833 2574 vixisse.
