<?xml version="1.0" encoding="UTF-8"?>
<!DOCTYPE html PUBLIC "-//W3C//DTD XHTML 1.0 Transitional//EN"
    "http://www.w3.org/TR/xhtml1/DTD/xhtml1-transitional.dtd">
<html xmlns="http://www.w3.org/1999/xhtml" xml:lang="en" lang="en">
 <head>
  <title>
</title>
<meta http-equiv="Content-Type" content="text/html;charset=utf-8" />
  <meta name='ocr-system' content='tesseract 3.04.00' />
  <meta name='ocr-capabilities' content='ocr_page ocr_carea ocr_par ocr_line ocrx_word'/>
</head>
<body>
  <div class='ocr_page' id='page_1' title='image "./MN5111ucmf_0/MN5111ucmf_0_0992.png"; bbox 0 0 1762 2803; ppageno 0'>
   <div class='ocr_carea' id='block_1_1' title="bbox 117 121 627 185">
    <p class='ocr_par' dir='ltr' id='par_1_1' title="bbox 117 121 627 185">
     <span class='ocr_line' id='line_1_1' title="bbox 117 121 627 185; baseline -0.014 -4"><span class='ocrx_word' id='word_1_1' title='bbox 117 129 162 181; x_wconf 73' lang='lat'>376</span> <span class='ocrx_word' id='word_1_2' title='bbox 232 158 233 163; x_wconf 22' lang='grc' dir='ltr'><strong>κ</strong></span> <span class='ocrx_word' id='word_1_3' title='bbox 309 123 388 175; x_wconf 67' lang='lat' dir='ltr'>mota</span> <span class='ocrx_word' id='word_1_4' title='bbox 403 121 520 183; x_wconf 69' lang='lat' dir='ltr'>tramae</span> <span class='ocrx_word' id='word_1_5' title='bbox 535 122 627 185; x_wconf 63' lang='lat' dir='ltr'>anate.</span> 
     </span>
    </p>
   </div>
   <div class='ocr_carea' id='block_1_2' title="bbox 95 243 873 2518">
    <p class='ocr_par' dir='ltr' id='par_1_2' title="bbox 95 243 873 2518">
     <span class='ocr_line' id='line_1_2' title="bbox 118 243 822 289; baseline -0.001 -10"><span class='ocrx_word' id='word_1_6' title='bbox 118 245 194 288; x_wconf 87' lang='lat' dir='ltr'>ferebat,</span> <span class='ocrx_word' id='word_1_7' title='bbox 208 250 226 279; x_wconf 89' lang='lat' dir='ltr'>et</span> <span class='ocrx_word' id='word_1_8' title='bbox 238 243 310 280; x_wconf 86' lang='lat' dir='ltr'>virilem</span> <span class='ocrx_word' id='word_1_9' title='bbox 326 244 440 289; x_wconf 82' lang='lat' dir='ltr'>grauitatem.</span> <span class='ocrx_word' id='word_1_10' title='bbox 462 246 493 281; x_wconf 87' lang='lat' dir='ltr'>Ab</span> <span class='ocrx_word' id='word_1_11' title='bbox 508 246 583 280; x_wconf 90' lang='lat' dir='ltr'>ineunte</span> <span class='ocrx_word' id='word_1_12' title='bbox 598 248 645 279; x_wconf 86' lang='lat' dir='ltr'>etate</span> <span class='ocrx_word' id='word_1_13' title='bbox 660 243 722 278; x_wconf 83' lang='lat' dir='ltr'>didicit</span> <span class='ocrx_word' id='word_1_14' title='bbox 737 254 748 278; x_wconf 90' lang='lat' dir='ltr'>a</span> <span class='ocrx_word' id='word_1_15' title='bbox 763 247 822 278; x_wconf 87' lang='lat' dir='ltr'>matre</span> 
     </span>
     <span class='ocr_line' id='line_1_3' title="bbox 119 297 873 343; baseline -0.003 -10"><span class='ocrx_word' id='word_1_16' title='bbox 119 299 204 334; x_wconf 86' lang='lat' dir='ltr'>timorem</span> <span class='ocrx_word' id='word_1_17' title='bbox 215 297 290 341; x_wconf 89' lang='lat' dir='ltr'>domini,</span> <span class='ocrx_word' id='word_1_18' title='bbox 302 303 320 332; x_wconf 91' lang='lat' dir='ltr'>et</span> <span class='ocrx_word' id='word_1_19' title='bbox 331 298 405 332; x_wconf 81' lang='lat' dir='ltr'>beatam</span> <span class='ocrx_word' id='word_1_20' title='bbox 417 297 447 333; x_wconf 88' lang='lat' dir='ltr'>dei</span> <span class='ocrx_word' id='word_1_21' title='bbox 458 299 564 343; x_wconf 83' lang='lat' dir='ltr'>genitricem</span> <span class='ocrx_word' id='word_1_22' title='bbox 576 304 663 343; x_wconf 84' lang='lat' dir='ltr'><strong>tanquam</strong></span> <span class='ocrx_word' id='word_1_23' title='bbox 675 298 740 333; x_wconf 91' lang='lat' dir='ltr'>ducem</span> <span class='ocrx_word' id='word_1_24' title='bbox 752 297 822 332; x_wconf 90' lang='lat' dir='ltr'>viarum</span> <span class='ocrx_word' id='word_1_25' title='bbox 872 309 873 313; x_wconf 52' lang='lat'>¹</span> 
     </span>
     <span class='ocr_line' id='line_1_4' title="bbox 119 350 822 396; baseline -0.004 -9"><span class='ocrx_word' id='word_1_26' title='bbox 119 363 194 387; x_wconf 85' lang='lat' dir='ltr'>suarum</span> <span class='ocrx_word' id='word_1_27' title='bbox 206 358 225 386; x_wconf 87' lang='lat' dir='ltr'>et</span> <span class='ocrx_word' id='word_1_28' title='bbox 235 350 272 386; x_wconf 87' lang='lat' dir='ltr'>vite</span> <span class='ocrx_word' id='word_1_29' title='bbox 282 356 378 395; x_wconf 88' lang='lat' dir='ltr'>patronam</span> <span class='ocrx_word' id='word_1_30' title='bbox 390 351 482 396; x_wconf 89' lang='lat' dir='ltr'>inuocare,</span> <span class='ocrx_word' id='word_1_31' title='bbox 490 358 508 387; x_wconf 90' lang='lat' dir='ltr'>et</span> <span class='ocrx_word' id='word_1_32' title='bbox 520 353 538 386; x_wconf 91' lang='lat' dir='ltr'>in</span> <span class='ocrx_word' id='word_1_33' title='bbox 550 352 599 386; x_wconf 87' lang='lat' dir='ltr'>illam</span> <span class='ocrx_word' id='word_1_34' title='bbox 611 357 653 395; x_wconf 91' lang='lat' dir='ltr'>post</span> <span class='ocrx_word' id='word_1_35' title='bbox 662 350 754 386; x_wconf 86' lang='lat' dir='ltr'>Christum</span> <span class='ocrx_word' id='word_1_36' title='bbox 766 356 822 385; x_wconf 87' lang='lat' dir='ltr'>totam</span> 
     </span>
     <span class='ocr_line' id='line_1_5' title="bbox 120 403 824 449; baseline -0.003 -10"><span class='ocrx_word' id='word_1_37' title='bbox 120 406 203 439; x_wconf 87' lang='lat' dir='ltr'>fidutiam</span> <span class='ocrx_word' id='word_1_38' title='bbox 215 415 267 438; x_wconf 88' lang='lat' dir='ltr'>suam</span> <span class='ocrx_word' id='word_1_39' title='bbox 279 414 355 447; x_wconf 88' lang='lat' dir='ltr'>ponere.</span> <span class='ocrx_word' id='word_1_40' title='bbox 378 405 525 440; x_wconf 88' lang='lat' dir='ltr'>Mendicantibus</span> <span class='ocrx_word' id='word_1_41' title='bbox 537 415 608 449; x_wconf 90' lang='lat' dir='ltr'>quoque</span> <span class='ocrx_word' id='word_1_42' title='bbox 620 404 667 438; x_wconf 92' lang='lat' dir='ltr'>miro</span> <span class='ocrx_word' id='word_1_43' title='bbox 680 403 824 448; x_wconf 84' lang='lat' dir='ltr'>compatiebatur</span> 
     </span>
     <span class='ocr_line' id='line_1_6' title="bbox 103 456 823 503; baseline -0.001 -11"><span class='ocrx_word' id='word_1_44' title='bbox 103 458 191 501; x_wconf 63' lang='lat' dir='ltr'>paffectu.</span> <span class='ocrx_word' id='word_1_45' title='bbox 214 456 326 492; x_wconf 88' lang='lat' dir='ltr'>Liberalium</span> <span class='ocrx_word' id='word_1_46' title='bbox 340 457 420 502; x_wconf 87' lang='lat' dir='ltr'>denique</span> <span class='ocrx_word' id='word_1_47' title='bbox 435 458 571 503; x_wconf 89' lang='lat' dir='ltr'>disciplinarum</span> <span class='ocrx_word' id='word_1_48' title='bbox 586 457 646 492; x_wconf 91' lang='lat' dir='ltr'>scolas</span> <span class='ocrx_word' id='word_1_49' title='bbox 661 467 753 501; x_wconf 81' lang='lat' dir='ltr'>egressus,</span> <span class='ocrx_word' id='word_1_50' title='bbox 766 461 785 491; x_wconf 88' lang='lat' dir='ltr'>et</span> <span class='ocrx_word' id='word_1_51' title='bbox 800 457 823 491; x_wconf 90' lang='lat' dir='ltr'>ad</span> 
     </span>
     <span class='ocr_line' id='line_1_7' title="bbox 121 510 824 555; baseline -0.004 -9"><span class='ocrx_word' id='word_1_52' title='bbox 121 510 197 546; x_wconf 88' lang='lat' dir='ltr'>curiales</span> <span class='ocrx_word' id='word_1_53' title='bbox 209 521 230 544; x_wconf 91' lang='lat' dir='ltr'>se</span> <span class='ocrx_word' id='word_1_54' title='bbox 241 510 355 545; x_wconf 88' lang='lat' dir='ltr'>transferens</span> <span class='ocrx_word' id='word_1_55' title='bbox 366 511 499 555; x_wconf 79' lang='lat' dir='ltr'>occupationes,</span> <span class='ocrx_word' id='word_1_56' title='bbox 508 516 557 545; x_wconf 89' lang='lat' dir='ltr'>tanto</span> <span class='ocrx_word' id='word_1_57' title='bbox 569 510 644 545; x_wconf 89' lang='lat' dir='ltr'>rationis</span> <span class='ocrx_word' id='word_1_58' title='bbox 651 510 723 554; x_wconf 83' lang='lat' dir='ltr'>vigebat</span> <span class='ocrx_word' id='word_1_59' title='bbox 734 510 824 550; x_wconf 85' lang='lat' dir='ltr'>acumine,</span> 
     </span>
     <span class='ocr_line' id='line_1_8' title="bbox 120 562 824 608; baseline -0.004 -9"><span class='ocrx_word' id='word_1_60' title='bbox 120 569 139 599; x_wconf 92' lang='lat' dir='ltr'>vt</span> <span class='ocrx_word' id='word_1_61' title='bbox 147 563 248 608; x_wconf 83' lang='lat' dir='ltr'>prudenter</span> <span class='ocrx_word' id='word_1_62' title='bbox 256 562 346 598; x_wconf 91' lang='lat' dir='ltr'>inauditas</span> <span class='ocrx_word' id='word_1_63' title='bbox 354 568 372 598; x_wconf 89' lang='lat' dir='ltr'>et</span> <span class='ocrx_word' id='word_1_64' title='bbox 380 563 464 598; x_wconf 87' lang='lat' dir='ltr'>difficiles</span> <span class='ocrx_word' id='word_1_65' title='bbox 471 564 550 598; x_wconf 88' lang='lat' dir='ltr'>solueret</span> <span class='ocrx_word' id='word_1_66' title='bbox 558 563 674 607; x_wconf 80' lang='lat' dir='ltr'>questiones3</span> <span class='ocrx_word' id='word_1_67' title='bbox 685 569 704 598; x_wconf 91' lang='lat' dir='ltr'>et</span> <span class='ocrx_word' id='word_1_68' title='bbox 710 564 758 608; x_wconf 90' lang='lat' dir='ltr'>quod</span> <span class='ocrx_word' id='word_1_69' title='bbox 766 562 824 597; x_wconf 89' lang='lat' dir='ltr'>semel</span> 
     </span>
     <span class='ocr_line' id='line_1_9' title="bbox 121 609 825 660; baseline -0.003 -9"><span class='ocrx_word' id='word_1_70' title='bbox 121 617 213 659; x_wconf 84' lang='lat' dir='ltr'>didicerat,</span> <span class='ocrx_word' id='word_1_71' title='bbox 219 616 304 660; x_wconf 85' lang='lat' dir='ltr'>quotiens</span> <span class='ocrx_word' id='word_1_72' title='bbox 310 617 383 651; x_wconf 85' lang='lat' dir='ltr'>volebat</span> <span class='ocrx_word' id='word_1_73' title='bbox 390 622 454 660; x_wconf 88' lang='lat' dir='ltr'>posset</span> <span class='ocrx_word' id='word_1_74' title='bbox 461 618 500 652; x_wconf 88' lang='lat' dir='ltr'>sine</span> <span class='ocrx_word' id='word_1_75' title='bbox 508 617 612 651; x_wconf 88' lang='lat' dir='ltr'>difficultate</span> <span class='ocrx_word' id='word_1_76' title='bbox 620 616 707 659; x_wconf 79' lang='lat' dir='ltr'>prolerre.</span> <span class='ocrx_word' id='word_1_77' title='bbox 750 609 825 650; x_wconf 86' lang='lat' dir='ltr'>Videns</span> 
     </span>
     <span class='ocr_line' id='line_1_10' title="bbox 121 668 825 713; baseline -0.001 -10"><span class='ocrx_word' id='word_1_78' title='bbox 121 670 175 713; x_wconf 88' lang='lat' dir='ltr'>igitur</span> <span class='ocrx_word' id='word_1_79' title='bbox 186 669 205 702; x_wconf 88' lang='lat' dir='ltr'>in</span> <span class='ocrx_word' id='word_1_80' title='bbox 219 669 274 702; x_wconf 87' lang='lat' dir='ltr'>curiis</span> <span class='ocrx_word' id='word_1_81' title='bbox 288 679 385 713; x_wconf 91' lang='lat' dir='ltr'>procerum</span> <span class='ocrx_word' id='word_1_82' title='bbox 399 669 477 713; x_wconf 90' lang='lat' dir='ltr'>plurima</span> <span class='ocrx_word' id='word_1_83' title='bbox 489 674 552 703; x_wconf 89' lang='lat' dir='ltr'>contra</span> <span class='ocrx_word' id='word_1_84' title='bbox 563 668 678 703; x_wconf 87' lang='lat' dir='ltr'>honestatem</span> <span class='ocrx_word' id='word_1_85' title='bbox 689 668 733 702; x_wconf 88' lang='lat' dir='ltr'>cleri</span> <span class='ocrx_word' id='word_1_86' title='bbox 746 668 790 711; x_wconf 87' lang='lat' dir='ltr'>geri,</span> <span class='ocrx_word' id='word_1_87' title='bbox 802 669 825 702; x_wconf 89' lang='lat' dir='ltr'>ad</span> 
     </span>
     <span class='ocr_line' id='line_1_11' title="bbox 95 720 826 765; baseline -0.004 -8"><span class='ocrx_word' id='word_1_88' title='bbox 95 720 282 765; x_wconf 88' lang='lat' dir='ltr'>roarchiepiscopum</span> <span class='ocrx_word' id='word_1_89' title='bbox 298 722 444 757; x_wconf 83' lang='lat' dir='ltr'>cantuariensem</span> <span class='ocrx_word' id='word_1_90' title='bbox 458 721 584 755; x_wconf 88' lang='lat' dir='ltr'>Theobaldum</span> <span class='ocrx_word' id='word_1_91' title='bbox 601 733 622 754; x_wconf 89' lang='lat' dir='ltr'>se</span> <span class='ocrx_word' id='word_1_92' title='bbox 637 720 721 765; x_wconf 88' lang='lat' dir='ltr'>contulit;</span> <span class='ocrx_word' id='word_1_93' title='bbox 745 727 763 754; x_wconf 90' lang='lat' dir='ltr'>et</span> <span class='ocrx_word' id='word_1_94' title='bbox 778 721 826 755; x_wconf 85' lang='lat' dir='ltr'>inter</span> 
     </span>
     <span class='ocr_line' id='line_1_12' title="bbox 122 774 826 821; baseline -0.001 -11"><span class='ocrx_word' id='word_1_95' title='bbox 122 776 193 821; x_wconf 88' lang='lat' dir='ltr'>primos</span> <span class='ocrx_word' id='word_1_96' title='bbox 205 774 244 810; x_wconf 92' lang='lat' dir='ltr'>eius</span> <span class='ocrx_word' id='word_1_97' title='bbox 258 775 356 810; x_wconf 87' lang='lat' dir='ltr'>familiares</span> <span class='ocrx_word' id='word_1_98' title='bbox 367 775 386 810; x_wconf 93' lang='lat' dir='ltr'>in</span> <span class='ocrx_word' id='word_1_99' title='bbox 397 776 448 810; x_wconf 88' lang='lat' dir='ltr'>breui</span> <span class='ocrx_word' id='word_1_100' title='bbox 460 776 556 818; x_wconf 89' lang='lat' dir='ltr'>admissus,</span> <span class='ocrx_word' id='word_1_101' title='bbox 568 776 641 809; x_wconf 92' lang='lat' dir='ltr'>tandem</span> <span class='ocrx_word' id='word_1_102' title='bbox 653 775 785 809; x_wconf 86' lang='lat' dir='ltr'>cantuariensis</span> <span class='ocrx_word' id='word_1_103' title='bbox 796 787 826 809; x_wconf 92' lang='lat' dir='ltr'>ec-</span> 
     </span>
     <span class='ocr_line' id='line_1_13' title="bbox 122 828 825 873; baseline -0.003 -9"><span class='ocrx_word' id='word_1_104' title='bbox 122 829 178 864; x_wconf 88' lang='lat' dir='ltr'>clesie</span> <span class='ocrx_word' id='word_1_105' title='bbox 186 828 324 862; x_wconf 85' lang='lat' dir='ltr'>archidiaconus</span> <span class='ocrx_word' id='word_1_106' title='bbox 332 829 355 863; x_wconf 89' lang='lat' dir='ltr'>ab</span> <span class='ocrx_word' id='word_1_107' title='bbox 363 840 385 863; x_wconf 91' lang='lat' dir='ltr'>eo</span> <span class='ocrx_word' id='word_1_108' title='bbox 393 829 500 863; x_wconf 89' lang='lat' dir='ltr'>constitutus</span> <span class='ocrx_word' id='word_1_109' title='bbox 508 835 540 863; x_wconf 89' lang='lat' dir='ltr'>est.</span> <span class='ocrx_word' id='word_1_110' title='bbox 560 828 671 863; x_wconf 85' lang='lat' dir='ltr'>Procurante</span> <span class='ocrx_word' id='word_1_111' title='bbox 679 839 752 873; x_wconf 89' lang='lat' dir='ltr'>quoque</span> <span class='ocrx_word' id='word_1_112' title='bbox 760 829 825 862; x_wconf 90' lang='lat' dir='ltr'>eodem</span> 
     </span>
     <span class='ocr_line' id='line_1_14' title="bbox 124 874 826 927; baseline -0.003 -10"><span class='ocrx_word' id='word_1_113' title='bbox 124 882 262 926; x_wconf 86' lang='lat' dir='ltr'>archiepiscopo</span> <span class='ocrx_word' id='word_1_114' title='bbox 274 874 393 916; x_wconf 85' lang='lat' dir='ltr'>cancellarius</span> <span class='ocrx_word' id='word_1_115' title='bbox 404 882 453 927; x_wconf 91' lang='lat' dir='ltr'>regis</span> <span class='ocrx_word' id='word_1_116' title='bbox 465 881 540 916; x_wconf 88' lang='lat' dir='ltr'>Henrici</span> <span class='ocrx_word' id='word_1_117' title='bbox 552 882 633 924; x_wconf 84' lang='lat' dir='ltr'>effectus,</span> <span class='ocrx_word' id='word_1_118' title='bbox 644 881 704 926; x_wconf 86' lang='lat' dir='ltr'>regisl</span> <span class='ocrx_word' id='word_1_119' title='bbox 712 882 793 916; x_wconf 83' lang='lat' dir='ltr'>moribus</span> <span class='ocrx_word' id='word_1_120' title='bbox 805 892 826 915; x_wconf 94' lang='lat' dir='ltr'>ac</span> 
     </span>
     <span class='ocr_line' id='line_1_15' title="bbox 125 934 826 978; baseline -0.001 -9"><span class='ocrx_word' id='word_1_121' title='bbox 125 935 221 969; x_wconf 90' lang='lat' dir='ltr'>curialium</span> <span class='ocrx_word' id='word_1_122' title='bbox 235 945 256 967; x_wconf 94' lang='lat' dir='ltr'>se</span> <span class='ocrx_word' id='word_1_123' title='bbox 263 935 385 976; x_wconf 86' lang='lat' dir='ltr'>conformans,</span> <span class='ocrx_word' id='word_1_124' title='bbox 395 945 493 969; x_wconf 87' lang='lat' dir='ltr'>numerosa</span> <span class='ocrx_word' id='word_1_125' title='bbox 504 934 588 968; x_wconf 88' lang='lat' dir='ltr'>clientela</span> <span class='ocrx_word' id='word_1_126' title='bbox 599 936 685 978; x_wconf 87' lang='lat' dir='ltr'>gaudere,</span> <span class='ocrx_word' id='word_1_127' title='bbox 693 934 770 978; x_wconf 88' lang='lat' dir='ltr'>gloriam</span> <span class='ocrx_word' id='word_1_128' title='bbox 782 945 826 977; x_wconf 88' lang='lat' dir='ltr'>que-</span> 
     </span>
     <span class='ocr_line' id='line_1_16' title="bbox 98 986 828 1031; baseline -0.003 -9"><span class='ocrx_word' id='word_1_129' title='bbox 98 1001 116 1031; x_wconf 89' lang='lat'>15</span> <span class='ocrx_word' id='word_1_130' title='bbox 125 998 172 1030; x_wconf 74' lang='lat' dir='ltr'>rere,</span> <span class='ocrx_word' id='word_1_131' title='bbox 179 986 272 1031; x_wconf 89' lang='lat' dir='ltr'>popularis</span> <span class='ocrx_word' id='word_1_132' title='bbox 279 994 323 1021; x_wconf 84' lang='lat' dir='ltr'>aure</span> <span class='ocrx_word' id='word_1_133' title='bbox 329 987 402 1021; x_wconf 88' lang='lat' dir='ltr'>flatibus</span> <span class='ocrx_word' id='word_1_134' title='bbox 408 986 493 1021; x_wconf 88' lang='lat' dir='ltr'>delectari</span> <span class='ocrx_word' id='word_1_135' title='bbox 501 987 575 1021; x_wconf 84' lang='lat' dir='ltr'>solebat.</span> <span class='ocrx_word' id='word_1_136' title='bbox 593 986 640 1020; x_wconf 92' lang='lat' dir='ltr'>Nam</span> <span class='ocrx_word' id='word_1_137' title='bbox 646 991 664 1021; x_wconf 90' lang='lat' dir='ltr'>et</span> <span class='ocrx_word' id='word_1_138' title='bbox 670 986 727 1021; x_wconf 84' lang='lat' dir='ltr'>irenis</span> <span class='ocrx_word' id='word_1_139' title='bbox 735 987 828 1031; x_wconf 80' lang='lat' dir='ltr'>argenteis</span> 
     </span>
     <span class='ocr_line' id='line_1_17' title="bbox 124 1040 828 1085; baseline 0 -10"><span class='ocrx_word' id='word_1_140' title='bbox 124 1046 183 1084; x_wconf 87' lang='lat' dir='ltr'>vlcns,</span> <span class='ocrx_word' id='word_1_141' title='bbox 198 1050 273 1075; x_wconf 90' lang='lat' dir='ltr'>mensas</span> <span class='ocrx_word' id='word_1_142' title='bbox 288 1044 306 1075; x_wconf 90' lang='lat' dir='ltr'>et</span> <span class='ocrx_word' id='word_1_143' title='bbox 321 1051 414 1084; x_wconf 82' lang='lat' dir='ltr'>expensas</span> <span class='ocrx_word' id='word_1_144' title='bbox 429 1040 514 1075; x_wconf 89' lang='lat' dir='ltr'>comitum</span> <span class='ocrx_word' id='word_1_145' title='bbox 529 1041 653 1077; x_wconf 85' lang='lat' dir='ltr'>antecedebat.</span> <span class='ocrx_word' id='word_1_146' title='bbox 681 1041 718 1075; x_wconf 58' lang='grc' dir='ltr'>ΑΗ</span> <span class='ocrx_word' id='word_1_147' title='bbox 731 1040 772 1075; x_wconf 89' lang='lat' dir='ltr'>licet</span> <span class='ocrx_word' id='word_1_148' title='bbox 786 1040 828 1085; x_wconf 74' lang='grc' dir='ltr'>[εἰ]3</span> 
     </span>
     <span class='ocr_line' id='line_1_18' title="bbox 125 1093 828 1139; baseline 0 -11"><span class='ocrx_word' id='word_1_149' title='bbox 125 1096 206 1129; x_wconf 85' lang='lat' dir='ltr'>mundus</span> <span class='ocrx_word' id='word_1_150' title='bbox 216 1094 235 1127; x_wconf 89' lang='lat' dir='ltr'>in</span> <span class='ocrx_word' id='word_1_151' title='bbox 244 1094 329 1128; x_wconf 90' lang='lat' dir='ltr'>omnibus</span> <span class='ocrx_word' id='word_1_152' title='bbox 338 1094 433 1128; x_wconf 89' lang='lat' dir='ltr'>lenociniis</span> <span class='ocrx_word' id='word_1_153' title='bbox 444 1094 481 1129; x_wconf 92' lang='lat' dir='ltr'>suis</span> <span class='ocrx_word' id='word_1_154' title='bbox 493 1093 562 1129; x_wconf 87' lang='lat' dir='ltr'>adulari</span> <span class='ocrx_word' id='word_1_155' title='bbox 570 1098 588 1129; x_wconf 87' lang='lat' dir='ltr'>et</span> <span class='ocrx_word' id='word_1_156' title='bbox 596 1094 707 1139; x_wconf 88' lang='lat' dir='ltr'>applaudere</span> <span class='ocrx_word' id='word_1_157' title='bbox 714 1093 828 1135; x_wconf 81' lang='lat' dir='ltr'>uidebatur⁴,</span> 
     </span>
     <span class='ocr_line' id='line_1_19' title="bbox 125 1147 828 1190; baseline -0.003 -8"><span class='ocrx_word' id='word_1_158' title='bbox 125 1153 192 1190; x_wconf 86' lang='lat' dir='ltr'>tamen,</span> <span class='ocrx_word' id='word_1_159' title='bbox 197 1148 246 1190; x_wconf 89' lang='lat' dir='ltr'>quod</span> <span class='ocrx_word' id='word_1_160' title='bbox 251 1147 310 1181; x_wconf 90' lang='lat' dir='ltr'>rarius</span> <span class='ocrx_word' id='word_1_161' title='bbox 318 1147 401 1181; x_wconf 88' lang='lat' dir='ltr'>accidere</span> <span class='ocrx_word' id='word_1_162' title='bbox 409 1148 461 1190; x_wconf 85' lang='lat' dir='ltr'>solet,</span> <span class='ocrx_word' id='word_1_163' title='bbox 467 1148 486 1181; x_wconf 91' lang='lat' dir='ltr'>in</span> <span class='ocrx_word' id='word_1_164' title='bbox 494 1148 585 1181; x_wconf 87' lang='lat' dir='ltr'>affluentia</span> <span class='ocrx_word' id='word_1_165' title='bbox 592 1159 654 1181; x_wconf 90' lang='lat' dir='ltr'>rerum</span> <span class='ocrx_word' id='word_1_166' title='bbox 662 1147 756 1181; x_wconf 86' lang='lat' dir='ltr'>mirandus</span> <span class='ocrx_word' id='word_1_167' title='bbox 764 1152 782 1180; x_wconf 90' lang='lat' dir='ltr'>et</span> <span class='ocrx_word' id='word_1_168' title='bbox 789 1147 828 1180; x_wconf 92' lang='lat' dir='ltr'>imi·</span> 
     </span>
     <span class='ocr_line' id='line_1_20' title="bbox 125 1192 829 1243; baseline -0.003 -9"><span class='ocrx_word' id='word_1_169' title='bbox 125 1202 192 1235; x_wconf 89' lang='lat' dir='ltr'>tandus</span> <span class='ocrx_word' id='word_1_170' title='bbox 200 1204 239 1233; x_wconf 91' lang='lat' dir='ltr'>erat</span> <span class='ocrx_word' id='word_1_171' title='bbox 247 1200 331 1243; x_wconf 88' lang='lat' dir='ltr'>corporis</span> <span class='ocrx_word' id='word_1_172' title='bbox 339 1199 427 1234; x_wconf 84' lang='lat' dir='ltr'>castitate.</span> <span class='ocrx_word' id='word_1_173' title='bbox 462 1192 508 1234; x_wconf 84' lang='lat' dir='ltr'>Erat</span> <span class='ocrx_word' id='word_1_174' title='bbox 516 1205 576 1234; x_wconf 86' lang='lat' dir='ltr'>autem</span> <span class='ocrx_word' id='word_1_175' title='bbox 584 1199 603 1233; x_wconf 92' lang='lat' dir='ltr'>in</span> <span class='ocrx_word' id='word_1_176' title='bbox 610 1200 653 1234; x_wconf 91' lang='lat' dir='ltr'>villa</span> <span class='ocrx_word' id='word_1_177' title='bbox 659 1200 755 1234; x_wconf 87' lang='lat' dir='ltr'>Staffordie</span> <span class='ocrx_word' id='word_1_178' title='bbox 764 1200 829 1234; x_wconf 90' lang='lat' dir='ltr'>mulier</span> 
     </span>
     <span class='ocr_line' id='line_1_21' title="bbox 98 1253 829 1297; baseline -0.003 -9"><span class='ocrx_word' id='word_1_179' title='bbox 98 1268 117 1288; x_wconf 60' lang='grc' dir='ltr'>πο</span> <span class='ocrx_word' id='word_1_180' title='bbox 125 1253 268 1297; x_wconf 87' lang='lat' dir='ltr'>pulchravalde,</span> <span class='ocrx_word' id='word_1_181' title='bbox 276 1253 299 1286; x_wconf 90' lang='lat' dir='ltr'>ad</span> <span class='ocrx_word' id='word_1_182' title='bbox 307 1264 364 1296; x_wconf 81' lang='lat' dir='ltr'>quarn</span> <span class='ocrx_word' id='word_1_183' title='bbox 371 1264 405 1286; x_wconf 82' lang='lat' dir='ltr'>rex</span> <span class='ocrx_word' id='word_1_184' title='bbox 414 1254 564 1287; x_wconf 88' lang='lat' dir='ltr'>consuetudinem</span> <span class='ocrx_word' id='word_1_185' title='bbox 572 1254 659 1287; x_wconf 90' lang='lat' dir='ltr'>habuisse</span> <span class='ocrx_word' id='word_1_186' title='bbox 668 1253 766 1287; x_wconf 89' lang='lat' dir='ltr'>dicebatur.</span> <span class='ocrx_word' id='word_1_187' title='bbox 783 1253 829 1287; x_wconf 89' lang='lat' dir='ltr'>Cum</span> 
     </span>
     <span class='ocr_line' id='line_1_22' title="bbox 126 1305 830 1350; baseline -0.001 -10"><span class='ocrx_word' id='word_1_188' title='bbox 126 1317 162 1350; x_wconf 91' lang='lat' dir='ltr'>qua</span> <span class='ocrx_word' id='word_1_189' title='bbox 169 1306 251 1341; x_wconf 82' lang='lat' dir='ltr'>Thomas</span> <span class='ocrx_word' id='word_1_190' title='bbox 259 1305 356 1350; x_wconf 88' lang='lat' dir='ltr'>aliquando</span> <span class='ocrx_word' id='word_1_191' title='bbox 366 1305 468 1350; x_wconf 88' lang='lat' dir='ltr'>hospitatus</span> <span class='ocrx_word' id='word_1_192' title='bbox 475 1318 479 1348; x_wconf 73' lang='grc' dir='ltr'>ς</span> <span class='ocrx_word' id='word_1_193' title='bbox 490 1308 599 1350; x_wconf 90' lang='lat' dir='ltr'>intempeste</span> <span class='ocrx_word' id='word_1_194' title='bbox 607 1307 666 1341; x_wconf 91' lang='lat' dir='ltr'>noctis</span> <span class='ocrx_word' id='word_1_195' title='bbox 677 1306 749 1341; x_wconf 89' lang='lat' dir='ltr'>silentio</span> <span class='ocrx_word' id='word_1_196' title='bbox 757 1311 830 1349; x_wconf 92' lang='lat' dir='ltr'>sumpta</span> 
     </span>
     <span class='ocr_line' id='line_1_23' title="bbox 126 1359 829 1403; baseline -0.003 -9"><span class='ocrx_word' id='word_1_197' title='bbox 126 1360 202 1394; x_wconf 86' lang='lat' dir='ltr'>lucerna</span> <span class='ocrx_word' id='word_1_198' title='bbox 212 1360 259 1393; x_wconf 89' lang='lat' dir='ltr'>clam</span> <span class='ocrx_word' id='word_1_199' title='bbox 270 1360 293 1393; x_wconf 92' lang='lat' dir='ltr'>ad</span> <span class='ocrx_word' id='word_1_200' title='bbox 301 1359 379 1403; x_wconf 90' lang='lat' dir='ltr'>hospitis</span> <span class='ocrx_word' id='word_1_201' title='bbox 390 1359 418 1393; x_wconf 90' lang='lat' dir='ltr'>sui</span> <span class='ocrx_word' id='word_1_202' title='bbox 428 1359 529 1393; x_wconf 90' lang='lat' dir='ltr'>cubiculum</span> <span class='ocrx_word' id='word_1_203' title='bbox 540 1360 622 1402; x_wconf 83' lang='lat' dir='ltr'>ingressa</span> <span class='ocrx_word' id='word_1_204' title='bbox 633 1365 671 1394; x_wconf 89' lang='lat' dir='ltr'>est:</span> <span class='ocrx_word' id='word_1_205' title='bbox 684 1360 707 1393; x_wconf 90' lang='lat' dir='ltr'>Et</span> <span class='ocrx_word' id='word_1_206' title='bbox 715 1359 779 1394; x_wconf 89' lang='lat' dir='ltr'>videns</span> <span class='ocrx_word' id='word_1_207' title='bbox 788 1370 829 1393; x_wconf 89' lang='lat' dir='ltr'>eum</span> 
     </span>
     <span class='ocr_line' id='line_1_24' title="bbox 127 1412 830 1455; baseline -0.003 -10"><span class='ocrx_word' id='word_1_208' title='bbox 127 1417 169 1446; x_wconf 85' lang='lat' dir='ltr'>ante</span> <span class='ocrx_word' id='word_1_209' title='bbox 181 1414 249 1445; x_wconf 89' lang='lat' dir='ltr'>lectum</span> <span class='ocrx_word' id='word_1_210' title='bbox 263 1412 415 1454; x_wconf 85' lang='lat' dir='ltr'>procumbentem</span> <span class='ocrx_word' id='word_1_211' title='bbox 428 1413 522 1453; x_wconf 90' lang='lat' dir='ltr'>pedesque</span> <span class='ocrx_word' id='word_1_212' title='bbox 535 1418 553 1443; x_wconf 91' lang='lat' dir='ltr'>et</span> <span class='ocrx_word' id='word_1_213' title='bbox 566 1412 618 1444; x_wconf 85' lang='lat' dir='ltr'>tibias</span> <span class='ocrx_word' id='word_1_214' title='bbox 630 1413 830 1455; x_wconf 87' lang='lat' dir='ltr'>discoopertum-nam</span> 
     </span>
     <span class='ocr_line' id='line_1_25' title="bbox 127 1462 831 1508; baseline -0.001 -9"><span class='ocrx_word' id='word_1_215' title='bbox 127 1468 170 1507; x_wconf 89' lang='lat' dir='ltr'>post</span> <span class='ocrx_word' id='word_1_216' title='bbox 179 1462 323 1507; x_wconf 84' lang='lat' dir='ltr'>geniculationes</span> <span class='ocrx_word' id='word_1_217' title='bbox 334 1464 398 1507; x_wconf 90' lang='lat' dir='ltr'>lapsus</span> <span class='ocrx_word' id='word_1_218' title='bbox 408 1463 467 1497; x_wconf 90' lang='lat' dir='ltr'>suerat</span> <span class='ocrx_word' id='word_1_219' title='bbox 477 1464 496 1496; x_wconf 94' lang='lat' dir='ltr'>in</span> <span class='ocrx_word' id='word_1_220' title='bbox 506 1464 701 1508; x_wconf 89' lang='lat' dir='ltr'>sompnum—attonita</span> <span class='ocrx_word' id='word_1_221' title='bbox 708 1464 762 1498; x_wconf 89' lang='lat' dir='ltr'>rediit</span> <span class='ocrx_word' id='word_1_222' title='bbox 770 1464 831 1498; x_wconf 85' lang='lat' dir='ltr'>statim</span> 
     </span>
     <span class='ocr_line' id='line_1_26' title="bbox 101 1516 830 1561; baseline -0.003 -9"><span class='ocrx_word' id='word_1_223' title='bbox 101 1529 119 1559; x_wconf 80' lang='lat'>²⁵</span> <span class='ocrx_word' id='word_1_224' title='bbox 128 1522 146 1551; x_wconf 91' lang='lat' dir='ltr'>et</span> <span class='ocrx_word' id='word_1_225' title='bbox 161 1516 246 1559; x_wconf 79' lang='lat' dir='ltr'>confusa3</span> <span class='ocrx_word' id='word_1_226' title='bbox 266 1522 284 1550; x_wconf 86' lang='lat' dir='ltr'>ct</span> <span class='ocrx_word' id='word_1_227' title='bbox 298 1516 385 1550; x_wconf 89' lang='lat' dir='ltr'>inuentus</span> <span class='ocrx_word' id='word_1_228' title='bbox 401 1522 429 1550; x_wconf 93' lang='lat' dir='ltr'>est</span> <span class='ocrx_word' id='word_1_229' title='bbox 449 1517 544 1559; x_wconf 84' lang='lat' dir='ltr'>religiosus</span> <span class='ocrx_word' id='word_1_230' title='bbox 561 1518 592 1561; x_wconf 91' lang='lat' dir='ltr'>qui</span> <span class='ocrx_word' id='word_1_231' title='bbox 610 1517 714 1552; x_wconf 83' lang='lat' dir='ltr'>luxuriosus</span> <span class='ocrx_word' id='word_1_232' title='bbox 729 1517 830 1561; x_wconf 88' lang='lat' dir='ltr'>putabatur.</span> 
     </span>
     <span class='ocr_line' id='line_1_27' title="bbox 130 1564 831 1614; baseline -0.001 -9"><span class='ocrx_word' id='word_1_233' title='bbox 130 1564 226 1605; x_wconf 88' lang='lat' dir='ltr'>Defuncto</span> <span class='ocrx_word' id='word_1_234' title='bbox 241 1571 316 1603; x_wconf 88' lang='lat' dir='ltr'>tandem</span> <span class='ocrx_word' id='word_1_235' title='bbox 331 1570 438 1604; x_wconf 89' lang='lat' dir='ltr'>Theobaldo</span> <span class='ocrx_word' id='word_1_236' title='bbox 452 1570 595 1614; x_wconf 89' lang='lat' dir='ltr'>archiepiscopo,</span> <span class='ocrx_word' id='word_1_237' title='bbox 610 1570 691 1605; x_wconf 86' lang='lat' dir='ltr'>Thomas</span> <span class='ocrx_word' id='word_1_238' title='bbox 708 1569 831 1612; x_wconf 87' lang='lat' dir='ltr'>cancellarius,</span> 
     </span>
     <span class='ocr_line' id='line_1_28' title="bbox 129 1622 832 1668; baseline -0.001 -10"><span class='ocrx_word' id='word_1_239' title='bbox 129 1628 239 1668; x_wconf 85' lang='lat' dir='ltr'>procurante</span> <span class='ocrx_word' id='word_1_240' title='bbox 251 1622 358 1667; x_wconf 65' lang='lat' dir='ltr'>potissime5</span> <span class='ocrx_word' id='word_1_241' title='bbox 369 1634 413 1666; x_wconf 88' lang='lat' dir='ltr'>rege</span> <span class='ocrx_word' id='word_1_242' title='bbox 426 1623 512 1664; x_wconf 85' lang='lat' dir='ltr'>Henrico,</span> <span class='ocrx_word' id='word_1_243' title='bbox 523 1623 541 1657; x_wconf 92' lang='lat' dir='ltr'>in</span> <span class='ocrx_word' id='word_1_244' title='bbox 553 1623 712 1668; x_wconf 86' lang='lat' dir='ltr'>archiepiscopum</span> <span class='ocrx_word' id='word_1_245' title='bbox 723 1624 792 1658; x_wconf 88' lang='lat' dir='ltr'>electus</span> <span class='ocrx_word' id='word_1_246' title='bbox 804 1628 832 1657; x_wconf 81' lang='lat' dir='ltr'>est</span> 
     </span>
     <span class='ocr_line' id='line_1_29' title="bbox 130 1675 832 1717; baseline 0 -7"><span class='ocrx_word' id='word_1_247' title='bbox 130 1683 148 1710; x_wconf 92' lang='lat' dir='ltr'>et</span> <span class='ocrx_word' id='word_1_248' title='bbox 163 1681 286 1710; x_wconf 87' lang='lat' dir='ltr'>consecratus.</span> <span class='ocrx_word' id='word_1_249' title='bbox 313 1675 350 1716; x_wconf 81' lang='lat' dir='ltr'>Qui</span> <span class='ocrx_word' id='word_1_250' title='bbox 368 1676 429 1709; x_wconf 86' lang='lat' dir='ltr'>statim</span> <span class='ocrx_word' id='word_1_251' title='bbox 443 1676 525 1709; x_wconf 80' lang='lat' dir='ltr'>veterem</span> <span class='ocrx_word' id='word_1_252' title='bbox 542 1675 592 1709; x_wconf 83' lang='lat' dir='ltr'>exuit</span> <span class='ocrx_word' id='word_1_253' title='bbox 607 1676 706 1717; x_wconf 87' lang='lat' dir='ltr'>hominem,</span> <span class='ocrx_word' id='word_1_254' title='bbox 721 1676 799 1710; x_wconf 87' lang='lat' dir='ltr'>cilicium</span> <span class='ocrx_word' id='word_1_255' title='bbox 815 1681 832 1710; x_wconf 88' lang='lat' dir='ltr'>et</span> 
     </span>
     <span class='ocr_line' id='line_1_30' title="bbox 130 1727 833 1771; baseline -0.001 -9"><span class='ocrx_word' id='word_1_256' title='bbox 130 1729 240 1762; x_wconf 91' lang='lat' dir='ltr'>monachum</span> <span class='ocrx_word' id='word_1_257' title='bbox 253 1728 301 1761; x_wconf 84' lang='lat' dir='ltr'>clam</span> <span class='ocrx_word' id='word_1_258' title='bbox 309 1728 372 1769; x_wconf 89' lang='lat' dir='ltr'>induit,</span> <span class='ocrx_word' id='word_1_259' title='bbox 381 1729 466 1761; x_wconf 87' lang='lat' dir='ltr'>‘carnem</span> <span class='ocrx_word' id='word_1_260' title='bbox 479 1727 587 1771; x_wconf 85' lang='lat' dir='ltr'>crucifigens</span> <span class='ocrx_word' id='word_1_261' title='bbox 599 1738 641 1762; x_wconf 90' lang='lat' dir='ltr'>cum</span> <span class='ocrx_word' id='word_1_262' title='bbox 652 1727 699 1762; x_wconf 88' lang='lat' dir='ltr'>vitiis</span> <span class='ocrx_word' id='word_1_263' title='bbox 708 1734 726 1762; x_wconf 91' lang='lat' dir='ltr'>et</span> <span class='ocrx_word' id='word_1_264' title='bbox 738 1728 833 1771; x_wconf 89' lang='lat' dir='ltr'>concupis·</span> 
     </span>
     <span class='ocr_line' id='line_1_31' title="bbox 102 1780 833 1824; baseline -0.004 -7"><span class='ocrx_word' id='word_1_265' title='bbox 102 1782 194 1824; x_wconf 65' lang='lat' dir='ltr'>gocentiis</span> <span class='ocrx_word' id='word_1_266' title='bbox 209 1781 261 1815; x_wconf 87' lang='lat' dir='ltr'>suis&#39;.</span> <span class='ocrx_word' id='word_1_267' title='bbox 284 1782 300 1815; x_wconf 82' lang='lat' dir='ltr'><strong>A</strong></span> <span class='ocrx_word' id='word_1_268' title='bbox 314 1782 393 1824; x_wconf 89' lang='lat' dir='ltr'>quodam</span> <span class='ocrx_word' id='word_1_269' title='bbox 408 1791 488 1824; x_wconf 89' lang='lat' dir='ltr'>namque</span> <span class='ocrx_word' id='word_1_270' title='bbox 499 1780 581 1814; x_wconf 89' lang='lat' dir='ltr'>cenobita</span> <span class='ocrx_word' id='word_1_271' title='bbox 595 1780 740 1824; x_wconf 86' lang='lat' dir='ltr'>cantuar[iensis]</span> <span class='ocrx_word' id='word_1_272' title='bbox 756 1781 833 1815; x_wconf 88' lang='lat' dir='ltr'>ecclesie</span> 
     </span>
     <span class='ocr_line' id='line_1_32' title="bbox 129 1833 833 1878; baseline 0 -10"><span class='ocrx_word' id='word_1_273' title='bbox 129 1835 211 1870; x_wconf 87' lang='lat' dir='ltr'>habitum</span> <span class='ocrx_word' id='word_1_274' title='bbox 227 1839 323 1878; x_wconf 89' lang='lat' dir='ltr'>acceperat</span> <span class='ocrx_word' id='word_1_275' title='bbox 337 1833 474 1875; x_wconf 64' lang='lat' dir='ltr'>monachalem</span> <span class='ocrx_word' id='word_1_276' title='bbox 493 1833 521 1867; x_wconf 91' lang='lat' dir='ltr'>cui</span> <span class='ocrx_word' id='word_1_277' title='bbox 534 1833 619 1867; x_wconf 92' lang='lat' dir='ltr'>dominus</span> <span class='ocrx_word' id='word_1_278' title='bbox 632 1833 651 1867; x_wconf 91' lang='lat' dir='ltr'>in</span> <span class='ocrx_word' id='word_1_279' title='bbox 665 1833 735 1868; x_wconf 89' lang='lat' dir='ltr'>visione</span> <span class='ocrx_word' id='word_1_280' title='bbox 748 1834 833 1878; x_wconf 90' lang='lat' dir='ltr'>loquutus</span> 
     </span>
     <span class='ocr_line' id='line_1_33' title="bbox 129 1886 833 1932; baseline -0.001 -9"><span class='ocrx_word' id='word_1_281' title='bbox 129 1888 188 1923; x_wconf 88' lang='lat' dir='ltr'>fuerat</span> <span class='ocrx_word' id='word_1_282' title='bbox 200 1888 249 1931; x_wconf 92' lang='lat' dir='ltr'>quod</span> <span class='ocrx_word' id='word_1_283' title='bbox 262 1887 278 1921; x_wconf 93' lang='lat' dir='ltr'>si</span> <span class='ocrx_word' id='word_1_284' title='bbox 293 1887 404 1921; x_wconf 87' lang='lat' dir='ltr'>monachum</span> <span class='ocrx_word' id='word_1_285' title='bbox 419 1886 508 1928; x_wconf 91' lang='lat' dir='ltr'>indueret,</span> <span class='ocrx_word' id='word_1_286' title='bbox 520 1887 574 1921; x_wconf 89' lang='lat' dir='ltr'>deum</span> <span class='ocrx_word' id='word_1_287' title='bbox 585 1886 604 1921; x_wconf 91' lang='lat' dir='ltr'>in</span> <span class='ocrx_word' id='word_1_288' title='bbox 615 1887 693 1932; x_wconf 87' lang='lat' dir='ltr'>negotiis</span> <span class='ocrx_word' id='word_1_289' title='bbox 704 1888 804 1932; x_wconf 87' lang='lat' dir='ltr'>propitium</span> <span class='ocrx_word' id='word_1_290' title='bbox 816 1893 833 1922; x_wconf 89' lang='lat' dir='ltr'>et</span> 
     </span>
     <span class='ocr_line' id='line_1_34' title="bbox 130 1940 834 1982; baseline -0.003 -7"><span class='ocrx_word' id='word_1_291' title='bbox 130 1942 252 1976; x_wconf 88' lang='lat' dir='ltr'>coadiutorem</span> <span class='ocrx_word' id='word_1_292' title='bbox 268 1945 375 1974; x_wconf 88' lang='lat' dir='ltr'>mereretur.</span> <span class='ocrx_word' id='word_1_293' title='bbox 399 1940 484 1981; x_wconf 81' lang='lat' dir='ltr'>Quotidie</span> <span class='ocrx_word' id='word_1_294' title='bbox 497 1940 545 1973; x_wconf 90' lang='lat' dir='ltr'>enim</span> <span class='ocrx_word' id='word_1_295' title='bbox 561 1946 603 1982; x_wconf 89' lang='lat' dir='ltr'>post</span> <span class='ocrx_word' id='word_1_296' title='bbox 617 1940 715 1973; x_wconf 87' lang='lat' dir='ltr'>matutinas</span> <span class='ocrx_word' id='word_1_297' title='bbox 730 1942 834 1974; x_wconf 89' lang='lat' dir='ltr'>decantatas</span> 
     </span>
     <span class='ocr_line' id='line_1_35' title="bbox 130 1990 835 2037; baseline 0.001 -11"><span class='ocrx_word' id='word_1_298' title='bbox 130 1993 164 2027; x_wconf 86' lang='lat' dir='ltr'>sub</span> <span class='ocrx_word' id='word_1_299' title='bbox 174 1991 265 2037; x_wconf 83' lang='lat' dir='ltr'>profunda</span> <span class='ocrx_word' id='word_1_300' title='bbox 276 1997 329 2025; x_wconf 88' lang='lat' dir='ltr'>nocte</span> <span class='ocrx_word' id='word_1_301' title='bbox 340 1990 501 2026; x_wconf 89' lang='lat' dir='ltr'>introducebantur</span> <span class='ocrx_word' id='word_1_302' title='bbox 512 2001 602 2035; x_wconf 87' lang='lat' dir='ltr'>pauperes</span> <span class='ocrx_word' id='word_1_303' title='bbox 613 1992 715 2034; x_wconf 86' lang='lat' dir='ltr'>tresdecim,</span> <span class='ocrx_word' id='word_1_304' title='bbox 723 1991 789 2036; x_wconf 88' lang='lat' dir='ltr'>quibus</span> <span class='ocrx_word' id='word_1_305' title='bbox 797 1992 835 2027; x_wconf 90' lang='lat' dir='ltr'>dis-</span> 
     </span>
     <span class='ocr_line' id='line_1_36' title="bbox 103 2044 834 2092; baseline -0.001 -10"><span class='ocrx_word' id='word_1_306' title='bbox 103 2061 111 2091; x_wconf 74' lang='lat'><strong>3</strong></span> <span class='ocrx_word' id='word_1_307' title='bbox 114 2062 122 2092; x_wconf 86' lang='lat'><strong>5</strong></span> <span class='ocrx_word' id='word_1_308' title='bbox 131 2045 258 2082; x_wconf 91' lang='lat' dir='ltr'>cumbentibus</span> <span class='ocrx_word' id='word_1_309' title='bbox 266 2045 306 2089; x_wconf 87' lang='lat' dir='ltr'>ipse</span> <span class='ocrx_word' id='word_1_310' title='bbox 314 2046 433 2089; x_wconf 86' lang='lat' dir='ltr'>ministrabat,</span> <span class='ocrx_word' id='word_1_311' title='bbox 441 2050 459 2079; x_wconf 93' lang='lat' dir='ltr'>et</span> <span class='ocrx_word' id='word_1_312' title='bbox 467 2049 563 2088; x_wconf 89' lang='lat' dir='ltr'>argenteos</span> <span class='ocrx_word' id='word_1_313' title='bbox 571 2049 647 2089; x_wconf 90' lang='lat' dir='ltr'>quatuor</span> <span class='ocrx_word' id='word_1_314' title='bbox 655 2044 731 2090; x_wconf 87' lang='lat' dir='ltr'>singulis</span> <span class='ocrx_word' id='word_1_315' title='bbox 739 2045 834 2081; x_wconf 89' lang='lat' dir='ltr'>distribuit.</span> 
     </span>
     <span class='ocr_line' id='line_1_37' title="bbox 132 2098 834 2144; baseline 0 -11"><span class='ocrx_word' id='word_1_316' title='bbox 132 2099 323 2143; x_wconf 85' lang='lat' dir='ltr'>Egredientibusvero</span> <span class='ocrx_word' id='word_1_317' title='bbox 329 2099 364 2133; x_wconf 88' lang='lat' dir='ltr'>illis</span> <span class='ocrx_word' id='word_1_318' title='bbox 371 2098 468 2133; x_wconf 86' lang='lat' dir='ltr'>introducti</span> <span class='ocrx_word' id='word_1_319' title='bbox 474 2102 517 2132; x_wconf 87' lang='lat' dir='ltr'>sunt</span> <span class='ocrx_word' id='word_1_320' title='bbox 521 2098 623 2141; x_wconf 87' lang='lat' dir='ltr'>duodecim,</span> <span class='ocrx_word' id='word_1_321' title='bbox 628 2098 694 2142; x_wconf 86' lang='lat' dir='ltr'>quibus</span> <span class='ocrx_word' id='word_1_322' title='bbox 699 2098 755 2133; x_wconf 87' lang='lat' dir='ltr'>frater</span> <span class='ocrx_word' id='word_1_323' title='bbox 761 2100 834 2144; x_wconf 88' lang='lat' dir='ltr'>quidam</span> 
     </span>
     <span class='ocr_line' id='line_1_38' title="bbox 131 2150 835 2196; baseline 0.001 -10"><span class='ocrx_word' id='word_1_324' title='bbox 131 2153 189 2196; x_wconf 87' lang='lat' dir='ltr'>pedes</span> <span class='ocrx_word' id='word_1_325' title='bbox 197 2151 261 2186; x_wconf 88' lang='lat' dir='ltr'>lauans</span> <span class='ocrx_word' id='word_1_326' title='bbox 269 2151 388 2194; x_wconf 86' lang='lat' dir='ltr'>ministrabat,</span> <span class='ocrx_word' id='word_1_327' title='bbox 395 2152 435 2186; x_wconf 89' lang='lat' dir='ltr'>sine</span> <span class='ocrx_word' id='word_1_328' title='bbox 443 2150 535 2195; x_wconf 89' lang='lat' dir='ltr'>argenteis</span> <span class='ocrx_word' id='word_1_329' title='bbox 541 2150 620 2194; x_wconf 87' lang='lat' dir='ltr'>quidem,</span> <span class='ocrx_word' id='word_1_330' title='bbox 626 2152 658 2185; x_wconf 88' lang='lat' dir='ltr'>sed</span> <span class='ocrx_word' id='word_1_331' title='bbox 667 2152 685 2186; x_wconf 92' lang='lat' dir='ltr'>in</span> <span class='ocrx_word' id='word_1_332' title='bbox 692 2151 736 2186; x_wconf 89' lang='lat' dir='ltr'>cibis</span> <span class='ocrx_word' id='word_1_333' title='bbox 744 2153 835 2187; x_wconf 90' lang='lat' dir='ltr'>habunde.</span> 
     </span>
     <span class='ocr_line' id='line_1_39' title="bbox 131 2203 836 2248; baseline 0.003 -11"><span class='ocrx_word' id='word_1_334' title='bbox 131 2204 198 2238; x_wconf 85' lang='lat' dir='ltr'>Tercio</span> <span class='ocrx_word' id='word_1_335' title='bbox 209 2215 253 2237; x_wconf 92' lang='lat' dir='ltr'>vero</span> <span class='ocrx_word' id='word_1_336' title='bbox 265 2205 354 2246; x_wconf 87' lang='lat' dir='ltr'>conuiuio,</span> <span class='ocrx_word' id='word_1_337' title='bbox 366 2205 414 2238; x_wconf 88' lang='lat' dir='ltr'>circa</span> <span class='ocrx_word' id='word_1_338' title='bbox 426 2205 490 2237; x_wconf 87' lang='lat' dir='ltr'>horam</span> <span class='ocrx_word' id='word_1_339' title='bbox 502 2203 538 2237; x_wconf 88' lang='lat' dir='ltr'>diei</span> <span class='ocrx_word' id='word_1_340' title='bbox 549 2203 627 2245; x_wconf 87' lang='lat' dir='ltr'>tertiam,</span> <span class='ocrx_word' id='word_1_341' title='bbox 639 2209 712 2238; x_wconf 88' lang='lat' dir='ltr'>centum</span> <span class='ocrx_word' id='word_1_342' title='bbox 723 2204 836 2248; x_wconf 91' lang='lat' dir='ltr'>pauperibus</span> 
     </span>
     <span class='ocr_line' id='line_1_40' title="bbox 132 2256 836 2301; baseline 0.001 -11"><span class='ocrx_word' id='word_1_343' title='bbox 132 2257 260 2291; x_wconf 87' lang='lat' dir='ltr'>ministrabant</span> <span class='ocrx_word' id='word_1_344' title='bbox 266 2256 350 2291; x_wconf 88' lang='lat' dir='ltr'>victualia</span> <span class='ocrx_word' id='word_1_345' title='bbox 358 2258 394 2291; x_wconf 93' lang='lat' dir='ltr'>duo</span> <span class='ocrx_word' id='word_1_346' title='bbox 402 2257 472 2290; x_wconf 80' lang='lat' dir='ltr'>iratres.</span> <span class='ocrx_word' id='word_1_347' title='bbox 495 2256 513 2289; x_wconf 88' lang='grc' dir='ltr'><strong>Α</strong></span> <span class='ocrx_word' id='word_1_348' title='bbox 521 2266 575 2290; x_wconf 89' lang='lat' dir='ltr'>mane</span> <span class='ocrx_word' id='word_1_349' title='bbox 584 2267 656 2301; x_wconf 89' lang='lat' dir='ltr'>quoque</span> <span class='ocrx_word' id='word_1_350' title='bbox 663 2267 722 2301; x_wconf 88' lang='lat' dir='ltr'>vsque</span> <span class='ocrx_word' id='word_1_351' title='bbox 731 2258 754 2291; x_wconf 93' lang='lat' dir='ltr'>ad</span> <span class='ocrx_word' id='word_1_352' title='bbox 764 2257 836 2291; x_wconf 87' lang='lat' dir='ltr'>tertiam</span> 
     </span>
     <span class='ocr_line' id='line_1_41' title="bbox 105 2308 836 2354; baseline 0 -9"><span class='ocrx_word' id='word_1_353' title='bbox 105 2323 125 2354; x_wconf 77' lang='lat'>40</span> <span class='ocrx_word' id='word_1_354' title='bbox 133 2310 184 2345; x_wconf 88' lang='lat' dir='ltr'>solus</span> <span class='ocrx_word' id='word_1_355' title='bbox 191 2308 274 2354; x_wconf 77' lang='lat' dir='ltr'>pontifex</span> <span class='ocrx_word' id='word_1_356' title='bbox 282 2309 301 2342; x_wconf 89' lang='lat' dir='ltr'>in</span> <span class='ocrx_word' id='word_1_357' title='bbox 309 2310 390 2344; x_wconf 89' lang='lat' dir='ltr'>conclaui</span> <span class='ocrx_word' id='word_1_358' title='bbox 401 2321 434 2343; x_wconf 91' lang='lat' dir='ltr'>suo</span> <span class='ocrx_word' id='word_1_359' title='bbox 444 2310 551 2343; x_wconf 87' lang='lat' dir='ltr'>remanebat</span> <span class='ocrx_word' id='word_1_360' title='bbox 562 2308 647 2353; x_wconf 89' lang='lat' dir='ltr'>inclusus,</span> <span class='ocrx_word' id='word_1_361' title='bbox 655 2311 678 2344; x_wconf 89' lang='lat' dir='ltr'>ad</span> <span class='ocrx_word' id='word_1_362' title='bbox 686 2321 741 2354; x_wconf 91' lang='lat' dir='ltr'>quem</span> <span class='ocrx_word' id='word_1_363' title='bbox 753 2311 802 2345; x_wconf 91' lang='lat' dir='ltr'>nulla</span> <span class='ocrx_word' id='word_1_364' title='bbox 812 2322 836 2346; x_wconf 83' lang='lat' dir='ltr'>ex</span> 
     </span>
     <span class='ocr_line' id='line_1_42' title="bbox 133 2362 836 2408; baseline -0.001 -9"><span class='ocrx_word' id='word_1_365' title='bbox 133 2374 188 2399; x_wconf 89' lang='lat' dir='ltr'>causa</span> <span class='ocrx_word' id='word_1_366' title='bbox 201 2362 249 2397; x_wconf 92' lang='lat' dir='ltr'>vllus</span> <span class='ocrx_word' id='word_1_367' title='bbox 262 2368 301 2397; x_wconf 86' lang='lat' dir='ltr'>erat</span> <span class='ocrx_word' id='word_1_368' title='bbox 315 2374 405 2398; x_wconf 87' lang='lat' dir='ltr'>accessus.</span> <span class='ocrx_word' id='word_1_369' title='bbox 433 2362 512 2397; x_wconf 87' lang='lat' dir='ltr'>Cedulas</span> <span class='ocrx_word' id='word_1_370' title='bbox 524 2364 573 2396; x_wconf 90' lang='lat' dir='ltr'>enim</span> <span class='ocrx_word' id='word_1_371' title='bbox 587 2363 662 2397; x_wconf 89' lang='lat' dir='ltr'>manicis</span> <span class='ocrx_word' id='word_1_372' title='bbox 675 2363 714 2398; x_wconf 91' lang='lat' dir='ltr'>suis</span> <span class='ocrx_word' id='word_1_373' title='bbox 728 2365 836 2408; x_wconf 86' lang='lat' dir='ltr'>complicare</span> 
     </span>
     <span class='ocr_line' id='line_1_43' title="bbox 133 2415 837 2462; baseline -0.001 -9"><span class='ocrx_word' id='word_1_374' title='bbox 133 2420 254 2453; x_wconf 89' lang='lat' dir='ltr'>consueuerat</span> <span class='ocrx_word' id='word_1_375' title='bbox 270 2415 390 2451; x_wconf 89' lang='lat' dir='ltr'>edificationis</span> <span class='ocrx_word' id='word_1_376' title='bbox 405 2416 473 2461; x_wconf 90' lang='lat' dir='ltr'>aliquid</span> <span class='ocrx_word' id='word_1_377' title='bbox 488 2415 606 2460; x_wconf 86' lang='lat' dir='ltr'>continentes,</span> <span class='ocrx_word' id='word_1_378' title='bbox 620 2421 639 2452; x_wconf 93' lang='lat' dir='ltr'>vt</span> <span class='ocrx_word' id='word_1_379' title='bbox 654 2427 728 2462; x_wconf 89' lang='lat' dir='ltr'>semper</span> <span class='ocrx_word' id='word_1_380' title='bbox 743 2428 802 2462; x_wconf 88' lang='lat' dir='ltr'>penes</span> <span class='ocrx_word' id='word_1_381' title='bbox 817 2428 837 2452; x_wconf 89' lang='lat' dir='ltr'>se</span> 
     </span>
     <span class='ocr_line' id='line_1_44' title="bbox 133 2469 838 2518; baseline -0.001 -12"><span class='ocrx_word' id='word_1_382' title='bbox 133 2470 237 2518; x_wconf 88' lang='lat' dir='ltr'>promptius</span> <span class='ocrx_word' id='word_1_383' title='bbox 244 2469 320 2505; x_wconf 88' lang='lat' dir='ltr'>haberet</span> <span class='ocrx_word' id='word_1_384' title='bbox 328 2471 377 2514; x_wconf 92' lang='lat' dir='ltr'>quod</span> <span class='ocrx_word' id='word_1_385' title='bbox 383 2470 455 2505; x_wconf 81' lang='lat' dir='ltr'>dicere⁰</span> <span class='ocrx_word' id='word_1_386' title='bbox 463 2470 523 2505; x_wconf 90' lang='lat' dir='ltr'>vellet.</span> <span class='ocrx_word' id='word_1_387' title='bbox 538 2469 584 2504; x_wconf 87' lang='lat' dir='ltr'>Cum</span> <span class='ocrx_word' id='word_1_388' title='bbox 592 2475 653 2504; x_wconf 87' lang='lat' dir='ltr'>autern</span> <span class='ocrx_word' id='word_1_389' title='bbox 661 2481 695 2515; x_wconf 89' lang='lat' dir='ltr'>pro</span> <span class='ocrx_word' id='word_1_390' title='bbox 703 2470 742 2505; x_wconf 86' lang='lat' dir='ltr'>suis</span> <span class='ocrx_word' id='word_1_391' title='bbox 749 2476 768 2505; x_wconf 91' lang='lat' dir='ltr'>et</span> <span class='ocrx_word' id='word_1_392' title='bbox 775 2471 838 2515; x_wconf 88' lang='lat' dir='ltr'>populi</span> 
     </span>
    </p>
   </div>
   <div class='ocr_carea' id='block_1_3' title="bbox 134 2542 838 2617">
    <p class='ocr_par' dir='ltr' id='par_1_3' title="bbox 134 2542 838 2617">
     <span class='ocr_line' id='line_1_45' title="bbox 154 2542 838 2583; baseline -0.001 -9"><span class='ocrx_word' id='word_1_393' title='bbox 154 2544 247 2583; x_wconf 82' lang='lat' dir='ltr'>¹E.regiis.</span> <span class='ocrx_word' id='word_1_394' title='bbox 288 2543 355 2574; x_wconf 80' lang='lat' dir='ltr'>²E.Et.</span> <span class='ocrx_word' id='word_1_395' title='bbox 395 2542 453 2574; x_wconf 85' lang='lat' dir='ltr'>³T.E.</span> <span class='ocrx_word' id='word_1_396' title='bbox 461 2552 532 2581; x_wconf 87' lang='lat' dir='ltr'>corpore.</span> <span class='ocrx_word' id='word_1_397' title='bbox 573 2542 698 2575; x_wconf 73' lang='lat' dir='ltr'>‘atvideretun</span> <span class='ocrx_word' id='word_1_398' title='bbox 740 2543 775 2573; x_wconf 75' lang='lat' dir='ltr'>⁵E.</span> <span class='ocrx_word' id='word_1_399' title='bbox 782 2548 838 2582; x_wconf 84' lang='lat' dir='ltr'>poten·</span> 
     </span>
     <span class='ocr_line' id='line_1_46' title="bbox 134 2583 357 2617; baseline -0.009 -2"><span class='ocrx_word' id='word_1_400' title='bbox 134 2586 198 2617; x_wconf 74' lang='lat' dir='ltr'>tissime,</span> <span class='ocrx_word' id='word_1_401' title='bbox 246 2583 357 2615; x_wconf 71' lang='lat' dir='ltr'>‘ulciscere</span> 
     </span>
    </p>
   </div>
   <div class='ocr_carea' id='block_1_4' title="bbox 0 0 905 2803">
    <p class='ocr_par' dir='ltr' id='par_1_4' title="bbox 0 0 905 2803">
     <span class='ocr_line' id='line_1_47' title="bbox 0 0 905 2803; baseline 0 0"><span class='ocrx_word' id='word_1_402' title='bbox 0 0 905 2803; x_wconf 95' lang='lat' dir='ltr'> </span> 
     </span>
    </p>
   </div>
  </div>
 </body>
</html>
