1762 2803
43 149 76 178 us.
84 144 129 174 nour.
137 141 180 180 neo]
200 131 246 185 Di
256 128 294 180 ᾗ.
306 129 439 179 tibintuna
449 136 507 188 tegi
518 131 542 178 sst
551 130 669 187 tuatim·
699 131 744 182 609

41 266 115 301 expensa
120 252 211 293 medicina,
217 252 263 284 salus
269 255 328 294 optata
334 249 448 293 subsequitur.
460 248 744 293 IgiturapocrisariusBrunstanu-

42 307 109 343 nomine
120 303 193 345 strepitu
203 302 317 345 perturbatus,
329 301 385 334 furum
393 301 483 344 suspicans
491 300 611 343 irrupcionem,
619 300 676 342 quiete
684 299 745 332 cubilis

42 356 128 394 excutitur,
140 361 292 393 rememoransque
303 352 365 392 feretri,
379 351 446 384 concito
460 352 515 393 gradu
529 350 552 383 ad
568 350 623 383 sancti
638 349 745 382 mauseolum

42 405 115 440 accedit:
127 402 156 436 vbi
166 402 204 434 fixis
214 401 302 433 obtutibus
309 400 356 434 videt
366 401 491 443 cortinamque
502 402 559 434 locum
566 400 653 433 ambiebat
660 399 712 432 velud
721 399 745 431 ad

42 457 137 498 ingressum
145 450 239 493 cuiuspiam
247 460 320 492 persone
328 450 403 484 tremulis
411 450 458 492 mgis
465 449 531 492 agitari.
550 451 599 483 Tunc
607 449 667 482 maiori
675 454 744 492 stupore
753 456 762 489 5

42 505 123 550 perfusus,
135 502 182 546 quod
195 502 287 535 uerebatur
298 501 352 535 credit
363 501 458 536 accidisse:
470 507 533 542 tamen,
546 501 664 543 introgressus,
676 499 745 543 singula

42 565 108 599 queque
116 553 161 586 sicut
170 551 259 585 dimiserat
270 551 353 585 inuiolata
365 552 463 594 cognoscin
474 551 521 584 vnde
532 562 599 584 rursum
611 551 703 593 digressus,
710 561 745 594 quo

43 604 116 639 sonitum
123 602 201 635 audierat
209 601 268 635 tendit.
292 602 316 634 Et
323 602 395 634 veniens
405 602 428 634 ad
440 601 548 643 supradictas
555 600 614 633 valnas
625 600 669 634 inter
678 600 744 643 presbi-

43 654 102 688 terium
117 658 134 684 et
148 652 225 691 chorum,
239 661 281 693 quas
295 650 385 692 diligenter
399 652 441 683 seris
454 657 546 691 artauerat,
556 651 623 693 patulas
638 649 744 691 inueniens¹,

42 703 162 738 admirabatur.
190 700 281 734 Mulierem
298 711 367 744 quoque
383 712 435 744 quam
450 700 486 735 heri
505 706 522 734 et
539 699 662 734 nudiustertius
681 700 745 733 doloris
755 709 774 731 ro

43 753 151 788 constrictam
166 751 250 794 angustiis
263 750 330 785 viderat
342 758 359 785 et
370 757 447 790 nouerat,
459 751 563 784 incolumem
574 750 620 784 videt
634 757 651 784 et
664 751 745 791 alacrem,

43 805 92 839 deum
103 810 120 837 et
132 809 210 837 sanetum
218 802 333 835 Edmundum
344 802 481 836 benedicentem.
504 802 593 845 Signaque
603 802 676 845 pulsato,
684 802 745 835 iratres

43 854 156 893 conueniunt;
168 860 186 886 et
193 853 279 886 celebrato
289 853 311 885 de
322 863 369 885 more
377 853 472 885 nocturnali
484 852 546 890 officio,
554 852 630 893 prefatus
641 851 710 884 edituus
721 851 745 883 rei

43 909 122 936 euentum
136 903 200 944 profert
215 902 232 934 in
248 901 351 944 [publicum]
358 900 370 934 ².
399 902 429 934 Ad
443 900 520 934 medium
535 900 643 934 deducuntur
658 900 746 943 sepedicta

43 960 123 993 matrona,
130 958 147 985 et
153 951 215 985 mulier
220 957 307 985 contracta
312 957 339 985 set
347 951 381 984 iam
390 962 432 985 sana
439 961 443 992 3
455 956 513 985 narrat
519 951 548 985 illa
554 960 587 995 que
593 951 665 992 uiderat,
672 951 745 995 explicat
754 958 772 992 15

44 1004 112 1045 istaque
117 1002 233 1044 experimento
239 1002 327 1036 didicerat.
351 1003 410 1035 Refert
418 1002 472 1035 eciam
480 1003 548 1035 edituus
556 1002 630 1044 quesibi
638 1003 661 1035 de
667 1001 745 1036 miraculi

43 1053 170 1097 perpetracione
182 1052 297 1086 innotuerant.
320 1052 379 1086 Verba
388 1053 441 1086 rebus
452 1058 553 1092 consonant,
561 1063 590 1087 res
597 1053 655 1086 verbis
664 1063 708 1096 eque
718 1063 746 1086 re-

44 1103 133 1145 spondent.
156 1104 230 1136 Pulsatis
240 1103 292 1145 igitur
303 1113 355 1136 mane
366 1103 460 1144 campanis,
470 1103 527 1135 cordis
538 1112 559 1136 ac
569 1102 616 1136 uocis
625 1102 677 1136 iubilo
688 1102 746 1135 chon‘s

44 1153 166 1186 alternantibus
177 1154 215 1186 laus
223 1152 295 1186 creatori
307 1153 414 1193 decantatur,
422 1153 451 1196 qui
462 1157 532 1186 sanctos
543 1163 583 1185 suos
592 1152 680 1186 mirabiles
689 1151 746 1186 reddit

44 1203 122 1244 interris,
130 1210 148 1237 ut
156 1203 235 1237 nouerint
242 1213 303 1237 omnes
311 1209 375 1246 quanta
382 1203 437 1246 gloria
443 1203 551 1246 perfruantur
558 1202 575 1236 in
584 1202 631 1237 celis.
753 1203 773 1226 20

143 1313 245 1356 Quatlaaa
256 1313 343 1348 Osoorur
356 1314 405 1347 Daci
417 1321 511 1348 surenam
522 1322 595 1349 surim
607 1323 641 1349 SIT.

45 1396 59 1427 S
226 1373 245 1406 le
253 1372 328 1415 quadam
338 1373 424 1406 dominica
433 1373 505 1415 contigit
516 1373 591 1407 eundern
602 1381 679 1408 sanctum
687 1384 746 1417 regern

59 1398 129 1437 atrzpson
136 1396 172 1429 abb.
187 1373 223 1447 D

247 1422 352 1455 Edwardum
370 1423 416 1464 apud
435 1428 514 1455 sanctum
531 1423 645 1456 Edmundum
660 1424 746 1457 deuenire.

47 1469 78 1512 Qui
87 1480 126 1503 cum
134 1470 152 1503 in
160 1472 239 1512 crastino,
247 1477 307 1514 vtputa
314 1471 340 1505 vir
349 1472 404 1505 tocius
414 1472 500 1513 religionis
512 1473 567 1505 cultor
576 1479 594 1506 et
604 1479 667 1513 custos,
674 1474 747 1506 fratrum

44 1519 116 1554 subisset
131 1520 230 1563 capitulum,
246 1527 276 1555 aut
291 1531 349 1555 eorum
369 1522 459 1556 consulens
477 1521 584 1562 utilitatibus,
599 1529 629 1556 aut
649 1533 708 1557 eorum
727 1534 746 1558 se

44 1570 182 1613 comlm]endans
194 1572 314 1606 oracionibus:
326 1572 386 1606 Dacus
398 1573 468 1615 quidam
476 1573 564 1615 Osgothus
574 1574 614 1607 Clal
623 1573 697 1614 nomine,
705 1584 747 1607 auro
754 1581 773 1612 ²5

44 1620 92 1653 textis
100 1622 176 1654 vestibus
183 1628 200 1655 et
207 1622 263 1655 aureis
271 1621 342 1655 armillis
349 1623 445 1663 decoratus,
453 1623 536 1656 deaurata
542 1623 663 1656 nichilominus
671 1623 747 1666 bipenne

44 1679 89 1702 more
96 1671 183 1704 Dacorum
188 1672 285 1705 abhumero
291 1672 404 1714 dependente,
408 1672 554 1706 sanctiEdmundi
560 1672 649 1706 basilicam
654 1672 746 1706 indeuotus

44 1718 141 1760 ingreditur.
156 1721 191 1754 Hic
199 1721 242 1754 tanti
249 1720 324 1755 nominis
331 1727 412 1764 tanteque
420 1721 510 1764 potestatis
517 1728 559 1763 erat,
564 1728 583 1756 ut
589 1723 674 1756 secundus
682 1735 693 1757 a
700 1734 745 1766 rege,

44 1778 78 1803 non
89 1771 147 1805 minus
158 1782 210 1815 quam
221 1783 251 1806 rex
261 1770 298 1816 ipse
309 1771 365 1807 cuntis
376 1772 495 1807 formidandus
506 1773 602 1808 haberetur.
625 1776 645 1808 ln
657 1775 691 1808 hoc
704 1785 746 1808 sane

44 1820 139 1864 discrepare
147 1823 253 1863 videbantur,
261 1823 307 1865 quod
319 1834 348 1856 rex
358 1829 418 1857 tenore
429 1823 500 1864 iusticie,
508 1823 540 1857 iste
547 1829 610 1857 terrore
622 1824 684 1857 seuicie
695 1825 745 1858 time·
754 1834 774 1864 30

44 1869 98 1905 batur.
121 1873 169 1906 Inter
176 1879 232 1907 cetera
239 1884 280 1907 vero
288 1873 398 1915 malignitatis
406 1884 436 1906 sue
443 1873 504 1913 studia,
513 1873 567 1907 sancti
579 1874 667 1907 Edmundi
676 1874 746 1908 virtutes

44 1918 139 1963 inprobare,
148 1929 166 1956 et
173 1923 188 1956 ei
195 1924 299 1956 famulantes
307 1929 418 1956 consueuerat
427 1923 511 1955 infestare.
535 1925 626 1965 Ingressus
634 1924 685 1966 igitur
691 1924 746 1956 eccle-

45 1969 92 2012 siam,
99 1979 157 2005 mente
165 1972 229 2015 rigidus
237 1983 268 2015 per
275 1972 350 2006 medium
358 1972 430 2005 chorum
442 1971 479 2014 [ad]
490 1972 585 2006 secreciora
594 1974 700 2015 penetrabat.
722 1973 746 2006 Et

45 2029 82 2054 eum
93 2023 185 2065 bipennem
197 2023 214 2057 iu
225 2022 326 2066 presbiterio
337 2033 348 2056 a
359 2023 403 2056 collo
414 2024 501 2065 deponere
511 2028 608 2065 temptaret,
616 2029 634 2056 ut
645 2034 696 2065 super
707 2034 746 2057 earn

45 2069 144 2107 incumbens
160 2074 216 2116 magis
233 2073 299 2107 curiose
314 2084 366 2117 quarn
382 2074 444 2107 deuote
458 2084 492 2116 que
507 2074 602 2115 agebantur
616 2074 774 2114 consideraret:35

45 2119 89 2154 illico
96 2124 158 2157 uirtute
166 2124 225 2157 diuina
232 2123 312 2156 manibus
320 2123 357 2156 eius
364 2124 425 2156 auulsa
432 2122 450 2155 in
457 2123 576 2165 pauimentum
580 2124 640 2165 procul
646 2124 747 2163 detruditur,

46 2167 81 2211 ipse
96 2183 164 2216 quoque
179 2179 266 2216 correptus
281 2185 292 2206 a
307 2172 392 2213 demonio,
405 2172 477 2206 miseras
490 2173 571 2206 emittens
585 2184 636 2207 voces
651 2173 669 2206 in
684 2180 747 2207 terram

46 2220 116 2256 eliditur.
139 2224 167 2258 Fit
175 2224 239 2258 clamor
247 2224 349 2265 inconditus,
357 2222 430 2257 ecclesia
437 2229 474 2256 tota
482 2224 570 2265 turbatur;
582 2230 606 2257 set
614 2231 631 2257 et
638 2235 668 2257 rex
676 2224 693 2257 iu
701 2224 747 2267 capi·

44 2271 78 2304 tulo
89 2275 161 2317 strepitu
172 2274 249 2317 pulsatus
260 2273 334 2316 insolito,
342 2273 423 2316 cognouit
432 2284 443 2307 a
451 2280 537 2315 narrante,
545 2274 641 2317 predictum
650 2275 747 2317 Osgothum

45 2318 62 2352 in
71 2325 143 2358 ecelesia
152 2336 243 2367 peruasum
254 2336 264 2366 a
274 2326 353 2359 demone.
376 2325 415 2367 Quo
425 2331 520 2368 comperto,
528 2335 620 2359 conuersus
632 2325 654 2358 ad
666 2326 747 2359 abbatem
754 2335 774 2364 ae

46 2370 155 2407 Leoistanum
162 2376 196 2408 ait:
209 2376 276 2408 ‘Tuum
286 2381 318 2416 est,
326 2382 380 2417 pater,
388 2385 419 2417 pro
429 2374 479 2407 huius
489 2375 595 2408 restituenda
604 2375 659 2408 salute
668 2382 746 2408 sanctum

45 2423 142 2464 suppliciter
154 2435 193 2458 eum
204 2424 293 2458 monachis
304 2425 337 2458 tuis
348 2423 467 2467 interpellare!
489 2425 539 2457 Tune
550 2424 605 2457 abbas
615 2423 695 2466 precibus
706 2434 747 2457 suos

45 2471 144 2509 adhortatur
159 2474 241 2517 insistere,
256 2474 293 2518 ipse
312 2485 380 2519 quoque
399 2473 450 2509 dietis
468 2474 567 2509 eroreismis
585 2485 629 2519 aque
647 2480 747 2508 consecrate

46 2524 144 2564 aspersione
154 2528 260 2569 perlustrans
270 2533 353 2569 egrotum,
363 2527 455 2560 demonem
463 2527 547 2569 expellere
554 2527 649 2569 satagebat.
669 2527 699 2559 Set
707 2536 746 2562 cum

203 2591 209 2607 ¹
219 2592 240 2622 al.
247 2601 278 2624 om.
458 2590 465 2609 ²
473 2590 506 2622 MS.
514 2590 586 2622 medium.

66 2643 106 2670 vor.
113 2646 133 2671 rr.
375 2646 389 2671 R
397 2649 406 2671 r
