1762 2803
113 116 158 170 456
202 186 203 189 Ἴ
304 112 385 165 unua
401 110 518 174 tramea
533 110 625 173 aretia

114 231 173 268 saneti
192 233 264 268 adiutus
283 233 359 277 meritis,
379 236 511 278 consequetur)
538 232 614 268 Talibus
632 231 693 278 itaque
712 233 816 269 admonitus

115 287 199 328 oraculis,
208 292 227 321 et
237 287 319 331 corporis
331 287 394 321 dolore
405 288 519 329 constrictus,
531 288 611 321 Romam
621 286 741 331 proficiscens
752 294 816 322 cuncta

115 351 151 384 que
163 340 265 374 acciderant
277 350 349 374 summo
361 340 442 384 pontifici
456 350 489 384 per
499 341 583 374 ordinem
594 339 685 385 patefecit.
709 340 744 382 Qui
756 340 817 375 habita

116 398 187 427 matura
195 402 251 437 super
259 393 321 427 relatis
329 393 466 437 deliberatione,
472 393 532 428 taliter
538 392 555 428 ei
563 392 669 437 respondit:
683 392 746 435 ‘Redi
754 392 817 436 inquit,

98 459 106 488 5
116 447 138 479 ad
151 446 229 489 patriam
240 451 295 488 tuam,
307 451 325 479 et
335 457 371 489 que
381 446 414 480 tibi
424 452 499 480 ostensa
509 451 552 480 sunt
563 446 661 490 diligenter
671 445 783 490 inuestigare
794 456 818 480 ne

116 498 201 532 differas:
219 503 238 532 et
253 498 319 532 litteris
334 499 403 532 nostris
418 499 506 543 episcopo
521 499 556 533 loci
571 499 688 543 presentatis,
703 503 722 533 vt
738 498 818 533 martiris

116 561 183 595 corpus
192 552 216 585 de
227 556 277 585 terra
284 552 344 585 eleuet
355 556 379 593 et,
390 563 485 594 quousque
496 552 519 585 ad
530 552 593 584 limina
604 552 729 593 apostolorum
741 551 791 584 Petri
801 556 818 584 et

117 604 168 637 Pauli
183 603 263 644 accedat,
277 603 296 637 in
311 604 395 646 proximo
409 605 521 637 monasterio
534 604 579 636 illud
595 614 637 637 cum
651 604 720 637 honore
735 608 818 647 reponat,

117 655 227 690 denunciesss
250 656 331 700 Arrepto
343 661 405 691 autem
417 657 482 691 itinere
494 667 535 691 cum
547 657 652 691 difficultate
664 656 724 691 locum
738 657 819 700 quinque

90 722 108 743 ro
117 710 233 743 sacerdotum
251 715 373 744 memoratum
391 710 494 751 inueniens,
510 715 529 743 et
547 720 584 744 vna
602 720 644 744 cunr
663 708 704 752 illis,
721 714 741 743 vt
757 709 820 752 valuit,

116 762 217 804 effodiens3
229 763 269 796 viso
280 762 360 797 martiris
371 763 475 807 sepulchro,
485 764 508 796 ad
518 763 573 796 deum
583 769 601 797 et
612 762 651 796 eius
661 768 745 796 sanctum
754 773 820 806 preces

117 816 168 857 fudit,
180 820 198 849 et
209 815 278 849 brachii
290 815 378 850 sanitaten
398 812 479 859 perfecte
491 815 580 859 consequi
591 815 663 849 meruit.
686 815 729 849 Ceci
741 826 820 858 quoque,

118 867 182 910 claudi,
194 868 240 901 aridi
251 873 270 901 et
281 869 331 910 muti,
341 869 434 912 variisque
447 868 564 913 languoribus
576 868 650 910 detenti,
661 869 684 901 ad
696 868 756 901 locum
769 867 820 902 illum

118 921 226 955 festinantes
240 920 304 955 salutis
319 922 429 956 beneficium
442 921 472 955 leti
486 926 607 965 reportarunt.
630 920 713 965 Cumque
727 921 821 965 sepulchri

92 987 109 1017 15
119 975 179 1008 locum
198 973 251 1008 altius
270 973 382 1016 effodissent,
402 974 500 1017 scropham
515 985 570 1008 vnam
590 985 631 1008 cum
647 974 735 1008 tredecim
754 974 821 1008 letibus

119 1027 245 1071 prosilientem
257 1027 345 1061 mirantes
355 1027 475 1071 prospiciunt,
484 1028 516 1061 sed
525 1038 590 1061 eorum
601 1026 706 1071 ingressum
714 1027 744 1060 vel
752 1026 821 1061 exitum

120 1091 157 1114 non
169 1080 268 1114 inueniunt.
291 1080 401 1114 Sacerdotes
411 1080 472 1124 itaque
482 1081 518 1115 duo
529 1092 571 1115 cum
581 1081 669 1114 Aelberto
680 1081 702 1114 ad
714 1081 821 1124 episcopum

120 1133 278 1167 dorcestrenseml
294 1133 376 1166 Birinum
391 1139 497 1176 pergentes,
512 1135 561 1176 quod
576 1133 644 1166 factum
660 1133 718 1166 fuerat
733 1133 822 1176 pandunt,

120 1192 137 1220 et
148 1186 217 1219 litteras
230 1185 305 1228 papales
315 1185 408 1219 humiliter
417 1189 531 1229 presentant.
554 1184 658 1229 Episcopus
668 1183 723 1229 igitur
732 1196 773 1218 cum
784 1184 823 1218 suis

92 1252 111 1273 ao
119 1239 142 1273 ad
154 1239 214 1272 locum
226 1239 321 1280 accedens,
333 1244 396 1281 aperto
404 1238 502 1282 sepulchro
513 1250 581 1282 corpus
591 1239 666 1283 gloriosi
677 1239 783 1279 Fremundi,
791 1240 823 1272 de·

120 1297 183 1326 center
191 1292 258 1336 pannis
265 1291 373 1334 inuolutum,
381 1292 450 1326 cunctis
458 1291 590 1326 admirantibus
600 1291 690 1326 ostendit:
703 1297 722 1325 et
729 1292 749 1325 in
756 1292 822 1325 eodem

121 1345 219 1388 sepulchro
228 1354 270 1378 cum
281 1354 358 1388 corpore
369 1344 427 1388 ipsius
439 1345 495 1378 vitam
506 1349 525 1379 et
536 1344 642 1388 passionem
654 1343 730 1388 anglicis
741 1344 823 1388 apicibus

121 1402 225 1432 annotatam
233 1396 307 1431 inuenit.
330 1397 385 1431 Facto
396 1404 456 1432 autem
467 1398 551 1431 triduano
561 1398 633 1441 ieiunio,
645 1403 662 1431 et
674 1403 769 1441 assumpto
781 1408 823 1431 cum

121 1461 188 1494 magna
203 1450 301 1484 deuotione
317 1450 434 1485 sanctissimo
453 1461 535 1494 corpore,
550 1452 573 1485 ad
590 1450 671 1485 vicinum
691 1450 823 1484 monasterium

95 1516 112 1545 ²5
122 1505 172 1538 iuxta
187 1502 307 1547 apostolicum
322 1504 428 1538 mandatum
443 1504 488 1538 illud
503 1503 575 1538 deferre
590 1504 717 1538 decreuerunt.
740 1502 823 1548 Cumque

124 1557 146 1590 ad
165 1556 225 1591 locum
241 1557 333 1599 quendam
348 1557 379 1600 qui
395 1557 461 1590 Ridic²
475 1557 574 1590 vocabatur
590 1556 724 1600 peruenissent,
740 1561 824 1590 sanctum

122 1610 202 1643 martiris
211 1619 277 1652 corpus
285 1618 296 1641 a
303 1609 343 1643 loco
351 1609 382 1642 illo
390 1609 440 1643 nullo
448 1609 503 1643 modo
511 1619 586 1643 mouere
594 1613 698 1653 potuerunt.
720 1608 824 1653 Episcopus

122 1673 167 1706 ergo
183 1662 273 1695 continuis
289 1662 374 1705 precibus
390 1662 459 1696 domini
473 1663 587 1697 voluntatem
603 1661 622 1695 in
639 1667 689 1696 tanto
704 1662 780 1697 articulo
792 1663 825 1696 im-

110 1715 112 1717 ’
123 1716 196 1759 plorare
208 1725 246 1747 non
257 1725 339 1756 cessans,
347 1715 396 1748 hunc
405 1716 465 1749 locum
473 1715 567 1748 martirem
575 1720 658 1748 sanctum
669 1715 752 1757 elegisse,
760 1715 825 1757 angelo

95 1781 114 1811 5⁰
123 1767 222 1801 nunciante
239 1766 329 1810 cognouit.
352 1767 462 1800 Constructa
478 1773 539 1801 autern
557 1767 625 1800 ibidem
644 1766 719 1810 capella,
737 1767 824 1801 Aelberto

123 1819 194 1863 prefato
205 1824 223 1852 et
232 1820 313 1862 quinque
322 1819 448 1853 sacerdotibus
458 1819 565 1853 memoratis
575 1825 659 1853 sanctum
669 1830 738 1863 corpus
745 1819 826 1854 eustodi-

122 1875 191 1908 endum
204 1872 302 1917 episcopus
316 1873 461 1915 commendauit;
474 1878 493 1907 et
505 1873 584 1907 Romam
598 1872 724 1917 proficiscens,
736 1873 826 1906 mirabilia

122 1926 152 1961 dei
168 1926 247 1971 gloriose
263 1925 281 1960 in
297 1931 361 1961 sancto
378 1927 452 1961 martire
469 1928 594 1961 demonstrata
605 1936 678 1960 summo
690 1926 784 1969 pontifici³
796 1927 824 1960 in-

123 1980 206 2014 sinuauit.
236 1979 345 2023 Susceptis⁴
361 1990 406 2014 vero
424 1979 489 2013 litteris
506 1979 616 2023 apostolicis,
634 1978 708 2012 Birinus
727 1979 826 2023 episcopus

96 2046 114 2077 35
124 2033 201 2077 patriam
220 2032 299 2072 rediens,
319 2032 423 2066 conuocatis
445 2032 543 2076 episcopis,
562 2033 662 2075 abbatibus,
684 2031 776 2066 nobilibus
798 2032 826 2066 in-

124 2095 237 2129 numeroque
250 2090 291 2118 cetu
303 2084 367 2128 plebis,
381 2085 400 2119 in
413 2085 472 2119 loculo
486 2084 559 2119 laminis
572 2085 670 2129 argenteis,
682 2084 731 2128 que⁵
744 2085 826 2119 fidelium

124 2138 222 2173 deuotione
232 2137 292 2170 oblate
305 2136 382 2179 fuerant,
394 2138 466 2171 decenti
476 2149 532 2181 opere
544 2138 651 2181 composito,
662 2144 746 2171 sanctum
760 2149 826 2182 corpus

124 2202 166 2225 curn
185 2190 260 2233 hymnis
277 2195 295 2223 et
311 2189 395 2224 laudibus
411 2192 435 2223 de
454 2191 552 2234 sepulchro
567 2191 625 2224 veteri
641 2191 738 2232 eleuatum,
753 2202 775 2225 .v.
791 2191 827 2225 kal.

125 2244 194 2288 aprilis,
203 2243 354 2277 choruscantibus
364 2244 445 2288 Vndique
454 2244 553 2286 miraculis,
564 2244 668 2287 collocauit;
681 2249 699 2279 et
708 2255 732 2278 ex
743 2250 827 2278 cemento

96 2303 143 2340 4oet
162 2298 223 2341 lapide
241 2302 307 2340 postea
321 2306 378 2339 super
393 2307 436 2330 curn
452 2297 551 2331 oratorium
569 2297 668 2331 fabricauit.
692 2297 762 2331 Diebus
777 2298 827 2331 enim

125 2350 193 2386 nostris
204 2350 222 2384 in
233 2349 314 2394 prioratu
323 2350 453 2384 canonicorum
463 2350 574 2393 regularium
586 2351 610 2384 de
620 2350 733 2395 Dunstaplet
743 2356 827 2385 sanetum

126 2404 166 2438 eius
174 2414 241 2447 corpus
249 2404 372 2447 requiescens,
381 2404 400 2437 in
408 2414 475 2447 magno
483 2403 553 2437 honore
561 2404 643 2438 habetur.

146 2528 326 2558 ¹E.d0rscestrensem.
382 2528 473 2559 ²E.redic.
523 2528 644 2567 ³E.pontilice.
695 2527 729 2559 ⁴13.
738 2529 829 2566 Susceptus.

128 2568 200 2606 ⁵E.qui.
262 2567 386 2606 ⁵T.dunstapil.
