1762 2803
105 117 134 160 88
296 115 376 168 saona
392 112 507 174 lencona
523 111 615 174 annito.

105 241 172 278 sponte
183 234 269 269 fratribus
279 234 419 279 impendendus,
428 246 452 269 ex
463 246 485 269 eo
497 235 545 278 quod
556 234 664 278 plerumque
676 234 737 269 solent
747 236 805 270 chari-

105 288 148 323 tatis
164 299 218 323 causa
233 288 310 330 inuitari,
326 287 447 332 cognoscitur.
470 287 493 321 Et
506 287 553 330 ideo,
567 286 582 320 si
597 298 714 321 communem
730 287 806 323 lratrem

106 341 228 385 Augustinum
240 342 347 384 episcopum
360 342 383 374 ad
394 352 427 375 vos
438 340 503 375 venire
519 339 619 383 contigerit,
631 339 656 373 ita
669 340 720 374 illum
733 341 806 375 dilectio

106 400 173 434 vestra,
182 394 228 427 sicut
236 395 293 435 decet,
301 393 400 427 affectuose
410 393 524 436 dulciterque
533 392 626 435 suscipiat,
634 397 654 426 vt
665 397 683 426 et
694 392 755 436 ipsum
765 404 806 427 con-

90 446 200 489 5solationis
219 457 252 480 sue
268 447 316 479 bono
331 446 417 488 refoueat,
433 451 451 480 et
467 445 517 487 alios,
533 445 611 489 qualiter
629 445 710 479 fraterna
727 446 807 482 charitas

107 499 182 533 colenda
194 498 222 539 sit,
231 499 300 532 doceat.
323 498 346 531 Et
356 498 443 541 quoniam
454 498 516 541 sepius
527 497 588 531 euenit
598 503 618 531 vt
628 498 647 531 hi
658 498 689 541 qui
699 492 753 542 longe
764 506 807 533 sunt

106 552 166 595 positi,
175 550 226 593 prius
234 551 257 583 ab
267 550 313 592 aliis,
321 562 357 593 que
365 555 408 584 sunt
419 551 534 584 emendanda
545 555 666 593 cognoscant:
679 550 694 584 si
705 562 751 594 quas
761 551 807 586 forte

106 603 215 638 fraternitati
225 608 287 637 vestre
297 604 413 637 sacerdotum
422 603 452 637 vel
463 602 540 636 aliorum
550 603 614 646 culpas
624 603 711 646 intulerit,
719 615 755 637 vna
765 615 807 638 cum

106 667 128 690 eo
136 655 238 690 residentes
249 655 311 689 subtili
319 660 384 689 cuncta
391 654 532 699 inuestigatione
540 655 646 699 perquirite,
654 661 673 690 et
683 655 708 689 ita
715 667 748 691 vos
759 656 778 690 in
786 668 808 691 ea

79 721 98 742 10
106 719 142 751 que
154 711 208 742 deum
220 709 315 741 offendunt
328 713 346 741 et
358 709 381 740 ad
393 708 505 740 iracundiam
517 713 623 750 prouocant,
635 709 727 742 districtos
739 719 759 742 ac
772 710 808 742 sol-

106 761 165 794 licitos
173 760 263 802 exhibete,
271 765 291 793 vt
301 760 324 792 ad
335 759 412 792 aliorum
423 759 571 793 emendationem
582 765 600 793 et
607 759 688 793 vindicta
699 761 808 805 culpabilem

106 814 164 855 feriat,
172 818 190 845 et
201 813 319 846 innocentem
330 813 375 845 salsa
386 812 448 856 opinio
459 823 496 845 non
508 812 580 855 affligat.
604 812 655 846 Deus
666 818 685 846 te
696 813 807 847 incolumem

107 865 201 909 custodiat,
210 865 365 900 reuerendissime
373 865 434 899 frater.
458 864 505 899 Data
512 864 542 899 die
550 865 621 899 decima
630 865 749 900 kalendarum
759 866 810 901 iulia-

107 930 153 960 rum,
165 919 268 966 imperante
279 918 354 951 domino
366 924 430 952 nostro
444 918 532 951 Mauricio
545 918 619 952 Tiberio
631 919 714 963 piissimo
725 919 810 963 Augusto

81 983 156 1016 15anno
172 971 298 1013 nonodecimo,
311 976 353 1014 post
368 970 495 1005 consulatum1
507 970 590 1005 eiusdem
603 971 672 1005 domini
689 972 747 1006 nostri
762 983 811 1006 anno

108 1024 249 1066 octauodecimo,
260 1023 359 1057 indictione
370 1025 445 1067 quarta!
491 1016 581 1057 Preterea
592 1023 641 1058 idem
653 1035 701 1068 papa
711 1025 811 1069 Gregorius

108 1077 212 1120 Augustino
224 1077 316 1119 episcopo,
328 1076 370 1119 quia
384 1081 502 1119 suggesserat
515 1076 532 1110 ei
546 1077 623 1109 multam
634 1077 708 1119 quidem
722 1077 757 1111 sibi
769 1088 811 1112 esse

108 1139 195 1169 messem,
207 1129 240 1162 sed
256 1128 349 1172 operarios
365 1138 438 1171 paucos,
454 1128 503 1161 misit
519 1139 560 1161 cum
575 1128 652 1172 prefatis
665 1129 703 1162 suis
718 1129 810 1173 legatariis

108 1183 170 1226 plures
181 1186 310 1225 cooperatores
321 1192 342 1214 ac
349 1181 401 1215 verbi
412 1181 517 1215 ministros:
530 1181 623 1225 inquibus
633 1181 688 1225 primi
699 1187 716 1216 et
727 1182 810 1226 precipui

81 1251 100 1272 20
108 1240 160 1269 erant
172 1234 258 1276 Mellitus‚
267 1234 334 1274 Iustus,
345 1234 437 1276 Paulinus,
447 1234 568 1277 Rufinianus3
581 1239 599 1269 et
610 1245 644 1278 per
656 1246 688 1269 eos
699 1236 810 1279 generaliter

107 1288 195 1322 uniuersa
208 1298 243 1330 que
256 1287 278 1320 ad
292 1286 360 1320 cultum
373 1291 426 1320 erant
439 1297 459 1319 ac
473 1286 596 1320 ministerium
610 1287 687 1321 ecclesie
700 1288 810 1329 necessaria,

107 1351 151 1373 vasa
155 1339 243 1374 'videlicet
251 1350 308 1380 sacra,
316 1344 334 1373 et
342 1339 452 1374 vestimenta
460 1339 549 1379 altarium,
556 1345 664 1373 ornamenta
672 1351 744 1383 quoque
752 1341 810 1375 eccle-

108 1392 182 1432 siarum,
195 1397 213 1424 et
226 1391 345 1425 sacerdotalia
356 1391 386 1424 vel
398 1391 487 1424 clericalia
501 1391 614 1433 indumenta,
626 1397 731 1425 sanctorum
743 1392 811 1426 etiam²

108 1445 233 1489 apostolorum
248 1455 269 1477 ac
284 1449 386 1487 martyrum
402 1443 493 1487 reliquias,
507 1455 580 1478 necnon
595 1450 614 1478 et
629 1444 701 1479 codices
717 1445 810 1489 plurimos.

82 1511 89 1530 2
92 1511 100 1539 5
110 1497 160 1531 Misit
168 1497 223 1530 etiam
231 1496 301 1530 litteras
309 1496 328 1529 in
338 1496 404 1539 quibus
412 1496 502 1539 significat
510 1507 530 1530 se
538 1497 555 1530 ei
563 1497 638 1540 pallium
650 1497 745 1538 direxisse,
756 1498 811 1531 simul

109 1555 128 1584 et
143 1550 223 1584 insinuat
238 1549 316 1593 qualiter
331 1549 427 1593 episcopos
442 1549 461 1582 in
476 1549 571 1582 Britannia
586 1549 696 1584 constituere
712 1551 810 1585 debuisset.

97 1644 99 1647 Α
110 1604 193 1646 Quarum
203 1602 304 1637 litterarum
313 1602 348 1636 iste
359 1607 387 1636 est
397 1607 470 1636 textus:
516 1595 693 1637 ‘Reuerendissimo
705 1608 723 1637 et
734 1604 811 1638 sanctis-

109 1656 157 1691 simo
169 1655 220 1688 fratri
231 1654 336 1698 Augustino
348 1655 462 1698 coepiscopo,
474 1655 574 1698 Gregorius
588 1666 653 1689 seruus
667 1667 763 1689 seruorum
776 1657 811 1691 dei.

110 1708 157 1742 Cum
166 1712 236 1741 certum
243 1707 270 1740 ‘sit
280 1717 314 1751 pro
325 1706 451 1751 omnipotente
462 1708 496 1741 deo
506 1707 631 1741 laborantibus
641 1707 740 1742 ineffabilia
752 1709 811 1744 eterni

83 1775 102 1803 30
110 1760 163 1803 regni
170 1759 240 1803 premia
248 1759 350 1800 reseruari;
362 1759 416 1793 nobis
423 1765 485 1793 tamen
495 1760 522 1793 eis
533 1770 610 1793 necesse
619 1765 647 1794 est
656 1761 747 1794 honorum
755 1762 811 1795 bene-

110 1813 150 1845 ficia
158 1812 244 1853 tribuere,
252 1816 271 1844 vt
279 1811 298 1844 in
306 1811 406 1855 spiritualis
414 1811 475 1855 operis
483 1812 543 1845 studio
551 1823 575 1846 ex
582 1812 731 1846 remuneratione
739 1814 811 1847 valeant

109 1864 227 1910 multiplicius
242 1864 334 1897 insudare.
357 1863 380 1897 Et
393 1864 435 1908 qui'a
448 1875 496 1898 noua
507 1865 611 1909 Anglorum
625 1865 702 1900 ecclesia
715 1867 738 1899 ad
752 1867 811 1900 omni-

109 1917 189 1962 potentis
201 1917 231 1951 dei
242 1917 324 1960 gratiam,
336 1918 401 1951 eodem
414 1918 488 1951 domino
499 1918 593 1962 largiente,
605 1924 623 1952 et
634 1926 652 1952 te
664 1919 758 1954 laborante
770 1931 810 1964 per-

109 1972 164 2004 ducta
173 1975 207 2011 est,
215 1980 269 2003 vsum
276 1970 309 2003 tibi
317 1970 367 2013 pallii
378 1970 397 2003 in
405 1981 428 2004 ea
438 1971 461 2003 ad
471 1971 510 2004 sola
520 1970 619 2004 missarum
627 1972 730 2016 solempnia
740 1974 811 2016 agenda

69 2021 70 2024 ’
82 2031 100 2060 35
110 2023 238 2065 concedimus;
250 2023 275 2056 ita
283 2028 302 2056 vt
310 2033 344 2066 per
354 2023 394 2056 loca
402 2023 474 2067 singula
482 2024 578 2058 duodecim
586 2024 683 2068 episcopos
691 2025 772 2068 ordines,
780 2026 811 2070 qui

109 2082 140 2111 tue
155 2075 261 2111 subiaceant
276 2075 344 2117 ditioni,
360 2076 445 2119 quatinus
464 2076 602 2110 londoniensis³
617 2077 695 2111 ciuitatis
714 2078 812 2122 episcopus

110 2139 184 2173 semper
202 2128 323 2172 imposterum
341 2139 352 2161 a
369 2129 441 2172 synodo
458 2129 533 2173 propria
550 2130 615 2163 debeat
633 2131 741 2172 consecrari,
757 2137 811 2175 atque

110 2181 185 2215 honoris
193 2181 268 2224 pallium
277 2181 299 2214 ab
307 2181 341 2214 hac
349 2186 412 2214 sancta
420 2186 438 2215 et
448 2182 552 2225 apostolica,
561 2183 589 2216 cui
598 2183 632 2216 deo
640 2188 713 2217 auctore
722 2184 811 2225 deseruio,

110 2235 154 2269 sede
167 2233 261 2277 percipiat.
284 2233 314 2267 Ad
327 2233 428 2267 Eboracam
438 2245 483 2268 vero
495 2235 587 2269 ciuitatem
597 2235 694 2269 volumus⁴
704 2236 812 2281 episcopum

82 2297 102 2326 40
110 2287 182 2321 mittere
190 2296 245 2330 quem
256 2286 296 2330 ipse
307 2286 416 2320 iudicaueris
428 2287 531 2330 ordinari⁵;
544 2287 570 2321 ita
581 2288 680 2330 dumtaxat,
688 2293 707 2322 vt
719 2288 735 2322 si
747 2290 812 2323 eadem

110 2341 174 2374 ciuitas
185 2351 227 2373 cum
239 2339 321 2373 finitimis
334 2340 379 2373 locis
389 2341 466 2373 verbum
479 2340 509 2374 dei
522 2341 618 2383 receperit,
630 2341 670 2384 ipse
683 2352 755 2385 quoque
769 2343 812 2376 duo·

111 2393 170 2426 decim
182 2392 278 2437 episcopos
290 2392 367 2436 ordinet,
378 2397 396 2426 et
408 2392 544 2437 metropolitani
556 2393 625 2426 honore
637 2393 752 2437 perfruatur:
765 2395 812 2437 Quia

129 2485 135 2502 ¹
146 2486 163 2516 T.
172 2486 189 2515 E.
197 2487 304 2523 pontificatum
318 2496 330 2516 r.
339 2491 375 2524 post
385 2487 487 2517 consulatum.
507 2487 542 2516 The
552 2486 618 2523 original
629 2487 663 2517 MS.
674 2489 704 2518 had
716 2489 748 2526 PC,
759 2490 811 2519 which

110 2526 419 2563 wasWronglytakenforpontificatus.
456 2527 490 2556 ΗΞ,
498 2532 519 2556 et.
557 2527 591 2557 ³T.
600 2527 714 2559 lundoniensis.
752 2529 788 2559 lai.
796 2535 811 2558 te

111 2565 187 2596 volumus,
229 2564 264 2596 5ιιΙ.
272 2566 350 2597 ordinare.
