1762 2803
51 134 188 173 assatae]
208 121 674 184 &murmuratoremttmattpte.
707 128 751 181 613

51 247 147 291 integritate
154 245 228 288 quedam
236 244 367 278 resurreccionis
375 243 449 286 insignia
457 244 577 286 presentando,
583 251 653 279 sanctus
660 245 711 279 nichil
718 246 753 279 dis-

51 302 98 335 tabat
108 308 118 330 a
128 296 201 336 nitente,
212 295 226 327 si
236 294 304 327 mobilis
316 294 393 328 efficacia
404 304 439 327 non
452 293 539 327 defuisset.
562 295 578 327 Ο
589 301 664 338 quantus
674 302 691 328 et
701 305 754 338 quarn

51 348 104 384 dulcis
112 353 152 381 tunc
160 346 203 379 odor
210 345 300 379 suauitatis
308 355 343 378 non
352 345 407 378 solum
415 344 432 378 in
439 344 512 378 ecclesia
519 350 545 378 set
553 343 570 378 in
581 345 655 379 claustro
662 356 693 388 per
700 351 755 380 totum

51 400 101 438 diem,
109 402 126 429 et
134 396 151 428 in
159 395 215 427 cuntis
226 394 325 428 monasterii
332 394 405 426 officinis
415 394 521 436 fragrancius
530 394 616 428 emanauit
624 397 628 427 l
648 395 688 428 lliis
700 395 754 428 visis:

51 449 105 483 abbas
117 445 188 488 cupiens
203 444 274 487 experiri
290 445 304 477 si
319 445 375 487 capud
390 444 460 477 finniter
472 444 539 477 hereret
554 445 626 487 corpori,
638 445 687 479 iussit
701 451 724 486 ut,
735 454 755 479 se
763 458 772 489 5

52 496 130 533 manibus
136 494 211 538 utrisque
219 494 276 538 capud
283 494 358 528 martiris
366 494 488 537 conplectente,
496 504 539 527 vnus
547 504 605 528 eorum
614 495 667 538 pedes
673 495 754 539 arripiat:

52 548 130 592 quatinus
140 546 181 578 dum
190 544 227 587 [ad]
236 556 255 578 se
266 543 343 578 trahere¹
351 544 423 587 quisque
430 544 495 584 nititur,
503 544 525 578 de
534 544 632 586 integritate
640 546 677 579 eius
684 546 755 580 vlterius

52 607 86 632 non
98 596 189 629 dubitetur.
216 595 244 627 Ad
257 595 291 628 hoc
303 600 419 637 expauescunt
432 594 499 635 singuli,
512 594 568 627 nullus
581 605 640 628 eorum
653 596 687 629 hoc
699 596 755 630 facere

53 646 143 685 consensit,
149 656 184 677 non
192 645 288 678 rebellionis
296 644 386 687 proteruia,
392 650 419 678 set
426 644 492 683 timore,
498 643 578 676 nimirum
586 646 690 679 reuerentia.
706 647 755 679 Tunc

53 696 111 735 abbas,
123 692 195 735 singulis
207 693 340 735 circumspectis,
349 703 402 726 vnum
414 703 473 726 eorum
486 692 555 725 nomine
570 693 692 735 Thurstanum,
704 704 756 737 quem
765 704 784 727 ro

53 756 63 778 a
73 753 125 787 puero
136 743 180 775 intra
193 743 317 776 monasterium
328 743 438 783 educauerat‚
449 742 506 775 taliter
518 742 587 775 affatur:
602 743 640 775 ‘Tu
653 753 684 786 pre
696 744 757 777 ceteris

53 794 154 838 peculiarem
164 793 216 826 michi
227 794 280 827 debes
290 793 419 827 obedienciam:
433 793 496 826 accede
506 803 547 835 ergo
555 794 578 826 nil
586 793 672 833 dubitans,
680 795 757 828 animum

54 844 161 878 vacillantem
172 843 226 885 gradu
240 843 314 876 firmiore
326 843 424 876 consolida!
446 844 496 875 Tunc
512 842 541 875 illo
555 842 601 876 beati
614 843 689 877 martin's
703 845 757 886 pedes

54 893 114 927 annisu
123 903 157 935 quo
168 893 236 925 valebat
248 892 359 934 astringente,
371 892 426 925 abbas
437 892 509 924 alteram
522 891 584 924 ceruici
597 892 677 933 martiris,
686 894 757 926 alteram

54 949 111 977 mento
126 952 225 985 supponens
239 952 315 984 manum,
323 947 372 976 tanto
383 940 434 975 traxit
445 940 515 984 impetu,
526 946 545 975 vt
555 941 635 976 ediuerso
644 943 758 977 reluctantem
767 955 785 986 ¹5

54 999 92 1037 post
104 992 239 1027 sacratissimum
253 1003 316 1036 corpus
328 992 415 1026 inclinaret
430 997 447 1025 et
460 992 568 1026 monachum.
591 991 654 1036 Sicque
667 998 719 1036 caput
734 992 758 1027 ita

55 1044 124 1078 firmiter
138 1043 227 1077 inuentum
246 1049 271 1077 est
286 1043 353 1077 vnitum
369 1042 435 1085 corpori
449 1042 485 1076 acsi
500 1043 547 1076 nullo
562 1043 606 1076 serro
621 1043 758 1086 percuciencium

55 1100 118 1128 tactum
125 1100 176 1134 esset,
184 1093 217 1127 nisi
225 1094 270 1136 quod
278 1094 352 1136 quedam
362 1092 431 1126 cicatrix
439 1092 487 1135 quasi
495 1091 512 1125 in
520 1092 590 1125 modum
599 1093 622 1126 fili
630 1093 705 1127 coccinei
713 1093 759 1127 circa

55 1145 115 1176 collum
130 1144 193 1175 rubens
208 1143 292 1184 apparuit.
319 1144 361 1175 Post
375 1143 408 1175 hec
422 1143 477 1174 abbas
491 1142 602 1175 vehementer
616 1143 726 1184 stupefactus,
741 1148 758 1175 et

55 1192 152 1236 percuciens
164 1203 193 1226 cor
205 1203 261 1234 suum,
271 1192 357 1226 exhorruit
369 1192 438 1224 sactum.
461 1192 502 1224 Non
515 1191 561 1224 enim
574 1192 597 1225 ad
609 1191 721 1225 distrahenda
731 1192 759 1226 vel
767 1201 787 1222 το

56 1243 165 1277 diuaricanda
178 1243 273 1276 reuerenda
285 1242 333 1276 testis
346 1241 408 1276 Christi
420 1241 503 1281 membra,
516 1247 542 1274 set
554 1241 577 1274 ad
592 1242 693 1275 honoranda
704 1242 759 1275 luerat

56 1295 141 1328 inuitatus.
164 1294 241 1337 Ideoque
248 1293 306 1327 statim
314 1303 374 1326 naeuus
382 1293 419 1326 eius
426 1299 497 1335 utraque
505 1292 615 1333 contrahitur,
621 1292 667 1326 acies
675 1293 758 1325 luminum

55 1344 129 1378 tenebris
141 1345 237 1386 obducitur,
249 1344 308 1386 lingua
319 1343 406 1386 torpescit,
417 1343 477 1385 suique
486 1343 558 1376 docetur
570 1343 649 1386 eremplo
660 1353 712 1386 quam
722 1342 759 1386 pia·

56 1396 111 1427 culare
126 1395 176 1427 fuerit
186 1394 273 1436 flagicium
285 1405 336 1436 super
347 1394 381 1426 hiis
391 1393 484 1425 dubitasse.
507 1393 588 1425 Ceterum
601 1392 644 1425 sicut
655 1394 723 1425 Thome
733 1393 759 1425 in·

56 1444 127 1476 fidelitas
135 1444 187 1477 fidem
194 1444 266 1476 ecclesie
273 1444 376 1483 corroborat,
381 1443 406 1475 sic
414 1448 431 1475 et
438 1443 488 1475 huius
496 1442 565 1475 abbatis
573 1442 661 1476 dubitacio
668 1443 759 1476 multorum
768 1453 787 1484 ²5

56 1493 194 1536 blasphemorum
205 1493 280 1527 retundit
291 1493 392 1536 perfidiam:
405 1493 447 1525 dum
456 1492 502 1525 enim
512 1492 595 1526 audacter
606 1492 663 1526 intulit
675 1493 712 1536 ipse
724 1493 758 1526 sihi

56 1544 152 1585 perniciem,
164 1555 185 1578 ex
197 1544 268 1577 aliorum
280 1543 361 1577 cordibus
372 1543 486 1585 dampnosam
498 1542 537 1576 fidei
553 1543 761 1585 segnicietncradicauit.

57 1594 105 1626 Tunc
116 1594 177 1627 iratres
189 1593 316 1626 sanctissimum
327 1603 395 1635 corpus,
406 1592 506 1626 reuestitum
519 1592 568 1626 nouis
580 1593 641 1635 quibus
652 1594 761 1635 competebat

57 1642 136 1684 induuiis‚
141 1643 158 1676 in
164 1644 224 1677 locello
230 1652 269 1676 cum
275 1642 322 1676 omni
328 1642 426 1676 reuerentia
432 1648 449 1675 et
455 1641 549 1675 deuocione
554 1649 670 1685 reposuerunt.
683 1642 762 1676 Exuuie¹

57 1702 96 1725 vero
115 1692 190 1726 martiris
206 1693 224 1726 in
242 1692 335 1726 seruatorio
351 1693 472 1733 reconduntur,
486 1702 525 1725 cum
545 1692 662 1734 philacteriis;
679 1693 725 1727 vnde
739 1694 789 1736 deae

58 1744 131 1777 sacrario
148 1744 244 1777 diuinitatis
262 1750 320 1787 presto
339 1749 379 1776 sunt
396 1743 480 1776 beneficia
498 1742 561 1776 multis.
593 1743 642 1777 Will.
659 1743 688 1777 lib.
705 1748 724 1776 2⁰
741 1745 762 1777 de

55 1798 98 1836 gest.
108 1798 159 1837 pont.
173 1796 235 1829 Abbas
249 1800 307 1828 autem
322 1804 380 1836 regem
394 1794 500 1827 Edwardum
514 1804 546 1836 per
560 1794 633 1827 nuncios
648 1794 729 1828 conuenit
743 1800 762 1828 ut

58 1843 89 1876 sibi
98 1845 185 1877 medicum
196 1844 276 1877 mitteret.
299 1843 331 1875 llle
339 1843 446 1875 Balduinum
454 1841 509 1875 sancti
517 1843 592 1876 Dionisii
603 1845 712 1884 monachum,
720 1843 762 1877 artis

58 1893 141 1927 medicine
152 1894 232 1937 peritum,
239 1892 305 1926 direxit.
328 1891 362 1934 Qui
374 1902 444 1925 causam
454 1892 509 1925 morbi
521 1902 532 1924 a
545 1892 638 1926 scientibus
654 1894 731 1934 edoctus,
743 1894 761 1926 in

58 1943 147 1977 curacione
158 1943 232 1977 maxime
244 1942 336 1985 digitorum
349 1941 436 1975 modicum
450 1941 613 1984 profuit-Diutino
623 1942 674 1985 igitur
685 1943 724 1976 talis
735 1943 762 1977 in·
770 1955 789 1986 35

59 1992 160 2036 com[m]odi
170 1993 239 2035 flagello
249 1997 345 2026 correctus:
360 1992 422 2025 eodem
431 1991 460 2034 qui
473 1998 580 2034 percusserat
589 1992 675 2034 medente,
685 1993 762 2035 linguam

59 2043 121 2085 recepit
134 2050 151 2076 et
164 2044 233 2083 ocul0s;
252 2048 279 2075 set
291 2041 309 2074 in
321 2040 437 2074 testimonium
450 2041 591 2084 presumpcionis,
605 2052 659 2085 vsque
672 2043 695 2075 ad
709 2044 762 2076 finem

59 2091 92 2123 vite
102 2103 132 2125 sue
145 2099 242 2125 contractus
255 2091 355 2133 permansit,
366 2091 412 2123 vnde
425 2091 447 2123 de
462 2101 482 2124 eo
495 2091 568 2125 dicitur:
580 2093 654 2125 ‘Tracto
665 2099 763 2127 contractus

13 2137 15 2141 ⁴
59 2139 89 2173 fuit
100 2141 128 2175 hic
139 2152 170 2184 pro
181 2140 251 2174 martire
261 2140 326 2174 factus.¹

86 2231 117 2263 Da
128 2238 213 2266 vncrorus
225 2238 285 2265 ancre
298 2236 320 2263 rra
334 2230 439 2263 Auraswtr
451 2236 561 2264 arrscorult
573 2230 686 2265 Esmuanr
698 2239 737 2265 aare

296 2286 388 2313 SANCTUM
400 2280 527 2313 Enuuunum.

365 2342 430 2376 Uidam
445 2342 536 2386 episcopus
551 2343 674 2385 Estanglorum
685 2345 764 2378 Arsastus
772 2358 792 2388 t⁰

386 2392 457 2426 nomine
476 2399 546 2436 propter
564 2393 675 2436 cupiditatem
696 2405 764 2437 posses-

61 2439 132 2484 sionum,
140 2444 187 2487 apud
194 2443 317 2477 monasterium
328 2442 383 2477 sancti
392 2443 480 2476 Edmundi
488 2444 556 2477 volebat
567 2444 627 2477 sedem
638 2453 687 2476 suam
698 2444 764 2487 episco-

80 2497 86 2516 ¹
97 2500 117 2530 al.
125 2511 156 2531 om,
276 2500 283 2519 ²
293 2501 327 2531 MS.
334 2501 394 2536 exinic;
402 2501 448 2531 overl.
456 2512 460 2531 :
472 2500 483 2532 i.
490 2501 552 2532 camisia
559 2510 594 2530 cnm
601 2501 640 2531 aliis.

61 2538 204 2619 Agg'lllpenpapjpge
214 2541 232 2572 oi
240 2541 324 2578 Marianus,
332 2540 371 2571 from
382 2541 415 2572 MS.
426 2541 470 2572 Bodl.
480 2551 495 2572 v.
505 2550 519 2579 3.
530 2548 539 2579 7
549 2540 585 2578 Iun,
594 2541 607 2571 is
617 2541 661 2579 given
671 2540 686 2570 in
697 2540 766 2573 Menest-

70 2367 167 2403 Marianus
183 2371 202 2403 in
218 2367 306 2403 cronicis&
