1762 2803
126 142 172 195 Dr
187 139 287 192 &aucto
302 137 418 199 uoluunt
432 143 462 189 no
476 138 660 201 amorinum.
716 150 743 197 7³

41 261 183 309 primordialiter
190 261 210 296 in
217 259 273 296 ramis
281 258 350 294 malitie
357 270 401 294 suos
408 259 503 294 instabiles
511 260 599 304 cogitatus
607 259 745 304 suspendebant

41 316 103 351 inuido
111 326 152 350 cum
159 314 319 349 feruore-Tante
325 314 383 358 gratie
391 313 483 348 rutilantia
491 313 653 349 Iohannesvolans
658 319 678 348 vt
685 313 746 358 aquila

42 369 163 413 e0n[s]cendit
168 369 191 402 ad
197 369 264 412 sydera
269 372 360 411 perpetue
365 366 461 409 claritatis3
470 367 522 401 cuius
526 377 623 401 accensam
628 367 745 401 deuotionem

42 421 190 456 comitante¹vita
197 420 276 464 plurima
283 420 383 454 testantur²
388 419 482 461 miracula,
487 430 565 464 quorum
571 420 632 463 aliqua
637 420 657 453 in
663 419 746 463 presenti

43 475 128 509 duximus
136 473 241 507 inserenda.
285 465 370 516 Contigit
377 472 512 516 preordinatiua
520 482 576 506 manu
584 477 649 507 cuncta
656 483 746 516 prospere
754 480 764 510 5

42 526 167 571 gubernantis,
183 524 300 559 sanctissimo
314 531 367 569 patre
383 525 481 568 vigilanter
499 525 635 570 contemplante
654 525 746 570 prioratus

43 580 220 623 excubias-quinque
226 577 335 613 marinarios
342 577 414 613 marine
420 578 536 623 tempestatis
544 580 631 623 voragine
638 579 747 623 nauigantes

43 640 106 677 contra
125 633 213 667 fluctuum
231 631 338 666 discrimina
352 632 436 674 militare,
452 631 483 676 qui
501 632 573 677 placide
587 632 654 677 quietis
672 638 745 676 portum

44 687 149 731 ignorantes
159 684 295 719 omnimodam³
303 684 372 719 diutine
380 686 508 729 desperarunt.
530 685 613 720 Tandem
620 686 683 720 uerbis
691 684 747 720 eiula-

43 739 94 773 toriis
106 738 197 773 deflentes
208 738 320 783 peccamina,
332 739 430 783 animeque
441 739 562 773 memoratiue
574 739 684 773 reducentes
694 744 747 783 gesta
756 750 775 772 ιο

44 791 156 826 lucidissima
163 792 277 836 peroptande
285 791 429 836 supportationis
435 791 493 825 sancti
498 791 583 826 videlicet
588 791 681 832 iohannis,
687 791 747 826 adhuc

44 846 151 888 incorpore
165 854 221 888 supra
234 855 301 888 corpus
314 844 418 878 notabiliter
432 844 568 888 triumphantis,
581 844 640 889 ipsius
655 843 748 879 iuuamina

44 897 178 931 incessabiliter
183 897 296 931 inuocarunt.
313 897 336 931 Et
343 898 387 931 dum
395 897 516 931 excellentem
522 897 604 932 fidutiam
609 896 628 931 in
636 903 685 931 tante
694 896 748 931 stabi·

45 949 111 984 litatis⁴
122 950 221 984 anchoram
233 949 344 995 posuissent,
355 950 430 994 quidam
445 949 506 984 eidem
521 951 569 994 patri
582 949 699 984 sanctissimo
714 960 749 993 per

45 1003 106 1037 omnia
119 1003 224 1037 simillimus
236 1005 255 1037 in
267 1003 364 1037 lineatione
378 1013 472 1047 corporea,
482 1002 510 1037 eis
522 1002 616 1037 visualiter
628 1002 713 1047 apparuit
728 1004 747 1037 in
758 1016 776 1046 ¹5

45 1055 107 1090 habitu
118 1056 202 1100 regulari,
214 1062 232 1091 et
243 1057 312 1091 malum
324 1056 377 1090 nauis
388 1067 444 1090 manu
456 1056 551 1090 stabiliens
562 1056 648 1101 gratiosa,
655 1056 675 1090 in
686 1060 748 1101 optato

45 1109 104 1143 littore
112 1119 179 1143 nauem
187 1108 264 1144 feliciter
271 1109 371 1145 collocauit.
394 1109 480 1155 Quinque
487 1109 579 1155 siquidem
588 1109 629 1153 uiri,
636 1120 671 1155 pro
678 1109 748 1145 liberali

45 1162 115 1207 refugio
123 1162 216 1203 consolati,
225 1163 326 1198 deliberato
334 1164 426 1199 desiderio
434 1164 540 1207 supradicto
550 1163 662 1198 monasterio
673 1164 749 1198 remotis

46 1216 182 1260 impedimentis
195 1222 272 1250 ouanter
283 1217 388 1257 decurrunt,
401 1216 500 1259 supradicti
516 1216 574 1258 patris
589 1215 706 1249 clementiam
721 1227 749 1248 re-

46 1269 127 1301 centius⁶
143 1268 223 1301 visitare.
246 1269 330 1311 Cumque
344 1269 403 1303 veloci
418 1278 475 1312 passu
490 1267 587 1302 ecclesiam
601 1268 778 1312 ingraderentur,ao

46 1326 109 1354 sancto
117 1321 165 1365 patri
172 1320 245 1356 obuiam
251 1327 393 1364 processerunt:
401 1321 499 1365 ipsumque
507 1326 639 1365 cognoscentes
646 1331 680 1365 per
687 1321 749 1355 simili-

46 1373 128 1407 tudinem
140 1373 159 1407 in
168 1372 215 1407 mari
225 1373 324 1418 preuisam‚
333 1385 388 1418 quem
395 1374 436 1409 visu
449 1384 538 1419 corporeo
549 1384 643 1418 nunquam
652 1373 750 1418 primitusu

46 1426 182 1470 cognouissent
187 1437 221 1470 pro
228 1432 266 1461 tam
273 1427 353 1471 gratiosa
360 1427 468 1462 liberatione
476 1426 495 1460 in
503 1433 540 1461 tam
548 1426 636 1471 pestifera
644 1427 750 1463 crudelitate

47 1478 134 1513 fluctuum
146 1479 224 1524 pedibus
236 1480 333 1524 prouoluti,
344 1480 416 1525 singula
428 1481 511 1515 ordinate
523 1480 626 1523 recitantes,
636 1480 670 1515 sibi
682 1482 749 1525 gratias

47 1532 175 1567 deuotissimas
188 1533 296 1568 retulerunt.
323 1534 402 1568 Sanctus
413 1538 475 1567 tamen
488 1533 580 1568 lohannes
592 1533 643 1577 ipsos
655 1533 750 1578 ingeniose
759 1550 778 1581 ²5

47 1585 154 1629 pacificauit,
168 1587 269 1621 admonens
280 1586 332 1632 ipsos
344 1587 379 1623 deo
391 1586 474 1621 debitas⁷
485 1585 553 1630 gratias
564 1586 656 1629 euoluere¹
668 1586 751 1632 nihilque

48 1638 81 1672 sibi
92 1639 195 1674 ascribere:
208 1640 284 1675 uoiens⁸
292 1639 352 1674 inanis
361 1639 419 1684 glorie
426 1640 530 1674 velamento
537 1638 615 1673 labiliter
625 1639 751 1683 resplendere.

49 1692 105 1734 igitur
115 1697 165 1725 tante
177 1692 276 1726 eminentie
287 1692 354 1727 virtute
366 1692 470 1737 preclarum
481 1690 529 1726 felici
540 1696 588 1725 statu
600 1691 694 1726 celestium
708 1703 751 1728 con-

48 1745 149 1787 gaudemus
157 1745 256 1786 celebrare,
261 1755 303 1779 cum
310 1744 329 1779 in
338 1744 392 1779 huius
400 1744 482 1780 miraculi
489 1744 584 1789 priuilegio
589 1744 665 1788 speciali
672 1746 751 1789 quadam

48 1797 167 1840 germanitate
175 1799 233 1841 gratie
241 1799 412 1833 connectivideatur
419 1808 461 1832 cum
468 1803 532 1832 sancto
540 1797 628 1831 Nicholao
636 1798 751 1833 sanctissimo
760 1812 780 1843 30

49 1850 166 1885 confessore:
178 1851 209 1894 qui
220 1851 275 1885 ambo
284 1850 378 1895 perlucide
388 1851 463 1886 lucerne
472 1850 491 1885 in
502 1851 570 1886 mundo
578 1852 669 1896 degentes
677 1862 752 1886 concor-

49 1903 95 1938 diter
105 1904 190 1938 bestiales
201 1910 263 1939 motus
274 1904 357 1948 corporis
369 1905 478 1947 effugarunt,
485 1909 504 1937 et
516 1903 599 1937 eiusdem
611 1903 693 1938 miraculi
703 1904 752 1938 lama

50 1955 114 1990 lluctus
122 1957 179 1991 maris
187 1961 323 2000 expugnarunt,
330 1956 439 2001 nauigantes
448 1956 578 1998 liberauerunt,
586 1960 605 1990 et
616 1966 658 1990 curn
670 1955 725 1991 Petro
733 1956 752 1991 in

50 2008 95 2044 urari
110 2009 164 2044 siccis
179 2009 258 2053 pedibus
273 2010 394 2045 ambularunt.
416 2009 522 2044 Affectuoso
537 2007 593 2053 igitur
607 2009 682 2044 modulo
693 2008 752 2055 ipsius

50 2072 148 2098 exoremus
164 2063 255 2108 suffragia,
267 2063 352 2107 quatinus
367 2069 417 2098 tante
432 2063 518 2097 bonitatis
529 2062 622 2098 iuuamine
633 2063 730 2108 expurgati
742 2074 780 2108 ³35

51 2115 141 2151 fermento
152 2117 221 2151 veteris
232 2116 318 2161 nequitie,
329 2117 361 2151 loti
373 2117 391 2151 iu
403 2116 493 2151 natatorio
504 2115 618 2161 penitentiali
631 2115 687 2159 Siioe,
699 2117 753 2152 siccis

51 2170 128 2212 pedibus
140 2171 229 2205 bonarum
242 2170 359 2205 affectionum
372 2170 426 2205 deuia
437 2170 556 2210 declinantes,
569 2175 686 2213 transgressa
697 2171 753 2205 corri-

51 2229 124 2265 gentes·
133 2234 176 2258 vere
189 2223 247 2267 glorie
260 2223 278 2257 in
291 2223 390 2257 celestibus
402 2228 444 2266 post
457 2223 539 2256 laborem
551 2222 617 2256 solatio
631 2221 753 2265 perimamur.

53 2267 130 2308 Famam
145 2276 204 2309 adhuc
223 2275 316 2309 celebrem
335 2275 389 2309 huius
407 2274 513 2309 luminaris⁹
527 2273 672 2319 inextinguibilis
689 2274 753 2309 volens

51 2326 136 2362 dominus
143 2328 227 2362 efflorare
234 2328 245 2347 ¹⁰
252 2338 287 2372 per
294 2328 361 2369 secula,
369 2328 447 2361 eandem
455 2327 557 2362 nobilitauit
565 2327 693 2362 miraculorum
703 2326 753 2363 illus·
761 2340 781 2371 40

52 2380 106 2415 trium
115 2381 241 2416 recordatione
249 2386 345 2425 perpetua.
368 2381 415 2415 Nam
427 2391 468 2415 cum
479 2381 553 2424 quidam
563 2380 643 2415 famulus
651 2391 692 2415 curn
700 2386 753 2424 patre

52 2432 157 2470 beatissimo
164 2434 253 2479 colloquia
263 2433 373 2476 confoueret,
381 2433 430 2468 idern
441 2433 584 2478 benignissimus
595 2438 646 2478 pater
657 2434 680 2468 de
691 2433 754 2468 uxoris

71 2513 75 2529 ¹
87 2515 105 2544 E.
113 2519 190 2546 calcante.
243 2513 250 2530 ²
260 2514 278 2543 E.
285 2517 382 2544 constanter.
438 2514 444 2531 ³
455 2523 467 2543 r.
475 2513 580 2542 omnimodam
586 2512 663 2543 salutem?
717 2511 722 2529 ¹
734 2511 754 2541 E.

52 2554 144 2584 stadilitatis.
193 2554 317 2584 ⁵E.retentius.
364 2552 449 2590 inprius.
495 2551 603 2581 facetius.
650 2550 752 2582 ”Evolena

52 2592 57 2607 ⁹
68 2592 84 2622 E.
92 2594 172 2623 liminaris.
235 2594 245 2611 Ν
256 2601 268 2623 r.
276 2592 351 2623 efflorere.
