1762 2803
271 140 317 197 bt
332 140 432 195 &antro
447 140 514 193 uiuo.
716 156 741 186 21

43 266 119 299 bouem:
132 263 155 296 ad
162 273 196 297 vos
203 260 291 296 velociter
298 260 380 295 veniet¹.‘
407 260 430 295 Et
438 271 481 295 ecce
489 260 549 294 subito
556 261 580 295 de
588 260 634 295 mari
643 260 746 305 propinquo

44 319 110 351 bouem
125 316 148 349 ad
163 327 184 350 se
198 314 263 349 venire
278 313 397 357 conspiciunt,
412 313 443 356 qui
461 313 561 356 mugiendo
575 323 640 347 vocem
658 313 747 354 exaltans,

44 369 110 404 collum
121 368 141 400 in
152 367 214 410 iugum
230 366 305 400 alterius
320 364 373 399 bouis
388 364 480 399 humiliter
493 365 565 409 posuit;
577 375 611 410 per
623 370 661 399 tres
673 375 748 400 menses

44 421 93 466 apud
104 420 145 454 illos
157 418 215 453 arauit
226 424 245 453 et
253 428 363 462 vnoquoque
373 417 404 452 die
413 428 468 452 mane
480 418 503 451 de
514 417 561 452 mari
568 417 651 460 veniens,
659 422 677 453 et
684 428 748 452 vocem

45 475 133 515 exaltans,
142 472 233 516 completo
244 482 302 516 opere
313 472 440 506 reuertebatur
451 470 470 505 in
483 481 539 505 mare.
572 464 618 506 Alto
630 477 713 515 tempore
725 472 748 505 ad
758 486 766 516 5

44 527 104 562 virum
119 526 149 560 dei
164 525 214 559 misit
229 530 303 559 sanctus
319 524 385 566 Dauid,
399 528 419 558 vt
434 524 457 558 ad
472 523 589 559 salutandum
605 524 657 559 illum
672 523 749 559 veniret.

46 580 129 623 Cumque
140 578 217 612 transito
229 577 275 612 mari
287 577 379 621 aliquanto
392 582 476 621 tempore
489 578 538 622 apud
550 577 601 611 illum
615 577 720 618 mansisset,
731 583 750 611 et

46 632 106 667 redire
121 631 220 672 affectaret,
233 630 279 663 dixit
293 630 317 663 ad
332 636 416 664 sanctum
431 629 502 664 Dauid:
519 629 627 671 ‘Quomodo
640 630 659 663 iu
672 629 749 673 patriam

46 684 120 718 rediens
130 683 197 717 vadam
212 692 246 727 per
261 683 333 717 marei'
356 681 380 716 Et
395 680 436 717 ille:
453 682 539 726 ‘Perge²,
550 681 614 727 inquit,
625 683 649 716 ad
663 693 721 725 mare,
732 688 750 716 et

46 737 168 782 quodcunque
179 735 247 770 animal
259 734 330 771 venerit
345 734 383 777 tibi,
395 747 453 781 super
463 735 520 771 illuda
533 737 642 777 ascendens,
654 747 713 781 usque
726 737 750 770 ad
759 749 779 771 10

47 790 179 826 monasterium
186 795 238 824 tuum
245 790 302 825 vade!
318 788 353 831 Qui
360 788 438 824 veniens
442 790 466 823 ad
473 799 531 832 mare,
535 789 580 824 vidit
587 788 655 824 animal
663 799 750 834 magnum

46 845 65 879 in
77 843 196 878 similitudine
207 842 249 887 equi
261 842 333 887 magni3
348 853 406 887 super
417 841 468 877 cuius
480 842 556 877 dorsum
567 843 641 885 sedens,
652 842 671 878 in
683 842 751 878 Hiber·

47 897 96 932 niam
105 895 161 938 venit,
169 902 186 930 et
195 896 263 930 animal
274 896 293 930 in
303 907 355 930 mare
365 906 462 930 reuersum
472 900 506 931 est.
538 890 585 930 Alio
594 901 656 930 autem
667 901 751 940 tempore

47 948 134 985 ieiunauit
145 947 277 993 quinquaginta
288 948 353 983 diebus
364 953 383 982 et
396 947 486 989 noctibus,
497 947 553 982 nichil
565 949 679 983 manducans
690 959 752 993 neque

48 1003 125 1038 bibens:
137 1007 155 1037 et
166 1012 233 1046 corpus
245 1001 293 1036 illius
305 1001 364 1046 magis
376 1000 395 1035 in
407 1000 481 1035 ieiunio⁴
488 1002 549 1037 creuit.
572 1002 596 1036 Et
608 1001 698 1036 veniens⁴
709 1006 779 1043 ante15

49 1054 128 1090 hostiurn
140 1055 235 1089 cuiusdam
246 1056 300 1099 regis,
308 1061 332 1096 vt,
341 1065 375 1098 pro
386 1055 484 1098 nepotibus
496 1054 534 1088 suis
541 1065 598 1099 prece
609 1065 648 1098 sua,
656 1065 667 1089 a
676 1054 752 1099 captiui·

48 1111 85 1141 tate
93 1105 183 1147 liberaret,
191 1111 210 1140 et
220 1116 264 1140 ecce
275 1105 323 1149 regis
335 1105 373 1139 iilia
384 1110 457 1139 mortua
468 1110 501 1139 est.
524 1105 565 1147 Qua
576 1105 599 1139 ad
610 1115 677 1149 preces
688 1104 753 1148 regine

49 1158 166 1200 resuscitata;
177 1168 219 1192 cum
230 1169 264 1192 rex
275 1158 333 1192 durus
342 1157 404 1192 verbis
415 1157 487 1202 asperis
497 1156 537 1192 viro
549 1162 613 1192 sancto
624 1157 724 1199 resisteret,
735 1163 753 1192 et

49 1210 79 1245 ille
91 1222 154 1254 regem
166 1211 276 1246 maledicere
289 1211 374 1255 cepisset,
387 1221 434 1254 puer
447 1210 478 1254 qui
490 1210 541 1245 iuxta
554 1211 614 1245 stabat
627 1211 683 1245 dixit:
702 1210 754 1245 ‘Aue

49 1264 111 1298 senior
116 1263 127 1305 ⁵,
139 1269 190 1298 tuam
201 1263 348 1298 maledictionem
360 1274 417 1308 super
428 1263 475 1298 hanc
486 1268 557 1308 petram
569 1264 654 1298 effunde.5
677 1263 700 1298 Et
711 1274 753 1298 cum
762 1277 782 1299 1ο

50 1323 124 1351 sanctus
138 1317 286 1353 maledictionem
301 1327 358 1362 super
372 1322 445 1361 petram
460 1316 580 1359 fulminasset,
595 1316 614 1351 in
630 1317 677 1351 duas
692 1317 753 1352 statim

49 1376 111 1414 partes
122 1371 180 1405 diuisa
190 1376 224 1405 est.
247 1372 288 1413 Quo
295 1371 335 1404 viso
346 1381 379 1405 rex
390 1370 510 1414 penitentiam
522 1381 585 1415 agens,
592 1376 671 1415 nepotes
682 1381 726 1405 suos
737 1369 754 1405 ei

50 1424 118 1458 liberos
125 1423 199 1459 dimisit.
222 1415 307 1459 Sedente
316 1435 338 1459 eo
346 1423 405 1458 semel
413 1423 432 1457 in
440 1434 500 1465 curru,
507 1423 549 1467 equi
557 1422 588 1467 qui
593 1424 628 1458 sub
634 1434 688 1458 curru
696 1430 754 1465 erant,

50 1476 154 1512 immobiles
165 1482 260 1517 steterunt,
269 1482 287 1511 et
296 1476 346 1510 venit
356 1478 379 1510 ad
388 1487 431 1510 eum
441 1476 519 1519 angelus
527 1476 602 1516 domini,
610 1476 685 1510 dicens:
701 1476 755 1509 ‘Vult

51 1529 100 1563 enim
108 1529 194 1563 dominus
200 1534 220 1563 vt
228 1530 251 1562 ad
259 1539 336 1573 regnum
348 1528 448 1564 Connactie
455 1529 517 1569 vadas,
525 1533 544 1563 vt
552 1539 615 1572 regem
625 1528 697 1572 magnis
705 1529 755 1562 dolo·
765 1540 783 1571 ²5

51 1582 101 1616 ribus
110 1587 128 1617 et
135 1583 200 1616 morbo
208 1581 302 1625 fatigatum
310 1581 383 1631 sanitati
391 1581 469 1615 reddas!
498 1581 532 1616 Cui
539 1581 580 1617 illc:
592 1582 662 1615 ‘Nolo⁰
671 1582 709 1616 ire!
732 1582 755 1616 Et

51 1635 138 1678 angelus:
154 1634 254 1677 ‘Quamuis
261 1634 348 1676 nolueris,
355 1640 417 1668 tamen
425 1634 466 1677 ibis,
475 1634 517 1678 quia
525 1634 559 1669 hoc
567 1634 606 1670 vult
613 1634 709 1669 dominus.¹
733 1634 755 1669 Et

52 1688 97 1722 dixit
104 1689 127 1722 ad
138 1688 232 1732 aurigam:
245 1687 326 1722 ‘dimitte
337 1698 395 1732 equos
405 1687 433 1722 ire
443 1698 552 1732 quocunque
563 1688 665 1723 voluerint?
688 1687 711 1722 Et
723 1689 755 1723 de-

52 1741 166 1776 clinauerunt
177 1740 219 1785 equi
231 1742 265 1775 sub
277 1751 331 1776 curru
343 1742 366 1775 ad
377 1746 463 1784 stagnum
475 1742 573 1784 quoddam,
581 1745 599 1774 et
610 1740 665 1775 siccis
677 1741 756 1785 pedibus

52 1794 104 1837 quasi
116 1804 150 1837 per
161 1794 231 1828 aridam
242 1798 311 1828 terram
323 1798 451 1838 perrexerunt.
474 1793 497 1827 Et
509 1798 573 1827 sanato
585 1804 635 1837 rege,
646 1794 728 1838 predixit
739 1793 756 1829 ei
765 1803 785 1833 ³0

52 1848 101 1890 quod
108 1847 127 1880 in
135 1847 173 1881 fine
180 1847 218 1881 vite
229 1857 262 1881 sue
272 1846 365 1881 doloribus
374 1847 437 1881 multis
444 1857 524 1891 pressus
534 1857 612 1891 regnum
623 1847 704 1882 celorum
715 1858 757 1882 con·

53 1904 165 1944 sequeretur.
200 1892 276 1944 Scripto
284 1905 345 1934 autem
350 1899 423 1934 cuidam
428 1911 486 1944 puero
494 1901 573 1944 quodam
578 1900 655 1944 psalmo,
660 1900 705 1934 vidit
710 1911 758 1944 puer

53 1964 95 1987 eum
107 1952 167 1986 subito
178 1954 308 1987 ascendentem
320 1963 355 1996 per
364 1952 432 1987 scalam
443 1963 518 1986 auream
529 1952 577 1987 inter
588 1952 647 1987 celum
659 1958 677 1988 et
689 1958 756 1987 terram

53 2005 138 2049 positam,
146 2005 199 2048 pueri
210 2004 291 2040 libellum
303 2016 366 2040 secum
377 2011 493 2050 portantem3
505 2012 523 2040 et
534 2011 576 2050 post
584 2007 658 2050 longam
668 2007 757 2050 temporis

53 2069 124 2093 moram
132 2058 199 2092 iterum
207 2058 302 2099 reuersus,
307 2069 344 2092 non
352 2058 411 2102 potuit
418 2069 466 2103 puer
473 2058 565 2093 sustinere
572 2059 690 2103 splendorem
696 2059 756 2093 vultus
765 2066 784 2097 35

54 2111 98 2146 eius.
117 2112 140 2145 Et
145 2121 203 2155 puero
210 2111 244 2146 ait:
254 2111 310 2145 ‘Vide
315 2122 339 2145 ne
344 2111 397 2145 alicui
403 2112 437 2146 hoc
443 2112 462 2146 in
467 2112 503 2146 vita
509 2123 550 2146 mea
558 2112 641 2146 reuelare
649 2113 756 2156 presumas.¹

53 2165 84 2198 ‘Si
92 2165 152 2207 michi,
160 2164 218 2207 inquit
226 2174 277 2207 puer,
283 2164 306 2197 ad
314 2163 358 2208 quid
366 2164 419 2198 existi
427 2175 464 2198 non
473 2164 567 2205 celauen's,
572 2176 606 2208 ego
614 2165 663 2208 quod
667 2164 704 2198 vidi
712 2164 757 2198 nulli

53 2219 145 2260 pandam.¹
169 2217 223 2260 ‘qu
231 2216 261 2256 ait,
270 2216 319 2250 exiui
330 2217 354 2249 ad
365 2217 444 2249 leticiam
456 2227 511 2260 quam
522 2216 565 2250 lecit
576 2215 643 2250 familia
654 2215 683 2250 dei
694 2215 714 2249 111
725 2217 757 2250 ad·

54 2275 110 2304 uentu
122 2269 179 2304 sancti
192 2269 285 2310 Columbe,
293 2268 346 2302 amici
358 2269 404 2303 mei.¹
439 2261 525 2303 Fallaces
538 2267 612 2312 quidam
624 2272 641 2302 et
653 2268 713 2302 callidi
724 2279 758 2304 sua

54 2323 164 2358 vestimenta
178 2323 197 2357 in
213 2322 264 2357 siluis
278 2322 418 2362 abscondentes,
432 2326 495 2356 vestes
510 2333 521 2355 a
536 2322 576 2355 viro
591 2321 620 2356 dei
635 2322 756 2365 postulabant.
766 2330 786 2359 4⁰

55 2375 126 2417 Quibus
134 2376 168 2412 ait:
181 2376 284 2411 ‘Sustinete
291 2375 390 2420 paulisper,
398 2376 457 2410 donec
464 2374 573 2409 vestimenta
581 2374 683 2420 accipiatis*
706 2375 759 2412 Tunc

55 2429 104 2465 misit
112 2430 182 2465 occulte
190 2431 213 2465 ad
221 2430 261 2464 loca
265 2429 296 2471 ubi
303 2429 412 2465 vestimenta
420 2439 484 2463 eorum
491 2428 597 2463 abscondita
605 2435 663 2472 erant,
669 2435 687 2465 et
695 2430 759 2466 allatas

75 2554 80 2572 ¹
91 2555 109 2584 T.
116 2555 148 2584 vit.
154 2555 249 2584 venientem.
329 2553 335 2570 ²
345 2552 364 2584 E.
372 2552 427 2592 Perge.
502 2553 509 2572 ³
520 2553 538 2585 Ε.
546 2553 594 2586 illum.
674 2554 681 2574 ¹
691 2563 704 2586 c.
711 2555 760 2585 t'enit.

56 2593 62 2612 ⁵
72 2593 90 2625 E.
100 2595 180 2625 seniorum
256 2592 262 2611 ⁶
273 2594 291 2626 E.
299 2593 347 2625 Volo.
