1762 2803
90 120 92 125 ·
132 110 175 152 608
398 106 521 166 duumuir
539 108 570 153 ΙΙ.

131 236 253 271 monasterium
265 236 319 270 sancti
331 236 419 269 Edmundi
428 236 534 279 perueniens,
544 234 598 270 hillari
610 235 731 278 gratulationis
742 243 787 279 voto,
795 250 833 281 pro-

132 286 205 330 pensiori
219 287 290 321 fratrum
303 285 386 329 excipitur
399 286 486 330 obsequio.
509 286 542 320 Vbi
555 291 619 329 quanta
632 286 664 319 deo
679 286 707 329 pie
722 288 833 325 confessionis

132 337 236 378 holocausta,
250 343 313 379 quanta
332 348 374 379 pure
389 337 474 370 oracionis
489 337 567 370 effuderit
582 336 668 377 libamina,
684 337 722 379 quis
738 338 788 379 digne
803 342 833 375 sari

131 386 216 419 sufficiat?
239 387 319 419 Graciam
331 386 429 419 deuotionis
441 387 495 429 operis
507 388 591 429 approbat
602 386 690 419 exhibicio
714 388 805 430 Quoniam,
813 403 834 426 ne

131 436 244 469 infructuosus
257 437 294 469 eius
306 441 351 469 esset
364 437 454 476 aduentus,
467 438 506 469 loco
518 437 574 469 eidem
585 436 681 468 manerium
692 437 714 469 de
729 437 833 475 hlildenhale

114 494 170 525 5curn
185 487 300 529 pertinenciis,
315 491 332 519 et
347 492 386 520 octo
401 487 490 520 hundreda
502 493 519 521 et
532 486 626 526 dimidium,
640 486 695 529 prima
709 486 745 520 vice
759 491 833 534 contulit,

131 539 193 571 deinde
202 539 309 572 confirmauit
318 538 406 571 libertates
414 549 425 571 a
436 541 503 572 Canuto
511 544 528 571 et
537 538 660 571 Hardecanuto
671 543 731 570 sancto
742 539 833 575 Edmundo

131 588 208 628 collatas,
219 594 236 621 et
248 589 295 630 quod
306 589 386 621 monachi
400 588 472 621 liberam
484 589 509 621 sui
525 587 592 621 abbatis
606 588 683 619 habeant
696 587 804 629 eleccionem,
817 598 833 626 et

131 639 191 671 sonam
199 643 216 670 et
224 639 285 671 sakam
292 638 388 680 ubicunque
396 644 449 672 terras
457 638 547 671 habuerint
553 638 580 670 uel
588 636 605 669 in
613 642 700 678 posterum
708 637 805 680 habebunt3
817 647 833 674 et

132 688 179 731 quod
194 687 221 721 ille
236 689 284 721 locus
298 699 385 731 nunquam
400 688 422 721 sit
439 689 506 721 locatus
524 698 563 720 cum
580 686 618 719 aliis
637 686 714 729 personis
730 698 781 730 quarn
796 700 833 724 curn

106 751 124 773 ιο
132 739 231 781 monachis3
245 750 277 773 nec
287 739 347 780 aliquis
359 739 449 781 episcopus
462 739 526 771 habeat
539 747 619 780 vrnquam
631 743 733 779 potestatem
745 737 762 770 in
774 740 834 774 eodeni

132 790 241 830 monasterio,
254 801 286 824 nec
298 790 342 823 infra
357 790 399 823 fines
413 789 491 823 eiusdem
504 789 542 822 ville
558 787 635 822 crucibus
650 787 755 830 designatos.
784 790 834 826 Hanc

132 839 183 881 igitur
199 840 295 872 libertatem
311 839 417 872 mutantibus
432 850 462 871 seu
478 839 496 871 in
513 839 569 880 aliquo
585 837 735 878 adnichilantibus,
753 838 790 880 ipse
806 853 834 874 rex

132 899 195 930 penam
207 889 291 930 apposuit,
304 888 383 921 videlicet
395 889 441 931 quod
454 888 488 920 sint
501 887 638 920 anathematizati
651 893 668 920 et
680 887 697 919 in
709 887 782 920 iehenna
796 889 833 930 igne

132 938 211 980 demersi,
220 938 252 971 nisi
260 939 278 971 in
285 938 320 971 vita
328 949 359 970 sua
366 937 473 980 resipuerint.
497 938 545 970 Idem
553 948 582 970 rex
590 942 659 969 sanctus
667 936 700 969 alia
706 936 743 970 vice
751 939 834 973 concessit

107 996 123 1026 ¹5
132 995 191 1021 sancto
207 990 299 1021 Edmundo
314 994 391 1020 eternam
407 988 502 1021 libertatem
517 988 535 1019 in
546 988 587 1019 villa
598 987 620 1018 de
635 987 799 1020 Beodricesuuorthe
810 990 834 1023 ita

131 1039 203 1082 pleniter
219 1039 263 1072 sicut
278 1049 359 1082 uinquam
372 1039 437 1079 habuit,
449 1039 528 1071 videlicet
544 1044 562 1070 ut
578 1037 659 1080 quociens
673 1037 751 1070 homines
765 1049 833 1072 censum

132 1090 243 1130 persoluerint
262 1089 342 1121 exercitui
360 1091 387 1121 vel
407 1089 485 1128 nauibus,
502 1089 567 1121 tociens
584 1088 623 1119 ville
642 1088 746 1120 habitatores
765 1099 833 1121 censum

132 1139 230 1179 persoluant
241 1139 264 1170 ad
275 1138 396 1171 necessitatem
408 1138 475 1170 abbatis
487 1143 504 1169 et
515 1138 649 1177 monachorum
662 1142 678 1169 et
690 1138 736 1179 quod
747 1148 833 1180 nunquam

132 1187 194 1230 aliquis
206 1193 307 1221 transmutet
317 1188 408 1221 abbaciam
418 1188 440 1221 ad
451 1187 520 1220 alterius
531 1187 595 1220 ordinis
603 1186 654 1227 viros,
664 1187 698 1220 nisi
708 1187 749 1221 velit
759 1189 833 1230 separari

106 1249 143 1271 zoa
158 1239 277 1271 communione
292 1238 320 1272 dei
335 1244 352 1271 et
367 1239 443 1272 omnium
461 1244 559 1271 sanctorum
576 1237 618 1270 eius.
649 1239 693 1270 ltem
710 1238 757 1271 dedit
775 1244 834 1272 sancto

133 1290 225 1321 Edrnundo
235 1290 339 1330 Pakenham,
348 1290 393 1331 quod
405 1288 451 1331 prius
462 1289 522 1321 habuit
531 1288 619 1330 Osgothus
629 1288 672 1328 Claf,
682 1288 703 1321 de
714 1298 747 1330 quo
757 1288 834 1322 scribitur

133 1339 176 1370 infra
191 1338 235 1371 inter
248 1339 330 1371 miracula
345 1338 399 1371 sancti
415 1338 508 1370 Edmundi.
537 1339 581 1370 Item
599 1337 646 1369 dedit
664 1345 724 1370 saneto
742 1338 833 1371 Edmundo

134 1390 249 1429 Konegestofi,
258 1390 332 1430 Wulpet,
343 1389 402 1430 Risby,
412 1389 495 1421 Stantone
503 1393 564 1426 castre,
572 1392 589 1419 et
597 1387 710 1419 monetarium
718 1387 754 1420 siue
762 1399 834 1420 cuneum

133 1438 177 1471 inira
192 1439 264 1478 burgum
278 1438 333 1471 sancti
348 1438 441 1470 Edrnundi.
465 1438 500 1470 Hie
512 1437 554 1469 dixit
567 1438 584 1469 in
600 1436 651 1469 cartis
668 1437 702 1469 suis
718 1447 761 1479 quas
776 1444 834 1470 sancto

106 1497 124 1527 25
134 1487 205 1520 contulit
216 1488 314 1529 Ednrundo,
326 1498 345 1519 se
357 1493 449 1528 cognatum
460 1486 496 1520 eius
508 1487 547 1519 iore.
572 1485 624 1518 Cuius
634 1486 705 1519 ecclesie
717 1487 780 1518 multas
792 1486 834 1519 alias

134 1537 225 1580 dignitates
234 1543 251 1570 et
261 1538 348 1571 libertates
358 1537 442 1570 concessit
451 1544 468 1570 et
478 1537 526 1570 terris
537 1543 554 1569 et
566 1536 661 1569 redditibus
672 1547 710 1569 earn
719 1537 769 1570 valde
779 1536 834 1570 inulti·

133 1587 208 1631 plicauitr

297 1643 327 1673 Du
339 1648 427 1673 nrtJLIERu
438 1647 552 1673 conantem
563 1646 587 1672 ΕΤ
599 1646 678 1671 sariam.

599 1706 673 1747 Empore
682 1706 736 1739 sancti
745 1706 789 1747 regis
800 1706 834 1739 Ed-

620 1755 671 1788 wardi
685 1756 759 1798 quedam
776 1756 835 1789 mulier

134 1811 221 1838 contracta
231 1816 313 1837 manuum
323 1805 365 1837 tulta
375 1804 451 1846 remigio,
460 1805 557 1838 scabellulis
567 1806 643 1847 rependo
653 1806 744 1848 nitebatur,
753 1807 835 1850 reliquam

134 1855 209 1897 corporis
217 1855 299 1887 fabricam
307 1855 360 1888 aridis
368 1855 445 1887 cruribus
454 1856 529 1887 trahens.
543 1857 582 1889 Hec
590 1862 640 1888 nocte
649 1856 715 1899 dieque,
721 1857 782 1889 ceteris
790 1867 835 1889 rece·

107 1919 126 1948 30
134 1905 218 1945 dentibus,
224 1906 246 1938 ab
252 1905 325 1938 ecclesia
330 1915 365 1937 non
373 1905 469 1944 recedebat,
478 1915 554 1946 sperans,
560 1912 577 1939 et
585 1916 652 1947 rogans,
658 1918 669 1939 a
677 1913 736 1939 sancto
744 1906 835 1940 Edmundo

134 1955 214 1996 consequi
227 1955 304 1987 salutem.
327 1955 365 1994 Qua
373 1954 391 1985 in
399 1954 483 1996 peticione
494 1961 614 1995 perseuerante
625 1955 690 1997 [nocte]
701 1956 776 1998 quadarn
786 1956 835 1988 solito

133 2005 197 2048 gratior
210 2016 291 2045 sompnus
303 2005 382 2047 obrepsit.
405 2004 473 2037 Accidit
483 2005 538 2037 eciam
549 2012 589 2038 tunc
600 2005 684 2040 oracionis
694 2006 751 2049 gracia
762 2006 835 2041 nobilem

134 2055 220 2099 quandam
230 2061 326 2089 matronam
337 2055 405 2088 nomine
415 2055 493 2096 Aliuene,
502 2056 524 2088 ab
536 2056 619 2089 Orientali
631 2057 711 2098 Samma,
721 2057 797 2098 affuisse,
808 2067 834 2089 ac·

134 2116 203 2139 censum
212 2116 279 2138 cereum
286 2116 338 2138 manu
346 2107 420 2138 tenendo
426 2105 492 2137 votiuas
500 2106 580 2139 excubias
589 2106 727 2149 celebrante[m]:
736 2108 750 2141 il
759 2109 834 2149 Cumque

107 2168 125 2197 35
134 2155 151 2188 in
164 2155 236 2187 ecclesia
251 2162 319 2188 noctem
334 2154 442 2197 insompnem
457 2155 566 2196 transigeret,
579 2155 647 2188 videtur
661 2156 694 2189 sibi
709 2157 767 2190 subito
782 2157 835 2189 virum

134 2205 182 2238 uultu
196 2210 212 2237 et
227 2205 286 2238 habitu
301 2206 418 2238 venerandum
433 2205 455 2238 de
470 2205 544 2239 sacrario
559 2216 593 2249 quo
608 2206 662 2239 sancti
682 2206 753 2249 pignora
767 2206 835 2240 condita

134 2256 242 2288 habebantur
253 2255 316 2296 egredi,
330 2255 435 2297 amplissimo
447 2255 558 2297 refulgentem
569 2255 638 2296 lumine,
651 2257 765 2299 reseratisque
776 2256 835 2299 quibus

135 2304 253 2347 presbiterium
264 2306 346 2337 chorusve
358 2306 468 2338 claudebatur
479 2305 533 2338 ianuis
545 2316 607 2339 nauem
614 2307 686 2340 ecclesie
694 2308 806 2340 obambulans
814 2305 835 2338 ad

134 2356 190 2388 locum
198 2354 267 2387 deuenit
275 2365 308 2397 quo
316 2360 403 2387 contracta
410 2356 525 2389 recumbebat.
554 2355 620 2397 Aspicit
631 2357 663 2389 bec
672 2357 748 2399 predicta
758 2363 836 2390 matrona

106 2419 126 2447 40
135 2410 152 2437 et
159 2403 278 2444 contremiscit,
286 2415 307 2436 ac
314 2414 358 2445 pene
368 2414 428 2435 amens
439 2404 500 2436 effecta
512 2405 591 2437 inusitate
604 2405 684 2438 miraculo
692 2406 763 2438 visionis
772 2412 835 2449 pertur-

134 2456 189 2488 batur.
213 2455 264 2487 Stans
272 2454 330 2497 itaque
338 2453 364 2485 uir
371 2454 420 2497 quasi
428 2454 504 2487 medicus
512 2465 563 2497 super
571 2455 676 2498 encleticam,
684 2457 751 2499 prolato
760 2455 835 2489 antidoto

134 2506 170 2539 lesa
183 2506 261 2538 membra
273 2504 362 2548 perungit:
379 2505 465 2538 salutifera
480 2515 554 2548 namque
570 2506 639 2539 dextera
655 2512 768 2549 percurrente,
782 2503 835 2539 crucis

134 2562 201 2590 tantum
209 2567 305 2598 supeream
314 2554 393 2588 vexillum
401 2555 482 2598 depingit.
501 2557 540 2599 Quo
548 2563 622 2600 peracto,
631 2558 730 2600 reuertitur;
743 2568 774 2590 nec
783 2565 835 2592 mora,

134 1730 166 1762 Ex
172 1728 215 1761 libro
221 1729 279 1770 prium
286 1728 411 1761 miraculorum
420 1727 505 1770 Sariqffson
512 1728 547 1760 abb.
