1762 2803
120 130 168 171 240
317 117 396 168 nauta
412 114 528 176 mattha
544 115 636 177 analio.

123 249 145 271 eo
157 237 234 271 libenter
245 242 332 281 precepta
344 242 426 281 patrum;
440 248 484 271 vaca
496 237 556 279 scolis,
568 238 610 281 fuge
622 239 752 281 petulantiam:
766 241 827 286 itaque

123 292 214 332 audacter,
230 300 305 335 semper
320 295 381 324 tamen
397 291 431 324 sub
446 290 512 324 timore
527 290 597 324 domini
612 290 689 326 induere
702 292 826 331 fortitudinem

123 350 179 380 tuam,
202 343 285 387 Cumque
300 343 390 378 invirum
405 343 524 386 adoleueris¹‚
538 344 604 388 tequei
620 355 661 378 sors
676 345 752 390 collegio
765 347 826 385 forsan

125 396 197 431 militari
208 396 324 439 ascripserit:
337 396 405 430 habes³
414 397 462 429 hunc
473 396 581 439 magistrum
589 396 666 431 militurn
674 403 772 440 patronum
781 400 827 436 iuste

107 449 235 491 5bellantinm,
244 450 278 484 sub
289 459 325 493 quo
337 448 398 484 disces
410 449 488 484 militare
500 459 537 484 non
549 460 591 485 esse
603 454 704 494 peccatum,
713 451 756 486 dum
768 452 826 496 ipsius

125 515 176 538 more
189 505 223 536 deo
236 503 349 547 religionem,
361 503 440 548 principi
453 503 565 545 fidelitatem,
579 503 638 548 patrie
653 504 754 539 custodiam
768 517 826 551 prona

125 562 186 591 mente
195 556 303 589 reddideris.

146 610 305 646 llLactc'osecunda,
320 601 435 652 Accepimus
441 610 527 643 iamtanti
533 610 590 653 patris
596 611 682 652 exemplo
688 610 826 647 instructionem

125 663 151 696 rei
167 661 259 695 militaris:
279 661 367 706 deinceps
383 662 426 706 quid
443 662 502 696 virum
517 662 547 697 dei
563 662 639 696 deceat⁴
654 662 755 696 audiamus,
784 664 827 699 lin⁵

99 727 117 751 10
125 716 203 749 iudicem
211 720 242 748 aut
249 725 367 749 assensorem
375 715 467 749 constituit
475 720 492 749 te
503 716 581 760 populus
592 720 635 748 tuus
643 727 647 748 :
660 720 700 749 esto
707 716 713 733 ⁰
721 716 773 759 quasi
780 728 827 753 vnus

124 780 148 803 ex
160 768 192 809 eis,
204 778 241 803 non
252 774 271 803 te
282 768 358 810 attollas,
370 779 407 802 non
419 768 520 812 superbias,
532 780 569 803 non
581 767 673 802 minorem
685 767 778 803 concutias
785 782 790 811 ;
803 769 827 805 ita

125 832 212 866 magnum
228 821 339 856 iudicaturus
351 827 371 856 vt
382 833 466 866 paruum,
480 821 529 855 noliT
542 827 627 865 acceptor
643 832 685 855 esse
701 833 827 865 personarum.

126 877 183 909 Porro
191 875 225 909 iste
233 881 307 909 sanctus
315 875 350 908 iam
362 880 380 909 et
392 875 478 909 natalium
486 875 531 919 iure,
539 875 590 918 regio
598 874 693 918 sanguine,
704 875 827 919 secularisque

125 928 197 973 pollicie
209 928 325 972 prerogatiua
336 928 424 972 principis
435 929 491 962 latere
502 929 582 971 quotidie
592 928 677 961 honorari
687 928 800 972 promeruit:
817 942 827 964 a

99 990 117 1020 15
126 981 196 1025 plebeis
204 986 270 1023 tamen,
279 981 373 1025 questibus
382 981 492 1025 pupillorum
501 992 521 1015 ac
531 981 628 1016 viduarum
636 980 754 1015 lachrimosis
764 992 827 1017 aurem

125 1034 198 1077 pietatis
206 1044 244 1065 non
252 1034 324 1066 auertit.

146 1088 161 1123 ‘ll
169 1086 225 1119 Lectio
232 1087 284 1118 tertia.
300 1079 353 1131 Quid
361 1085 483 1119 sacerdotium
491 1086 531 1119 eins
538 1085 651 1130 repetimus?
663 1086 706 1130 quid
712 1086 827 1128 elemosinas,

125 1139 169 1183 quid
180 1138 297 1173 ecclesiarum
310 1138 454 1182 clericorumque
465 1139 521 1181 dotes,
534 1138 577 1183 quid
590 1138 671 1172 omnium
682 1148 759 1182 prorsus
770 1138 827 1173 abiec-

125 1193 194 1227 tionem
202 1191 330 1235 temporalium
341 1192 502 1226 commendamus?
512 1191 547 1226 ista
558 1192 603 1225 mire
614 1191 714 1225 sanctitatis
725 1202 758 1225 sue
766 1191 828 1227 inditia

99 1255 118 1275 20
126 1251 174 1279 sunt.
197 1244 258 1286 Quare
273 1245 292 1278 in
307 1255 379 1278 summa
394 1250 513 1279 recensentes
527 1246 582 1279 totius
597 1245 634 1279 vite
647 1245 715 1279 seriem
728 1245 773 1279 tanti
787 1256 828 1280 con-

126 1296 207 1337 fessoris,
212 1296 267 1340 plane
274 1296 422 1340 recognoscimus
430 1298 479 1341 quod
487 1297 536 1331 omni
543 1303 626 1341 tempore
634 1297 685 1331 duxit
694 1308 736 1331 eum
744 1297 828 1332 dominus

126 1362 160 1394 per
172 1349 212 1383 vias
224 1355 288 1392 rectas,
302 1349 388 1393 deditque
401 1350 426 1383 illi
439 1349 534 1384 scientiam
546 1349 651 1391 sanctitatis,
663 1361 699 1393 qua
710 1361 787 1393 regnum
799 1351 828 1384 dei

127 1402 234 1448 dignissime
246 1407 351 1436 mereretur.
373 1402 462 1444 Tandem,
470 1402 500 1436 vbi
512 1401 531 1436 in
542 1402 596 1437 vinea
608 1402 676 1436 domini
688 1409 773 1447 operator
784 1403 828 1437 assi-

127 1458 175 1490 duus
190 1456 314 1500 multiplicatis
325 1456 399 1489 talentis
415 1456 534 1489 fidelissimus
546 1466 612 1489 seruus
623 1456 711 1500 probatus
723 1461 756 1498 est,
768 1456 828 1490 iussus

101 1521 118 1549 ²5
128 1511 195 1544 intrare
207 1509 237 1541 in*I
249 1508 335 1552 gaudium
347 1509 416 1542 domini
428 1509 461 1549 sui,
469 1509 543 1543 tradidit
555 1509 593 1543 celo
605 1508 691 1549 animam,
702 1514 751 1543 terre
763 1520 828 1552 corpus

128 1561 220 1596 miraculis
232 1561 336 1605 gloriosum,
348 1561 408 1595 omnis
421 1561 496 1595 humani
510 1561 603 1605 languoris
616 1561 752 1596 indeficientem
764 1572 784 1595 ac
797 1572 828 1595 ex-

129 1613 263 1658 peditissimam
274 1614 396 1647 medicinam:
408 1614 504 1647 Prestante
516 1624 538 1647 eo
550 1625 605 1657 quem
617 1620 722 1647 constanter
733 1614 828 1648 confessus

129 1673 157 1702 est
166 1666 239 1701 domino
248 1667 303 1700 ihesu
312 1665 389 1707 Christo,
398 1666 428 1710 qui
436 1676 478 1700 cum
487 1671 539 1710 patre
547 1672 564 1700 et
572 1666 637 1710 spiritu
646 1672 709 1700 sancto
717 1667 762 1701 viuit
769 1677 803 1700 rex
811 1672 829 1700 et

128 1719 215 1755 sacerdos
224 1718 242 1753 in
251 1724 339 1760 eternum,
347 1729 402 1753 amen
408 1719 419 1753 ⁹.

150 1784 153 1801 ¹
164 1784 181 1813 E.
190 1783 283 1813 odoleueris.
339 1783 346 1801 ²
356 1783 387 1814 ΞΒ,
397 1788 465 1821 tuaque.
473 1806 476 1813 .
485 1806 488 1812 .
496 1788 512 1813 te
519 1794 557 1814 aser.
614 1783 620 1801 ³
631 1784 661 1813 SB.
670 1785 735 1814 habens.
793 1783 798 1800 ⁴
809 1784 829 1813 al.

128 1825 217 1854 edocuerat.
274 1823 321 1852 ⁵813,
329 1823 365 1852 Aut.
423 1823 456 1853 εΕ.
465 1824 511 1860 Ergo.
570 1821 663 1853 ⁷E.nollis.
720 1824 761 1853 ⁸om
775 1823 829 1853 inSB.

148 1864 154 1881 ⁹
165 1863 233 1892 Follows
241 1863 257 1891 in
265 1863 299 1891 Sar.
308 1863 354 1891 Brev.
362 1863 389 1891 the
399 1863 452 1891 Hours
459 1863 475 1891 in
483 1863 635 1892 Commemoratione
643 1863 659 1892 S.
669 1864 688 1893 O.

419 1912 448 1941 Ad
458 1912 537 1950 Vesperas:

308 1962 364 1990 Pastor
374 1963 409 1999 pius
420 1963 440 1991 ad
450 1963 503 1999 gregis
514 1963 586 1998 gaudium

308 2002 350 2038 egris
360 2006 420 2039 prestat
430 2002 462 2030 vite
473 2002 550 2038 solatium,

308 2041 392 2071 confractis
403 2042 476 2070 membris
487 2042 548 2071 confert
558 2041 649 2078 subsidium,

309 2084 325 2109 et
335 2081 378 2109 visus
389 2082 430 2110 cecis
441 2082 496 2118 prebet
506 2081 591 2118 refugium

309 2120 382 2150 exultans
393 2122 451 2158 gaudet
461 2125 511 2150 mater
521 2130 550 2159 per
560 2121 618 2152 filium:

309 2170 340 2198 que
350 2160 377 2189 tali
387 2165 433 2198 partu
444 2161 490 2190 ssorct
500 2164 517 2190 vt
527 2161 581 2190 lilium

149 2201 176 2229 Ps.
192 2200 286 2235 Magnificat.

151 2240 177 2268 Or.
190 2238 233 2267 Deus
241 2239 267 2275 qni
275 2239 336 2267 beatum
344 2238 442 2268 osmundum
449 2239 539 2276 pontificem
545 2244 588 2269 tuum
595 2250 605 2269 a
610 2240 659 2269 seculi
667 2240 722 2270 militia
729 2240 749 2270 ad
756 2239 830 2269 celestem

130 2278 217 2308 reuocasli:
228 2279 298 2307 concede
311 2278 356 2307 nobis
366 2283 383 2307 vt
394 2280 477 2308 mundanis
485 2280 549 2309 abiectis
560 2280 642 2310 desideriis
654 2280 695 2310 bona
706 2280 770 2310 celestia
780 2278 831 2316 capia-

130 2326 165 2349 mus
178 2328 211 2356 per.

165 2342 169 2358 1
415 2358 443 2388 Ad
452 2358 547 2390 illatutinas:

280 2408 318 2437 Ani.
331 2408 376 2436 Bone
387 2408 428 2444 lesu,
440 2409 517 2436 Osmundi
528 2410 586 2438 meritis

331 2451 348 2475 tu
359 2456 388 2476 nos
399 2448 457 2476 munda
467 2448 521 2476 mundi
531 2449 596 2485 piaculis

331 2490 347 2515 et
357 2486 427 2515 concede
437 2490 454 2515 ut
464 2495 504 2523 grex
514 2496 523 2516 a
534 2488 597 2517 maculis

332 2529 431 2561 peccatorum
441 2525 483 2555 vinat
493 2526 580 2558 incolumis.

294 2565 321 2596 Ps.
332 2565 432 2596 Benedictus.
