1762 2803
255 136 300 191 br
315 134 415 188 &antro
432 133 595 186 ootumtaoo.
734 151 776 195 215

75 256 130 292 lussit
141 268 185 302 ergo
196 269 240 293 suos
251 259 318 302 gratias
330 258 430 301 laudesque
441 257 529 291 conditori
543 257 611 292 referre
625 262 643 291 et
657 262 721 301 postea
733 269 778 293 aues

75 320 151 353 capere:
163 321 198 343 nec
209 315 251 343 ante
263 311 342 343 triduum
353 309 463 342 abscedere¹
475 311 593 353 temptabant.
616 310 695 351 Quidam
705 321 778 354 quoque

74 362 157 405 pontifex
166 363 253 399 diuinitus
264 362 368 397 admonitus
378 361 465 395 frumenti
476 363 547 406 copiam
554 363 594 396 viro
602 362 632 396 dei
640 362 711 396 direxit.
733 362 778 396 Tale

74 426 133 458 genus
145 417 206 449 auium
220 416 281 450 nullus
294 415 370 449 fratrum
383 420 425 448 ante
437 415 512 457 viderat,
525 421 542 449 et
556 421 618 449 tantus
630 426 694 449 earum
706 415 725 449 in
738 416 778 449 cibo

74 480 129 512 sapor
144 474 188 511 erat,
201 475 220 503 vt
235 470 290 503 etiam
303 470 360 513 dapes
375 469 435 512 regias
447 469 521 503 vincere
534 469 631 503 videretur.
677 460 728 504 Cum
743 469 795 511 subs

74 522 153 565 quodam
169 522 244 565 scopulo
259 523 307 556 inter
320 527 372 556 vasta
388 522 458 555 heremi
473 522 540 556 ieiunio
555 533 622 566 corpus
637 528 744 564 maceraret,
759 528 777 556 et

74 579 136 618 preter
143 585 198 617 poma
206 575 297 608 siluestria
304 575 327 608 ad
333 574 445 608 vescendum
452 585 489 608 non
496 575 576 617 haberet,
580 586 634 609 vrsus
642 576 777 619 superueniens

74 627 127 661 auide
135 627 166 660 illa
174 628 269 661 comedere
278 628 330 671 cepit.
354 627 407 669 Quod
415 628 443 661 vir
452 628 481 661 dei
492 627 601 671 intelligens,
610 628 713 662 ministrum
722 638 776 662 suurn

74 681 129 722 misit,
137 681 168 723 qui
175 686 246 723 partem
254 691 350 724 pomorum
359 680 397 713 sere
408 680 506 713 dimitteret
516 686 534 714 et
544 681 597 714 aliam
608 687 679 725 partem
690 681 776 715 intactam

74 733 97 765 ab
108 743 130 765 ea
144 734 213 766 seruari
224 734 299 767 iuberet.
322 733 345 766 Et
358 743 400 766 curn
413 734 497 767 minister
508 734 583 767 arbores
597 739 656 767 certas
669 734 708 768 fere
718 735 775 778 assig-
786 746 805 766 ro

74 791 142 828 nasset,
150 792 220 829 partem
228 787 262 819 viri
270 787 299 819 dei
307 786 400 829 deinceps,
408 796 442 819 sua
452 791 549 819 contentus
557 787 647 829 portione,
655 792 730 830 tangere
738 798 775 821 non

73 839 191 882 presumpsit.
236 831 310 872 Interea
322 838 369 871 inter
380 838 514 871 Theodericum
526 837 711 882 Theodebertumque
722 849 776 883 reges

74 889 96 923 lis
107 890 195 932 firmatur,
203 901 223 924 ac
231 896 307 934 vterque
319 890 408 923 aduersus
420 889 494 923 fratrem
506 900 560 923 suurn
571 900 630 934 vsque
641 890 664 923 ad
676 891 777 924 internitio-

74 953 116 976 nem
130 944 206 977 deseuit.
229 943 280 977 Inter
293 953 329 986 que
342 942 370 976 vir
383 942 412 976 dei
425 943 448 976 ad
461 942 610 977 Theodebertum
624 944 699 985 accedit,
712 943 777 987 eique²

74 997 138 1029 suadet
149 1002 169 1029 vt
182 1002 234 1038 cepte
249 995 352 1038 arrogantie
367 995 485 1038 supercilium
501 995 606 1038 deponeret,
620 1006 677 1039 seque
691 996 776 1030 clericum
787 1008 805 1038 15

73 1047 140 1082 faceret
148 1054 166 1082 et
174 1050 192 1082 in
201 1048 278 1082 ecclesia
286 1048 357 1091 positus
367 1058 419 1081 sacre
426 1047 509 1090 religioni
517 1048 631 1090 subderetur,
639 1059 663 1082 ne
671 1048 726 1083 simul
734 1060 776 1083 eum

74 1100 154 1143 dampno
173 1100 265 1144 presentis
284 1100 341 1143 regni,
357 1104 420 1133 eterne
434 1100 471 1133 vite
488 1100 584 1143 dispendia
602 1106 700 1144 pateretur.
723 1101 776 1143 Quod

73 1151 141 1183 dietum
152 1151 190 1194 regi
198 1156 216 1183 et
224 1150 309 1183 omnibus
319 1150 478 1183 circumstantibus
489 1150 546 1183 risum
554 1151 650 1193 excitauit3
662 1151 745 1185 dicentes
755 1163 776 1185 se

73 1213 167 1247 nunquam
183 1204 261 1245 audisse,
276 1202 405 1245 Meruingum³
416 1203 435 1236 in
451 1213 508 1246 regno
523 1203 640 1237 sublimatum
652 1204 775 1238 voluntarium

74 1255 160 1290 clericum
169 1255 231 1290 fuisse.
254 1255 391 1289 Detestantibus
402 1266 446 1298 ergo
454 1255 488 1289 hoc
497 1255 593 1289 consilium
601 1257 692 1298 omnibus,
701 1256 775 1291 Colum·
785 1271 804 1292 zo

73 1308 131 1343 banus
146 1311 181 1343 ait:
199 1309 229 1343 ‘Si
241 1308 353 1342 voluntarius
368 1308 473 1342 nullatenus
488 1308 592 1342 clericatum
608 1314 673 1351 sumat,
689 1309 707 1343 in
723 1310 775 1344 breui

73 1362 141 1396 inuitus
153 1362 230 1395 clericus
242 1362 284 1395 fiet.r
308 1361 343 1394 His
356 1361 409 1394 dictis
420 1361 448 1394 vir
459 1361 489 1394 dei
502 1361 525 1394 ad
537 1361 603 1395 cellam
615 1372 667 1395 suam
679 1372 776 1405 regressus

73 1420 106 1447 est.
130 1414 169 1447 Nec
181 1424 237 1454 mora,
246 1413 371 1446 Theodericus
381 1412 530 1446 Theodebertum
541 1414 564 1446 ad
576 1413 644 1447 bellurn
657 1421 749 1456 prouocat,
757 1421 775 1448 et

73 1476 130 1510 prope
138 1465 213 1499 Tullum
221 1466 312 1499 deuictum
322 1464 376 1508 sugat.
421 1457 452 1497 Eo
463 1469 546 1509 ternpore
553 1465 581 1498 vir
591 1465 621 1499 dei
632 1464 698 1499 librum
709 1471 776 1500 tenens

73 1519 144 1562 legebat
156 1524 173 1552 et
184 1519 244 1553 subito
254 1528 321 1562 sopore
331 1527 438 1561 oppressus,
450 1517 493 1561 quid
505 1518 553 1551 inter
566 1518 613 1551 duos
624 1528 678 1561 reges
691 1523 776 1562 ageretur
785 1534 804 1564 ²5

72 1571 122 1605 vidit.
145 1571 169 1604 Et
181 1572 269 1605 excitatus
283 1575 377 1604 cruentam
389 1580 453 1613 regum
466 1580 547 1613 pugnam
559 1569 643 1603 ministro
657 1581 690 1604 suo
703 1571 776 1613 indicat,

73 1629 91 1657 et
110 1625 187 1658 multum
206 1625 307 1658 humanum
326 1623 435 1667 sanguinem
454 1623 505 1657 fundi
524 1624 609 1667 suspirat.
632 1624 702 1666 ‘Pater,
718 1625 776 1668 inquit

73 1677 162 1721 minister,
177 1678 306 1712 Theodeberto
324 1677 410 1721 precibus
428 1676 465 1710 tuis
483 1676 540 1721 prebe
559 1676 671 1721 suffragium,
688 1683 708 1711 vt
726 1688 776 1712 eorn-

73 1740 148 1764 munem
164 1732 244 1765 debellet
261 1731 334 1764 hostem
349 1729 495 1763 Theodericum:
518 1730 614 1771 ‘Stultum
629 1730 687 1774 inquit
703 1730 776 1765 Colum·

73 1783 137 1825 banus,
149 1795 170 1817 ac
185 1784 268 1827 religioni
284 1783 364 1817 alienum
378 1783 474 1816 consilium
488 1783 615 1817 administras:
633 1783 674 1817 Non
688 1784 738 1818 enim
751 1784 776 1818 ita
785 1799 804 1827 3⁰

73 1836 158 1869 dominus
166 1836 227 1878 voluit,
235 1836 266 1879 qui
277 1846 311 1869 nos
319 1845 353 1879 pro
361 1834 439 1868 inimicis
447 1835 515 1868 nostris
523 1845 575 1868 orare
583 1835 649 1869 docuit.
672 1835 693 1869 ln
702 1836 775 1870 arbitrio

72 1893 101 1921 est
112 1888 154 1921 iusti
167 1889 231 1921 iudicis
244 1888 286 1930 quid
299 1888 322 1920 de
336 1887 363 1920 eis
378 1887 417 1919 fieri
427 1887 481 1920 velit.¹
504 1887 614 1920 Persecutus
625 1889 681 1930 ergo*
690 1888 775 1921 Theode-

73 1940 144 1974 bertum
155 1940 284 1982 Theodericus,
294 1944 312 1973 et
323 1949 398 1973 suorum
410 1939 512 1983 proditione
524 1944 597 1983 captum
608 1939 631 1973 ad
643 1941 703 1973 aulam
715 1939 774 1974 Brun·

73 1994 152 2028 childem
158 1993 228 2026 direxit.
247 1992 306 2034 Quem
313 2002 355 2025 cum
361 1991 392 2024 illa
398 1992 504 2035 recepisset,
509 1996 527 2025 et
532 1991 640 2025 Theoderici
646 1992 692 2035 parti
699 1991 774 2034 faueret,

72 2047 220 2081 Theodebertum
229 2045 314 2079 clericum
323 2044 362 2078 fieri
372 2045 451 2088 rogauit3
464 2055 485 2078 ac
495 2055 532 2078 non
540 2050 581 2088 post
592 2044 660 2078 multos
668 2045 708 2079 dies
718 2045 774 2090 impie
783 2059 802 2090 ³5

73 2101 128 2134 nimis
146 2105 188 2144 post
205 2098 309 2133 clericatum
324 2098 390 2142 perimi
405 2098 462 2131 iussit.
507 2090 567 2131 Porro
582 2097 707 2132 Theodericus
725 2100 774 2143 apud

73 2158 175 2186 metensem
186 2152 250 2185 vrbem
262 2160 342 2191 morans,
353 2150 440 2183 diuinitus
451 2160 551 2193 percussus
562 2150 610 2184 inter
621 2150 714 2194 flagrantis
726 2151 774 2194 ignis

72 2205 156 2240 incendia
164 2210 246 2238 mortuus
254 2209 286 2237 est.
309 2203 353 2237 Post
361 2214 415 2247 quem
425 2203 541 2237 Brunchildis
550 2203 607 2236 filiurn
615 2204 655 2237 eius
663 2203 774 2248 Sigiberturn

72 2260 119 2303 patri
127 2259 224 2293 substituit.
247 2257 344 2291 Lotharius
355 2257 421 2300 itaque,
429 2267 500 2290 mernor
510 2257 605 2301 prophetie
612 2257 646 2290 viri
655 2257 689 2298 dei,
698 2256 775 2291 collecto

72 2313 154 2346 exercitu
162 2313 209 2345 fines
217 2311 268 2354 regni
277 2311 305 2344 sui
310 2310 322 2351 ὃ,
330 2310 361 2353 qui
368 2320 401 2342 sue
406 2310 469 2343 ditioni
477 2311 595 2351 debebantur,
601 2309 685 2352 eriperet
693 2316 774 2345 conatur.
782 2326 803 2355 40

73 2365 141 2400 Contra
152 2375 207 2409 quern
219 2364 321 2409 sigibertus
332 2367 446 2406 pugnaturus
458 2363 542 2404 aduenit3
556 2373 611 2406 quern
622 2362 720 2397 Lotharius
732 2373 775 2408 cap-

72 2424 111 2451 tum
121 2419 204 2462 peremit,
213 2418 313 2461 fratresque
324 2417 363 2449 eius
374 2416 460 2459 quinque,
468 2415 576 2449 Theoderici
586 2415 639 2458 filios,
647 2426 689 2449 cum
699 2418 775 2460 proauia

73 2471 185 2503 Brunchilde
198 2472 251 2514 cepit,
262 2475 280 2502 et
293 2468 354 2513 pueris
368 2469 466 2511 separatim
478 2468 548 2508 occisis,
561 2467 693 2502 Brunchildem
704 2470 775 2502 camelo

92 2539 126 2569 ¹E.
134 2539 216 2569 abcedere.
272 2537 305 2567 ²T.
314 2537 331 2567 E.
339 2546 410 2574 eumque.
464 2535 635 2574 ³T.E.ineruingum.
690 2536 776 2569 *Vitest

72 2579 78 2596 ⁵
88 2589 118 2608 orn.
127 2580 143 2608 in
150 2579 181 2609 Vit
223 2578 229 2596 ⁶
238 2579 269 2608 Vit.
278 2578 353 2615 recipcre.
