<?xml version="1.0" encoding="UTF-8"?>
<!DOCTYPE html PUBLIC "-//W3C//DTD XHTML 1.0 Transitional//EN"
    "http://www.w3.org/TR/xhtml1/DTD/xhtml1-transitional.dtd">
<html xmlns="http://www.w3.org/1999/xhtml" xml:lang="en" lang="en">
 <head>
  <title>
</title>
<meta http-equiv="Content-Type" content="text/html;charset=utf-8" />
  <meta name='ocr-system' content='tesseract 3.04.00' />
  <meta name='ocr-capabilities' content='ocr_page ocr_carea ocr_par ocr_line ocrx_word'/>
</head>
<body>
  <div class='ocr_page' id='page_1' title='image "./MN5111ucmf_0/MN5111ucmf_0_0943.png"; bbox 0 0 1762 2803; ppageno 0'>
   <div class='ocr_carea' id='block_1_1' title="bbox 287 94 780 157">
    <p class='ocr_par' dir='ltr' id='par_1_1' title="bbox 287 94 780 157">
     <span class='ocr_line' id='line_1_1' title="bbox 287 94 780 157; baseline -0.012 -8"><span class='ocrx_word' id='word_1_1' title='bbox 287 96 333 151; x_wconf 61' lang='lat' dir='ltr'>mc</span> <span class='ocrx_word' id='word_1_2' title='bbox 347 94 448 148; x_wconf 58' lang='lat' dir='ltr'>&amp;anno</span> <span class='ocrx_word' id='word_1_3' title='bbox 464 96 573 157; x_wconf 66' lang='lat' dir='ltr'>bicone.</span> <span class='ocrx_word' id='word_1_4' title='bbox 736 111 780 156; x_wconf 79' lang='lat'>327</span> 
     </span>
    </p>
   </div>
   <div class='ocr_carea' id='block_1_2' title="bbox 78 215 811 1218">
    <p class='ocr_par' dir='ltr' id='par_1_2' title="bbox 78 215 811 1218">
     <span class='ocr_line' id='line_1_2' title="bbox 78 215 781 263; baseline 0.003 -11"><span class='ocrx_word' id='word_1_5' title='bbox 78 215 163 261; x_wconf 85' lang='lat' dir='ltr'>vestiuit;</span> <span class='ocrx_word' id='word_1_6' title='bbox 181 216 282 254; x_wconf 89' lang='lat' dir='ltr'>monachos</span> <span class='ocrx_word' id='word_1_7' title='bbox 297 227 318 254; x_wconf 88' lang='lat' dir='ltr'>se</span> <span class='ocrx_word' id='word_1_8' title='bbox 333 216 413 254; x_wconf 88' lang='lat' dir='ltr'>inuicem</span> <span class='ocrx_word' id='word_1_9' title='bbox 428 217 512 263; x_wconf 82' lang='lat' dir='ltr'>diligere,</span> <span class='ocrx_word' id='word_1_10' title='bbox 526 218 589 253; x_wconf 86' lang='lat' dir='ltr'>oculos</span> <span class='ocrx_word' id='word_1_11' title='bbox 604 217 672 254; x_wconf 83' lang='lat' dir='ltr'>mentis</span> <span class='ocrx_word' id='word_1_12' title='bbox 687 218 710 254; x_wconf 95' lang='lat' dir='ltr'>ad</span> <span class='ocrx_word' id='word_1_13' title='bbox 725 219 781 255; x_wconf 90' lang='lat' dir='ltr'>deum</span> 
     </span>
     <span class='ocr_line' id='line_1_3' title="bbox 79 270 781 317; baseline 0.003 -12"><span class='ocrx_word' id='word_1_14' title='bbox 79 270 164 316; x_wconf 84' lang='lat' dir='ltr'>dirigere,</span> <span class='ocrx_word' id='word_1_15' title='bbox 177 272 265 306; x_wconf 82' lang='lat' dir='ltr'>celestem</span> <span class='ocrx_word' id='word_1_16' title='bbox 279 271 356 317; x_wconf 90' lang='lat' dir='ltr'>patriam</span> <span class='ocrx_word' id='word_1_17' title='bbox 369 271 476 307; x_wconf 87' lang='lat' dir='ltr'>desiderare</span> <span class='ocrx_word' id='word_1_18' title='bbox 491 272 558 307; x_wconf 79' lang='lat' dir='ltr'>docuit.</span> <span class='ocrx_word' id='word_1_19' title='bbox 582 272 660 307; x_wconf 89' lang='lat' dir='ltr'>Demum</span> <span class='ocrx_word' id='word_1_20' title='bbox 676 275 781 308; x_wconf 88' lang='lat' dir='ltr'>conuocatis</span> 
     </span>
     <span class='ocr_line' id='line_1_4' title="bbox 79 324 781 370; baseline 0.004 -13"><span class='ocrx_word' id='word_1_21' title='bbox 79 324 122 358; x_wconf 87' lang='lat' dir='ltr'>filiis</span> <span class='ocrx_word' id='word_1_22' title='bbox 137 325 176 359; x_wconf 91' lang='lat' dir='ltr'>suis</span> <span class='ocrx_word' id='word_1_23' title='bbox 188 336 234 370; x_wconf 91' lang='lat' dir='ltr'>quos</span> <span class='ocrx_word' id='word_1_24' title='bbox 247 326 282 359; x_wconf 88' lang='lat' dir='ltr'>deo</span> <span class='ocrx_word' id='word_1_25' title='bbox 295 325 362 369; x_wconf 87' lang='lat' dir='ltr'>genuit,</span> <span class='ocrx_word' id='word_1_26' title='bbox 378 330 397 360; x_wconf 93' lang='lat' dir='ltr'>et</span> <span class='ocrx_word' id='word_1_27' title='bbox 411 325 484 370; x_wconf 90' lang='lat' dir='ltr'>populo,</span> <span class='ocrx_word' id='word_1_28' title='bbox 498 325 533 360; x_wconf 89' lang='lat' dir='ltr'>ait:</span> <span class='ocrx_word' id='word_1_29' title='bbox 553 325 650 360; x_wconf 79' lang='lat' dir='ltr'>l‘Fratres</span> <span class='ocrx_word' id='word_1_30' title='bbox 663 325 699 361; x_wconf 90' lang='lat' dir='ltr'>mei</span> <span class='ocrx_word' id='word_1_31' title='bbox 714 331 732 360; x_wconf 88' lang='lat' dir='ltr'>et</span> <span class='ocrx_word' id='word_1_32' title='bbox 748 326 781 360; x_wconf 89' lang='lat' dir='ltr'>lilii</span> 
     </span>
     <span class='ocr_line' id='line_1_5' title="bbox 80 376 781 423; baseline 0.004 -13"><span class='ocrx_word' id='word_1_33' title='bbox 80 376 188 418; x_wconf 84' lang='lat' dir='ltr'>charissimi,</span> <span class='ocrx_word' id='word_1_34' title='bbox 196 383 268 423; x_wconf 85' lang='lat' dir='ltr'>oportet</span> <span class='ocrx_word' id='word_1_35' title='bbox 276 388 307 412; x_wconf 88' lang='lat' dir='ltr'>me</span> <span class='ocrx_word' id='word_1_36' title='bbox 315 378 435 422; x_wconf 85' lang='lat' dir='ltr'>dispositione</span> <span class='ocrx_word' id='word_1_37' title='bbox 443 378 505 413; x_wconf 87' lang='lat' dir='ltr'>diuina</span> <span class='ocrx_word' id='word_1_38' title='bbox 512 378 535 413; x_wconf 93' lang='lat' dir='ltr'>ab</span> <span class='ocrx_word' id='word_1_39' title='bbox 544 378 633 413; x_wconf 82' lang='lat' dir='ltr'>Hibernia</span> <span class='ocrx_word' id='word_1_40' title='bbox 640 388 718 423; x_wconf 81' lang='lat' dir='ltr'>peregre</span> <span class='ocrx_word' id='word_1_41' title='bbox 726 379 781 423; x_wconf 87' lang='lat' dir='ltr'>profi·</span> 
     </span>
     <span class='ocr_line' id='line_1_6' title="bbox 79 429 799 476; baseline 0.003 -12"><span class='ocrx_word' id='word_1_42' title='bbox 79 429 123 465; x_wconf 87' lang='lat' dir='ltr'>cisci</span> <span class='ocrx_word' id='word_1_43' title='bbox 138 436 157 465; x_wconf 88' lang='lat' dir='ltr'>et</span> <span class='ocrx_word' id='word_1_44' title='bbox 169 430 280 465; x_wconf 89' lang='lat' dir='ltr'>Cornubiam</span> <span class='ocrx_word' id='word_1_45' title='bbox 295 436 365 474; x_wconf 87' lang='lat' dir='ltr'>petere,</span> <span class='ocrx_word' id='word_1_46' title='bbox 381 436 399 465; x_wconf 90' lang='lat' dir='ltr'>et</span> <span class='ocrx_word' id='word_1_47' title='bbox 414 431 471 465; x_wconf 90' lang='lat' dir='ltr'>finem</span> <span class='ocrx_word' id='word_1_48' title='bbox 484 432 521 466; x_wconf 90' lang='lat' dir='ltr'>vite</span> <span class='ocrx_word' id='word_1_49' title='bbox 535 442 576 466; x_wconf 89' lang='lat' dir='ltr'>mee</span> <span class='ocrx_word' id='word_1_50' title='bbox 589 430 657 466; x_wconf 88' lang='lat' dir='ltr'>ibidem</span> <span class='ocrx_word' id='word_1_51' title='bbox 671 439 799 476; x_wconf 70' lang='lat' dir='ltr'>expectarezs</span> 
     </span>
     <span class='ocr_line' id='line_1_7' title="bbox 80 483 782 529; baseline 0.003 -11"><span class='ocrx_word' id='word_1_52' title='bbox 80 483 167 519; x_wconf 88' lang='lat' dir='ltr'>voluntati</span> <span class='ocrx_word' id='word_1_53' title='bbox 181 484 211 519; x_wconf 92' lang='lat' dir='ltr'>dei</span> <span class='ocrx_word' id='word_1_54' title='bbox 227 484 313 519; x_wconf 88' lang='lat' dir='ltr'>resistere</span> <span class='ocrx_word' id='word_1_55' title='bbox 326 495 364 519; x_wconf 90' lang='lat' dir='ltr'>non</span> <span class='ocrx_word' id='word_1_56' title='bbox 377 495 460 529; x_wconf 79' lang='lat' dir='ltr'>possum.</span> <span class='ocrx_word' id='word_1_57' title='bbox 483 484 551 520; x_wconf 87' lang='lat' dir='ltr'>Moneo</span> <span class='ocrx_word' id='word_1_58' title='bbox 562 495 601 527; x_wconf 88' lang='lat' dir='ltr'>vos,</span> <span class='ocrx_word' id='word_1_59' title='bbox 613 485 683 526; x_wconf 82' lang='lat' dir='ltr'>iratres,</span> <span class='ocrx_word' id='word_1_60' title='bbox 696 486 782 520; x_wconf 88' lang='lat' dir='ltr'>edificare</span> 
     </span>
     <span class='ocr_line' id='line_1_8' title="bbox 78 536 782 582; baseline 0.003 -12"><span class='ocrx_word' id='word_1_61' title='bbox 78 536 139 571; x_wconf 89' lang='lat' dir='ltr'>locum</span> <span class='ocrx_word' id='word_1_62' title='bbox 150 537 230 571; x_wconf 88' lang='lat' dir='ltr'>inbonis</span> <span class='ocrx_word' id='word_1_63' title='bbox 241 538 328 582; x_wconf 87' lang='lat' dir='ltr'>operibus</span> <span class='ocrx_word' id='word_1_64' title='bbox 339 543 357 572; x_wconf 90' lang='lat' dir='ltr'>et</span> <span class='ocrx_word' id='word_1_65' title='bbox 367 538 463 582; x_wconf 85' lang='lat' dir='ltr'>exemplis,</span> <span class='ocrx_word' id='word_1_66' title='bbox 471 538 513 582; x_wconf 92' lang='lat' dir='ltr'>quia</span> <span class='ocrx_word' id='word_1_67' title='bbox 524 538 556 572; x_wconf 86' lang='lat' dir='ltr'>filii</span> <span class='ocrx_word' id='word_1_68' title='bbox 568 538 676 582; x_wconf 86' lang='lat' dir='ltr'>perditionis</span> <span class='ocrx_word' id='word_1_69' title='bbox 688 543 706 572; x_wconf 92' lang='lat' dir='ltr'>et</span> <span class='ocrx_word' id='word_1_70' title='bbox 718 538 782 573; x_wconf 87' lang='lat' dir='ltr'>mortis</span> 
     </span>
     <span class='ocr_line' id='line_1_9' title="bbox 79 589 782 635; baseline 0.003 -12"><span class='ocrx_word' id='word_1_71' title='bbox 79 589 135 623; x_wconf 81' lang='lat' dir='ltr'>futuri</span> <span class='ocrx_word' id='word_1_72' title='bbox 147 596 195 624; x_wconf 92' lang='lat' dir='ltr'>sunt.</span> <span class='ocrx_word' id='word_1_73' title='bbox 217 590 297 624; x_wconf 83' lang='lat' dir='ltr'>Venient</span> <span class='ocrx_word' id='word_1_74' title='bbox 309 591 364 624; x_wconf 91' lang='lat' dir='ltr'>etiam</span> <span class='ocrx_word' id='word_1_75' title='bbox 375 591 477 624; x_wconf 83' lang='lat' dir='ltr'>mortalitas</span> <span class='ocrx_word' id='word_1_76' title='bbox 488 596 507 624; x_wconf 89' lang='lat' dir='ltr'>et</span> <span class='ocrx_word' id='word_1_77' title='bbox 518 591 586 635; x_wconf 74' lang='lat' dir='ltr'>prelia3</span> <span class='ocrx_word' id='word_1_78' title='bbox 599 591 677 625; x_wconf 81' lang='lat' dir='ltr'>ecclesie</span> <span class='ocrx_word' id='word_1_79' title='bbox 688 591 782 626; x_wconf 89' lang='lat' dir='ltr'>destructe</span> 
     </span>
     <span class='ocr_line' id='line_1_10' title="bbox 80 642 782 687; baseline 0.004 -13"><span class='ocrx_word' id='word_1_80' title='bbox 80 646 134 675; x_wconf 91' lang='lat' dir='ltr'>erunt</span> <span class='ocrx_word' id='word_1_81' title='bbox 149 648 167 676; x_wconf 91' lang='lat' dir='ltr'>et</span> <span class='ocrx_word' id='word_1_82' title='bbox 182 643 260 684; x_wconf 86' lang='lat' dir='ltr'>deserte,</span> <span class='ocrx_word' id='word_1_83' title='bbox 275 648 294 676; x_wconf 90' lang='lat' dir='ltr'>et</span> <span class='ocrx_word' id='word_1_84' title='bbox 308 643 377 676; x_wconf 88' lang='lat' dir='ltr'>veritas</span> <span class='ocrx_word' id='word_1_85' title='bbox 392 643 411 676; x_wconf 93' lang='lat' dir='ltr'>in</span> <span class='ocrx_word' id='word_1_86' title='bbox 426 642 540 687; x_wconf 89' lang='lat' dir='ltr'>iniquitatem</span> <span class='ocrx_word' id='word_1_87' title='bbox 555 648 648 683; x_wconf 75' lang='lat' dir='ltr'>vertetur3</span> <span class='ocrx_word' id='word_1_88' title='bbox 665 645 713 678; x_wconf 83' lang='lat' dir='ltr'>tides</span> <span class='ocrx_word' id='word_1_89' title='bbox 728 644 782 678; x_wconf 89' lang='lat' dir='ltr'>bonis</span> 
     </span>
     <span class='ocr_line' id='line_1_11' title="bbox 80 693 811 740; baseline 0 -12"><span class='ocrx_word' id='word_1_90' title='bbox 80 693 168 738; x_wconf 86' lang='lat' dir='ltr'>operibus</span> <span class='ocrx_word' id='word_1_91' title='bbox 179 705 216 729; x_wconf 89' lang='lat' dir='ltr'>non</span> <span class='ocrx_word' id='word_1_92' title='bbox 228 695 299 737; x_wconf 87' lang='lat' dir='ltr'>lucebit,</span> <span class='ocrx_word' id='word_1_93' title='bbox 307 702 392 739; x_wconf 87' lang='lat' dir='ltr'>pastores</span> <span class='ocrx_word' id='word_1_94' title='bbox 399 695 442 740; x_wconf 89' lang='lat' dir='ltr'>plus</span> <span class='ocrx_word' id='word_1_95' title='bbox 452 695 486 731; x_wconf 91' lang='lat' dir='ltr'>sibi</span> <span class='ocrx_word' id='word_1_96' title='bbox 494 695 591 731; x_wconf 90' lang='lat' dir='ltr'>intendent</span> <span class='ocrx_word' id='word_1_97' title='bbox 598 706 653 740; x_wconf 90' lang='lat' dir='ltr'>quam</span> <span class='ocrx_word' id='word_1_98' title='bbox 662 696 733 738; x_wconf 83' lang='lat' dir='ltr'>ouibus,</span> <span class='ocrx_word' id='word_1_99' title='bbox 740 697 782 740; x_wconf 86' lang='lat' dir='ltr'>plus</span> <span class='ocrx_word' id='word_1_100' title='bbox 792 706 811 728; x_wconf 80' lang='grc' dir='ltr'>ιο</span> 
     </span>
     <span class='ocr_line' id='line_1_12' title="bbox 80 747 782 794; baseline 0.004 -13"><span class='ocrx_word' id='word_1_101' title='bbox 80 748 153 792; x_wconf 90' lang='lat' dir='ltr'>seipsos</span> <span class='ocrx_word' id='word_1_102' title='bbox 166 758 221 793; x_wconf 91' lang='lat' dir='ltr'>quam</span> <span class='ocrx_word' id='word_1_103' title='bbox 235 758 311 793; x_wconf 85' lang='lat' dir='ltr'>gregem</span> <span class='ocrx_word' id='word_1_104' title='bbox 323 753 426 794; x_wconf 89' lang='lat' dir='ltr'>pascentes.</span> <span class='ocrx_word' id='word_1_105' title='bbox 449 748 515 792; x_wconf 87' lang='lat' dir='ltr'>Deum,</span> <span class='ocrx_word' id='word_1_106' title='bbox 527 758 584 793; x_wconf 91' lang='lat' dir='ltr'>queso</span> <span class='ocrx_word' id='word_1_107' title='bbox 595 747 666 792; x_wconf 81' lang='lat' dir='ltr'>fratres,</span> <span class='ocrx_word' id='word_1_108' title='bbox 678 754 746 794; x_wconf 86' lang='lat' dir='ltr'>rogate,</span> <span class='ocrx_word' id='word_1_109' title='bbox 758 760 782 785; x_wconf 90' lang='lat' dir='ltr'>ne</span> 
     </span>
     <span class='ocr_line' id='line_1_13' title="bbox 80 801 782 846; baseline 0.003 -11"><span class='ocrx_word' id='word_1_110' title='bbox 80 802 199 836; x_wconf 85' lang='lat' dir='ltr'>tenebrosum</span> <span class='ocrx_word' id='word_1_111' title='bbox 211 802 234 836; x_wconf 91' lang='lat' dir='ltr'>sit</span> <span class='ocrx_word' id='word_1_112' title='bbox 245 801 279 836; x_wconf 90' lang='lat' dir='ltr'>iter</span> <span class='ocrx_word' id='word_1_113' title='bbox 290 811 358 844; x_wconf 89' lang='lat' dir='ltr'>meum,</span> <span class='ocrx_word' id='word_1_114' title='bbox 366 807 385 836; x_wconf 92' lang='lat' dir='ltr'>et</span> <span class='ocrx_word' id='word_1_115' title='bbox 396 812 420 836; x_wconf 91' lang='lat' dir='ltr'>ne</span> <span class='ocrx_word' id='word_1_116' title='bbox 431 812 494 846; x_wconf 86' lang='lat' dir='ltr'>regem</span> <span class='ocrx_word' id='word_1_117' title='bbox 505 812 568 837; x_wconf 90' lang='lat' dir='ltr'>meum</span> <span class='ocrx_word' id='word_1_118' title='bbox 579 807 598 837; x_wconf 92' lang='lat' dir='ltr'>et</span> <span class='ocrx_word' id='word_1_119' title='bbox 610 802 705 838; x_wconf 90' lang='lat' dir='ltr'>dominum</span> <span class='ocrx_word' id='word_1_120' title='bbox 716 803 782 837; x_wconf 89' lang='lat' dir='ltr'>iratum</span> 
     </span>
     <span class='ocr_line' id='line_1_14' title="bbox 80 855 782 900; baseline 0.003 -11"><span class='ocrx_word' id='word_1_121' title='bbox 80 860 123 898; x_wconf 91' lang='lat' dir='ltr'>post</span> <span class='ocrx_word' id='word_1_122' title='bbox 135 855 204 890; x_wconf 88' lang='lat' dir='ltr'>obitum</span> <span class='ocrx_word' id='word_1_123' title='bbox 217 855 310 890; x_wconf 90' lang='lat' dir='ltr'>inueniam</span> <span class='ocrx_word' id='word_1_124' title='bbox 322 855 356 890; x_wconf 91' lang='lat' dir='ltr'>sed</span> <span class='ocrx_word' id='word_1_125' title='bbox 369 855 433 890; x_wconf 91' lang='lat' dir='ltr'>mitem</span> <span class='ocrx_word' id='word_1_126' title='bbox 446 863 464 890; x_wconf 91' lang='lat' dir='ltr'>et</span> <span class='ocrx_word' id='word_1_127' title='bbox 480 856 588 900; x_wconf 85' lang='lat' dir='ltr'>placabilem</span> <span class='ocrx_word' id='word_1_128' title='bbox 601 861 619 890; x_wconf 93' lang='lat' dir='ltr'>et</span> <span class='ocrx_word' id='word_1_129' title='bbox 632 855 696 897; x_wconf 91' lang='lat' dir='ltr'>letum,</span> <span class='ocrx_word' id='word_1_130' title='bbox 708 857 782 900; x_wconf 90' lang='lat' dir='ltr'>quando</span> 
     </span>
     <span class='ocr_line' id='line_1_15' title="bbox 80 907 782 952; baseline 0.001 -11"><span class='ocrx_word' id='word_1_131' title='bbox 80 913 123 942; x_wconf 90' lang='lat' dir='ltr'>ante</span> <span class='ocrx_word' id='word_1_132' title='bbox 138 907 203 942; x_wconf 86' lang='lat' dir='ltr'>faciem</span> <span class='ocrx_word' id='word_1_133' title='bbox 218 908 259 942; x_wconf 91' lang='lat' dir='ltr'>eius</span> <span class='ocrx_word' id='word_1_134' title='bbox 274 909 376 952; x_wconf 72' lang='lat' dir='ltr'>apparebo:</span> <span class='ocrx_word' id='word_1_135' title='bbox 399 908 442 942; x_wconf 91' lang='lat' dir='ltr'>Hiis</span> <span class='ocrx_word' id='word_1_136' title='bbox 457 914 476 943; x_wconf 90' lang='lat' dir='ltr'>et</span> <span class='ocrx_word' id='word_1_137' title='bbox 490 909 531 942; x_wconf 89' lang='lat' dir='ltr'>aliis</span> <span class='ocrx_word' id='word_1_138' title='bbox 547 908 637 952; x_wconf 86' lang='lat' dir='ltr'>prolixius</span> <span class='ocrx_word' id='word_1_139' title='bbox 651 909 748 952; x_wconf 88' lang='lat' dir='ltr'>peroratis,</span> <span class='ocrx_word' id='word_1_140' title='bbox 763 911 782 943; x_wconf 90' lang='lat' dir='ltr'>in</span> 
     </span>
     <span class='ocr_line' id='line_1_16' title="bbox 81 959 810 1005; baseline 0.003 -12"><span class='ocrx_word' id='word_1_141' title='bbox 81 959 192 994; x_wconf 86' lang='lat' dir='ltr'>Cornubiam</span> <span class='ocrx_word' id='word_1_142' title='bbox 206 959 300 1004; x_wconf 89' lang='lat' dir='ltr'>nauigans,</span> <span class='ocrx_word' id='word_1_143' title='bbox 313 960 428 994; x_wconf 86' lang='lat' dir='ltr'>mansionem</span> <span class='ocrx_word' id='word_1_144' title='bbox 441 960 476 994; x_wconf 93' lang='lat' dir='ltr'>sibi</span> <span class='ocrx_word' id='word_1_145' title='bbox 492 960 539 1003; x_wconf 87' lang='lat' dir='ltr'>fecit,</span> <span class='ocrx_word' id='word_1_146' title='bbox 552 966 570 995; x_wconf 89' lang='lat' dir='ltr'>et</span> <span class='ocrx_word' id='word_1_147' title='bbox 585 961 642 995; x_wconf 86' lang='lat' dir='ltr'>multa</span> <span class='ocrx_word' id='word_1_148' title='bbox 657 960 745 995; x_wconf 90' lang='lat' dir='ltr'>miracula</span> <span class='ocrx_word' id='word_1_149' title='bbox 759 962 782 996; x_wconf 90' lang='lat' dir='ltr'>ad</span> <span class='ocrx_word' id='word_1_150' title='bbox 793 973 810 1005; x_wconf 82' lang='lat'>¹⁵</span> 
     </span>
     <span class='ocr_line' id='line_1_17' title="bbox 81 1013 782 1059; baseline 0.006 -14"><span class='ocrx_word' id='word_1_151' title='bbox 81 1013 171 1046; x_wconf 90' lang='lat' dir='ltr'>honorem</span> <span class='ocrx_word' id='word_1_152' title='bbox 178 1014 207 1046; x_wconf 93' lang='lat' dir='ltr'>dei</span> <span class='ocrx_word' id='word_1_153' title='bbox 217 1014 236 1046; x_wconf 91' lang='lat' dir='ltr'>in</span> <span class='ocrx_word' id='word_1_154' title='bbox 244 1014 313 1057; x_wconf 90' lang='lat' dir='ltr'>populo</span> <span class='ocrx_word' id='word_1_155' title='bbox 320 1014 405 1048; x_wconf 87' lang='lat' dir='ltr'>ostendit.</span> <span class='ocrx_word' id='word_1_156' title='bbox 428 1014 509 1048; x_wconf 92' lang='lat' dir='ltr'>Demum</span> <span class='ocrx_word' id='word_1_157' title='bbox 519 1024 561 1048; x_wconf 89' lang='lat' dir='ltr'>cum</span> <span class='ocrx_word' id='word_1_158' title='bbox 571 1013 677 1048; x_wconf 90' lang='lat' dir='ltr'>infirmitate</span> <span class='ocrx_word' id='word_1_159' title='bbox 686 1020 782 1059; x_wconf 90' lang='lat' dir='ltr'>correptus</span> 
     </span>
     <span class='ocr_line' id='line_1_18' title="bbox 81 1065 782 1112; baseline 0.004 -12"><span class='ocrx_word' id='word_1_160' title='bbox 81 1065 214 1110; x_wconf 86' lang='lat' dir='ltr'>languesceret,</span> <span class='ocrx_word' id='word_1_161' title='bbox 226 1065 331 1101; x_wconf 89' lang='lat' dir='ltr'>conuocatis</span> <span class='ocrx_word' id='word_1_162' title='bbox 342 1065 434 1110; x_wconf 81' lang='lat' dir='ltr'>fratribus,</span> <span class='ocrx_word' id='word_1_163' title='bbox 447 1066 508 1102; x_wconf 91' lang='lat' dir='ltr'>multis</span> <span class='ocrx_word' id='word_1_164' title='bbox 518 1066 635 1102; x_wconf 88' lang='lat' dir='ltr'>sermonibus</span> <span class='ocrx_word' id='word_1_165' title='bbox 648 1068 671 1102; x_wconf 91' lang='lat' dir='ltr'>de</span> <span class='ocrx_word' id='word_1_166' title='bbox 682 1078 740 1112; x_wconf 85' lang='lat' dir='ltr'>regno</span> <span class='ocrx_word' id='word_1_167' title='bbox 752 1068 782 1103; x_wconf 92' lang='lat' dir='ltr'>dei</span> 
     </span>
     <span class='ocr_line' id='line_1_19' title="bbox 81 1119 782 1164; baseline 0.006 -12"><span class='ocrx_word' id='word_1_168' title='bbox 81 1131 114 1153; x_wconf 89' lang='lat' dir='ltr'>eos</span> <span class='ocrx_word' id='word_1_169' title='bbox 126 1119 217 1163; x_wconf 83' lang='lat' dir='ltr'>instruxit,</span> <span class='ocrx_word' id='word_1_170' title='bbox 229 1120 348 1164; x_wconf 84' lang='lat' dir='ltr'>sepulchrum</span> <span class='ocrx_word' id='word_1_171' title='bbox 361 1120 421 1164; x_wconf 89' lang='lat' dir='ltr'>parari</span> <span class='ocrx_word' id='word_1_172' title='bbox 432 1120 495 1155; x_wconf 82' lang='lat' dir='ltr'>iussit:</span> <span class='ocrx_word' id='word_1_173' title='bbox 513 1126 532 1155; x_wconf 88' lang='lat' dir='ltr'>et</span> <span class='ocrx_word' id='word_1_174' title='bbox 544 1120 563 1155; x_wconf 92' lang='lat' dir='ltr'>in</span> <span class='ocrx_word' id='word_1_175' title='bbox 575 1120 648 1155; x_wconf 82' lang='lat' dir='ltr'>foueam</span> <span class='ocrx_word' id='word_1_176' title='bbox 661 1122 782 1164; x_wconf 86' lang='lat' dir='ltr'>descendens,</span> 
     </span>
     <span class='ocr_line' id='line_1_20' title="bbox 81 1173 783 1218; baseline 0.004 -12"><span class='ocrx_word' id='word_1_177' title='bbox 81 1173 135 1206; x_wconf 91' lang='lat' dir='ltr'>tertio</span> <span class='ocrx_word' id='word_1_178' title='bbox 143 1183 202 1206; x_wconf 91' lang='lat' dir='ltr'>nonas</span> <span class='ocrx_word' id='word_1_179' title='bbox 210 1173 273 1207; x_wconf 87' lang='lat' dir='ltr'>marcii</span> <span class='ocrx_word' id='word_1_180' title='bbox 281 1183 323 1207; x_wconf 83' lang='lat' dir='ltr'>cum</span> <span class='ocrx_word' id='word_1_181' title='bbox 332 1183 398 1218; x_wconf 88' lang='lat' dir='ltr'>magna</span> <span class='ocrx_word' id='word_1_182' title='bbox 406 1173 487 1208; x_wconf 89' lang='lat' dir='ltr'>claritate</span> <span class='ocrx_word' id='word_1_183' title='bbox 498 1173 559 1208; x_wconf 86' lang='lat' dir='ltr'>anima</span> <span class='ocrx_word' id='word_1_184' title='bbox 566 1173 606 1208; x_wconf 91' lang='lat' dir='ltr'>eius</span> <span class='ocrx_word' id='word_1_185' title='bbox 616 1173 666 1209; x_wconf 89' lang='lat' dir='ltr'>celos</span> <span class='ocrx_word' id='word_1_186' title='bbox 674 1174 783 1218; x_wconf 86' lang='lat' dir='ltr'>penetrauit.</span> 
     </span>
    </p>
   </div>
   <div class='ocr_carea' id='block_1_3' title="bbox 81 1225 811 1323">
    <p class='ocr_par' dir='ltr' id='par_1_3' title="bbox 81 1225 811 1323">
     <span class='ocr_line' id='line_1_21' title="bbox 81 1225 811 1270; baseline 0.004 -10"><span class='ocrx_word' id='word_1_187' title='bbox 81 1226 163 1269; x_wconf 83' lang='lat' dir='ltr'>Quiescit</span> <span class='ocrx_word' id='word_1_188' title='bbox 175 1231 237 1260; x_wconf 88' lang='lat' dir='ltr'>autem</span> <span class='ocrx_word' id='word_1_189' title='bbox 247 1225 266 1260; x_wconf 90' lang='lat' dir='ltr'>in</span> <span class='ocrx_word' id='word_1_190' title='bbox 277 1226 380 1261; x_wconf 80' lang='lat' dir='ltr'>Comubia²</span> <span class='ocrx_word' id='word_1_191' title='bbox 390 1237 447 1270; x_wconf 89' lang='lat' dir='ltr'>supra</span> <span class='ocrx_word' id='word_1_192' title='bbox 460 1237 511 1261; x_wconf 88' lang='lat' dir='ltr'>mare</span> <span class='ocrx_word' id='word_1_193' title='bbox 523 1227 623 1269; x_wconf 89' lang='lat' dir='ltr'>sabrinum,</span> <span class='ocrx_word' id='word_1_194' title='bbox 633 1237 644 1261; x_wconf 96' lang='lat' dir='ltr'>a</span> <span class='ocrx_word' id='word_1_195' title='bbox 656 1227 783 1263; x_wconf 86' lang='lat' dir='ltr'>Petrokstowe</span> <span class='ocrx_word' id='word_1_196' title='bbox 792 1234 811 1256; x_wconf 81' lang='lat'>²0</span> 
     </span>
     <span class='ocr_line' id='line_1_22' title="bbox 81 1278 619 1323; baseline 0.004 -11"><span class='ocrx_word' id='word_1_197' title='bbox 81 1278 183 1312; x_wconf 88' lang='lat' dir='ltr'>miliaribus</span> <span class='ocrx_word' id='word_1_198' title='bbox 190 1278 300 1322; x_wconf 89' lang='lat' dir='ltr'>quindecim,</span> <span class='ocrx_word' id='word_1_199' title='bbox 308 1284 326 1313; x_wconf 88' lang='lat' dir='ltr'>et</span> <span class='ocrx_word' id='word_1_200' title='bbox 334 1290 345 1313; x_wconf 87' lang='lat' dir='ltr'>a</span> <span class='ocrx_word' id='word_1_201' title='bbox 353 1278 461 1314; x_wconf 90' lang='lat' dir='ltr'>Mousehole</span> <span class='ocrx_word' id='word_1_202' title='bbox 469 1278 619 1323; x_wconf 83' lang='lat' dir='ltr'>vigintiquinque.</span> 
     </span>
    </p>
   </div>
   <div class='ocr_carea' id='block_1_4' title="bbox 82 1358 477 1404">
    <p class='ocr_par' dir='ltr' id='par_1_4' title="bbox 82 1358 477 1404">
     <span class='ocr_line' id='line_1_23' title="bbox 82 1358 477 1404; baseline 0.02 -12"><span class='ocrx_word' id='word_1_203' title='bbox 82 1358 241 1402; x_wconf 53' lang='lat' dir='ltr'>[usurarum</span> <span class='ocrx_word' id='word_1_204' title='bbox 373 1367 477 1404; x_wconf 52' lang='lat' dir='ltr'>Napaeae</span> 
     </span>
    </p>
   </div>
   <div class='ocr_carea' id='block_1_5' title="bbox 75 1425 815 2482">
    <p class='ocr_par' dir='ltr' id='par_1_5' title="bbox 75 1425 815 2482">
     <span class='ocr_line' id='line_1_24' title="bbox 105 1425 784 1477; baseline 0 -10"><span class='ocrx_word' id='word_1_205' title='bbox 105 1425 181 1467; x_wconf 85' lang='lat' dir='ltr'>Mariua</span> <span class='ocrx_word' id='word_1_206' title='bbox 189 1433 240 1477; x_wconf 84' lang='lat' dir='ltr'>uirgo</span> <span class='ocrx_word' id='word_1_207' title='bbox 249 1432 309 1475; x_wconf 87' lang='lat' dir='ltr'>(unica</span> <span class='ocrx_word' id='word_1_208' title='bbox 317 1432 363 1474; x_wconf 88' lang='lat' dir='ltr'>erat)</span> <span class='ocrx_word' id='word_1_209' title='bbox 371 1433 419 1476; x_wconf 90' lang='lat' dir='ltr'>patri</span> <span class='ocrx_word' id='word_1_210' title='bbox 428 1443 466 1467; x_wconf 92' lang='lat' dir='ltr'>suo.</span> <span class='ocrx_word' id='word_1_211' title='bbox 490 1433 537 1467; x_wconf 91' lang='lat' dir='ltr'>Cum</span> <span class='ocrx_word' id='word_1_212' title='bbox 545 1438 606 1467; x_wconf 89' lang='lat' dir='ltr'>autem</span> <span class='ocrx_word' id='word_1_213' title='bbox 615 1433 681 1477; x_wconf 85' lang='lat' dir='ltr'>(pater)</span> <span class='ocrx_word' id='word_1_214' title='bbox 692 1438 784 1468; x_wconf 90' lang='lat' dir='ltr'>monaste·</span> 
     </span>
     <span class='ocr_line' id='line_1_25' title="bbox 82 1485 784 1530; baseline 0.001 -11"><span class='ocrx_word' id='word_1_215' title='bbox 82 1486 129 1520; x_wconf 90' lang='lat' dir='ltr'>rium</span> <span class='ocrx_word' id='word_1_216' title='bbox 137 1487 229 1530; x_wconf 92' lang='lat' dir='ltr'>quoddam</span> <span class='ocrx_word' id='word_1_217' title='bbox 239 1485 332 1528; x_wconf 85' lang='lat' dir='ltr'>intrasset,</span> <span class='ocrx_word' id='word_1_218' title='bbox 340 1485 421 1520; x_wconf 86' lang='lat' dir='ltr'>habitum</span> <span class='ocrx_word' id='word_1_219' title='bbox 430 1486 520 1529; x_wconf 90' lang='lat' dir='ltr'>(mutauit)</span> <span class='ocrx_word' id='word_1_220' title='bbox 529 1485 566 1520; x_wconf 86' lang='lat' dir='ltr'>filie</span> <span class='ocrx_word' id='word_1_221' title='bbox 574 1496 613 1528; x_wconf 90' lang='lat' dir='ltr'>sue,</span> <span class='ocrx_word' id='word_1_222' title='bbox 622 1487 684 1529; x_wconf 89' lang='lat' dir='ltr'>(quam</span> <span class='ocrx_word' id='word_1_223' title='bbox 692 1486 784 1530; x_wconf 82' lang='lat' dir='ltr'>precibus)</span> 
     </span>
     <span class='ocr_line' id='line_1_26' title="bbox 81 1538 785 1583; baseline 0.001 -10"><span class='ocrx_word' id='word_1_224' title='bbox 81 1538 122 1573; x_wconf 85' lang='lat' dir='ltr'>eius</span> <span class='ocrx_word' id='word_1_225' title='bbox 135 1538 215 1573; x_wconf 90' lang='lat' dir='ltr'>inclinati</span> <span class='ocrx_word' id='word_1_226' title='bbox 229 1538 295 1573; x_wconf 90' lang='lat' dir='ltr'>sratres</span> <span class='ocrx_word' id='word_1_227' title='bbox 308 1538 334 1582; x_wconf 85' lang='lat' dir='ltr'>(in</span> <span class='ocrx_word' id='word_1_228' title='bbox 348 1538 458 1573; x_wconf 88' lang='lat' dir='ltr'>monachum</span> <span class='ocrx_word' id='word_1_229' title='bbox 469 1546 585 1583; x_wconf 86' lang='lat' dir='ltr'>receperunt,</span> <span class='ocrx_word' id='word_1_230' title='bbox 596 1541 621 1582; x_wconf 90' lang='lat' dir='ltr'>et)</span> <span class='ocrx_word' id='word_1_231' title='bbox 632 1538 688 1574; x_wconf 87' lang='lat' dir='ltr'>frater</span> <span class='ocrx_word' id='word_1_232' title='bbox 701 1539 785 1574; x_wconf 86' lang='lat' dir='ltr'>Marinus</span> 
     </span>
     <span class='ocr_line' id='line_1_27' title="bbox 75 1587 812 1639; baseline 0.001 -14"><span class='ocrx_word' id='word_1_233' title='bbox 75 1587 189 1636; x_wconf 90' lang='lat' dir='ltr'>appellatur.</span> <span class='ocrx_word' id='word_1_234' title='bbox 218 1591 298 1625; x_wconf 91' lang='lat' dir='ltr'>Demum</span> <span class='ocrx_word' id='word_1_235' title='bbox 313 1595 366 1634; x_wconf 89' lang='lat' dir='ltr'>pater</span> <span class='ocrx_word' id='word_1_236' title='bbox 381 1591 435 1625; x_wconf 90' lang='lat' dir='ltr'>morti</span> <span class='ocrx_word' id='word_1_237' title='bbox 454 1590 611 1635; x_wconf 82' lang='lat' dir='ltr'>appropinquans,</span> <span class='ocrx_word' id='word_1_238' title='bbox 626 1590 686 1634; x_wconf 90' lang='lat' dir='ltr'>ipsam</span> <span class='ocrx_word' id='word_1_239' title='bbox 701 1590 721 1625; x_wconf 88' lang='lat' dir='ltr'>in</span> <span class='ocrx_word' id='word_1_240' title='bbox 735 1592 784 1626; x_wconf 88' lang='lat' dir='ltr'>bono</span> <span class='ocrx_word' id='word_1_241' title='bbox 794 1609 812 1639; x_wconf 79' lang='lat'>²5</span> 
     </span>
     <span class='ocr_line' id='line_1_28' title="bbox 82 1642 785 1689; baseline 0.001 -10"><span class='ocrx_word' id='word_1_242' title='bbox 82 1644 176 1689; x_wconf 90' lang='lat' dir='ltr'>proposito</span> <span class='ocrx_word' id='word_1_243' title='bbox 187 1642 321 1689; x_wconf 81' lang='lat' dir='ltr'>(confirmauit),</span> <span class='ocrx_word' id='word_1_244' title='bbox 329 1648 347 1678; x_wconf 89' lang='lat' dir='ltr'>et</span> <span class='ocrx_word' id='word_1_245' title='bbox 357 1654 382 1678; x_wconf 91' lang='lat' dir='ltr'>ne</span> <span class='ocrx_word' id='word_1_246' title='bbox 392 1643 489 1688; x_wconf 90' lang='lat' dir='ltr'>aliquando</span> <span class='ocrx_word' id='word_1_247' title='bbox 499 1643 590 1678; x_wconf 88' lang='lat' dir='ltr'>reuelaret</span> <span class='ocrx_word' id='word_1_248' title='bbox 599 1644 647 1689; x_wconf 90' lang='lat' dir='ltr'>quod</span> <span class='ocrx_word' id='word_1_249' title='bbox 658 1643 724 1679; x_wconf 86' lang='lat' dir='ltr'>mulier</span> <span class='ocrx_word' id='word_1_250' title='bbox 735 1653 785 1680; x_wconf 91' lang='lat' dir='ltr'>esset</span> 
     </span>
     <span class='ocr_line' id='line_1_29' title="bbox 83 1696 784 1743; baseline 0 -10"><span class='ocrx_word' id='word_1_251' title='bbox 83 1699 185 1743; x_wconf 74' lang='lat' dir='ltr'>(precepit).</span> <span class='ocrx_word' id='word_1_252' title='bbox 201 1699 241 1732; x_wconf 91' lang='lat' dir='ltr'>lbat</span> <span class='ocrx_word' id='word_1_253' title='bbox 246 1699 302 1742; x_wconf 86' lang='lat' dir='ltr'>igitur</span> <span class='ocrx_word' id='word_1_254' title='bbox 307 1696 389 1731; x_wconf 90' lang='lat' dir='ltr'>Marinus</span> <span class='ocrx_word' id='word_1_255' title='bbox 397 1708 439 1731; x_wconf 92' lang='lat' dir='ltr'>cum</span> <span class='ocrx_word' id='word_1_256' title='bbox 446 1697 535 1743; x_wconf 91' lang='lat' dir='ltr'>(plaustro</span> <span class='ocrx_word' id='word_1_257' title='bbox 543 1703 561 1731; x_wconf 91' lang='lat' dir='ltr'>et</span> <span class='ocrx_word' id='word_1_258' title='bbox 569 1697 618 1742; x_wconf 88' lang='lat' dir='ltr'>ligna</span> <span class='ocrx_word' id='word_1_259' title='bbox 626 1699 745 1741; x_wconf 90' lang='lat' dir='ltr'>monaste)rio</span> <span class='ocrx_word' id='word_1_260' title='bbox 753 1699 784 1734; x_wconf 89' lang='lat' dir='ltr'>de-</span> 
     </span>
     <span class='ocr_line' id='line_1_30' title="bbox 83 1751 785 1796; baseline 0 -9"><span class='ocrx_word' id='word_1_261' title='bbox 83 1752 157 1787; x_wconf 86' lang='lat' dir='ltr'>serebat.</span> <span class='ocrx_word' id='word_1_262' title='bbox 175 1751 309 1793; x_wconf 72' lang='lat' dir='ltr'>Consueuelrat</span> <span class='ocrx_word' id='word_1_263' title='bbox 316 1757 377 1786; x_wconf 88' lang='lat' dir='ltr'>autern</span> <span class='ocrx_word' id='word_1_264' title='bbox 386 1751 482 1796; x_wconf 92' lang='lat' dir='ltr'>hospita)ri</span> <span class='ocrx_word' id='word_1_265' title='bbox 488 1751 507 1786; x_wconf 93' lang='lat' dir='ltr'>in</span> <span class='ocrx_word' id='word_1_266' title='bbox 515 1751 571 1786; x_wconf 90' lang='lat' dir='ltr'>domo</span> <span class='ocrx_word' id='word_1_267' title='bbox 578 1751 673 1786; x_wconf 86' lang='lat' dir='ltr'>cuiusdam</span> <span class='ocrx_word' id='word_1_268' title='bbox 679 1752 725 1796; x_wconf 89' lang='lat' dir='ltr'>(uiri,</span> <span class='ocrx_word' id='word_1_269' title='bbox 734 1752 785 1787; x_wconf 88' lang='lat' dir='ltr'>euius</span> 
     </span>
     <span class='ocr_line' id='line_1_31' title="bbox 82 1804 784 1850; baseline -0.001 -9"><span class='ocrx_word' id='word_1_270' title='bbox 82 1807 172 1849; x_wconf 70' lang='lat' dir='ltr'>tiliacum</span> <span class='ocrx_word' id='word_1_271' title='bbox 180 1806 203 1840; x_wconf 89' lang='lat' dir='ltr'>dc</span> <span class='ocrx_word' id='word_1_272' title='bbox 209 1806 296 1850; x_wconf 90' lang='lat' dir='ltr'>quodam)</span> <span class='ocrx_word' id='word_1_273' title='bbox 302 1805 358 1840; x_wconf 84' lang='lat' dir='ltr'>milite</span> <span class='ocrx_word' id='word_1_274' title='bbox 364 1804 484 1847; x_wconf 84' lang='lat' dir='ltr'>concepisset,</span> <span class='ocrx_word' id='word_1_275' title='bbox 491 1804 608 1848; x_wconf 83' lang='lat' dir='ltr'>(interrogata</span> <span class='ocrx_word' id='word_1_276' title='bbox 615 1804 707 1839; x_wconf 89' lang='lat' dir='ltr'>Marinum</span> <span class='ocrx_word' id='word_1_277' title='bbox 714 1809 784 1847; x_wconf 76' lang='lat' dir='ltr'>mona)</span> 
     </span>
     <span class='ocr_line' id='line_1_32' title="bbox 83 1855 814 1904; baseline -0.003 -12"><span class='ocrx_word' id='word_1_278' title='bbox 83 1859 138 1893; x_wconf 91' lang='lat' dir='ltr'>chum</span> <span class='ocrx_word' id='word_1_279' title='bbox 146 1869 167 1892; x_wconf 88' lang='lat' dir='ltr'>se</span> <span class='ocrx_word' id='word_1_280' title='bbox 174 1857 253 1892; x_wconf 86' lang='lat' dir='ltr'>uiolasse</span> <span class='ocrx_word' id='word_1_281' title='bbox 261 1857 344 1891; x_wconf 89' lang='lat' dir='ltr'>asseruit.</span> <span class='ocrx_word' id='word_1_282' title='bbox 368 1856 500 1900; x_wconf 84' lang='lat' dir='ltr'>(Interrogatus</span> <span class='ocrx_word' id='word_1_283' title='bbox 505 1861 566 1891; x_wconf 89' lang='lat' dir='ltr'>autern</span> <span class='ocrx_word' id='word_1_284' title='bbox 575 1855 665 1898; x_wconf 88' lang='lat' dir='ltr'>Marinus)</span> <span class='ocrx_word' id='word_1_285' title='bbox 673 1867 707 1890; x_wconf 91' lang='lat' dir='ltr'>cur</span> <span class='ocrx_word' id='word_1_286' title='bbox 714 1863 784 1891; x_wconf 86' lang='lat' dir='ltr'>tantum</span> <span class='ocrx_word' id='word_1_287' title='bbox 794 1876 814 1904; x_wconf 74' lang='lat'>30</span> 
     </span>
     <span class='ocr_line' id='line_1_33' title="bbox 83 1907 785 1956; baseline -0.001 -11"><span class='ocrx_word' id='word_1_288' title='bbox 83 1910 174 1956; x_wconf 84' lang='lat' dir='ltr'>flagicium</span> <span class='ocrx_word' id='word_1_289' title='bbox 185 1914 316 1954; x_wconf 89' lang='lat' dir='ltr'>perpetrasset,</span> <span class='ocrx_word' id='word_1_290' title='bbox 324 1921 345 1943; x_wconf 91' lang='lat' dir='ltr'>se</span> <span class='ocrx_word' id='word_1_291' title='bbox 356 1920 445 1952; x_wconf 83' lang='lat' dir='ltr'>peccasse</span> <span class='ocrx_word' id='word_1_292' title='bbox 456 1907 523 1943; x_wconf 80' lang='lat' dir='ltr'>fatetur</span> <span class='ocrx_word' id='word_1_293' title='bbox 534 1914 552 1942; x_wconf 87' lang='lat' dir='ltr'>et</span> <span class='ocrx_word' id='word_1_294' title='bbox 563 1907 636 1942; x_wconf 88' lang='lat' dir='ltr'>ueniam</span> <span class='ocrx_word' id='word_1_295' title='bbox 648 1915 739 1953; x_wconf 84' lang='lat' dir='ltr'>precatur.</span> <span class='ocrx_word' id='word_1_296' title='bbox 762 1911 785 1944; x_wconf 84' lang='lat' dir='ltr'>Et</span> 
     </span>
     <span class='ocr_line' id='line_1_34' title="bbox 83 1961 786 2004; baseline -0.001 -6"><span class='ocrx_word' id='word_1_297' title='bbox 83 1964 144 1999; x_wconf 92' lang='lat' dir='ltr'>statim</span> <span class='ocrx_word' id='word_1_298' title='bbox 152 1965 175 1999; x_wconf 89' lang='lat' dir='ltr'>de</span> <span class='ocrx_word' id='word_1_299' title='bbox 181 1963 293 1997; x_wconf 89' lang='lat' dir='ltr'>monasterio</span> <span class='ocrx_word' id='word_1_300' title='bbox 298 1962 373 2004; x_wconf 88' lang='lat' dir='ltr'>eiectus,</span> <span class='ocrx_word' id='word_1_301' title='bbox 378 1963 401 1996; x_wconf 89' lang='lat' dir='ltr'>ad</span> <span class='ocrx_word' id='word_1_302' title='bbox 409 1962 489 1996; x_wconf 90' lang='lat' dir='ltr'>hostium</span> <span class='ocrx_word' id='word_1_303' title='bbox 497 1961 604 1996; x_wconf 86' lang='lat' dir='ltr'>monasterii</span> <span class='ocrx_word' id='word_1_304' title='bbox 609 1962 696 2004; x_wconf 83' lang='lat' dir='ltr'>(m)ansit,</span> <span class='ocrx_word' id='word_1_305' title='bbox 701 1968 720 1996; x_wconf 91' lang='lat' dir='ltr'>et</span> <span class='ocrx_word' id='word_1_306' title='bbox 727 1963 786 1998; x_wconf 92' lang='lat' dir='ltr'>tribus</span> 
     </span>
     <span class='ocr_line' id='line_1_35' title="bbox 83 2014 785 2061; baseline -0.003 -9"><span class='ocrx_word' id='word_1_307' title='bbox 83 2018 137 2052; x_wconf 89' lang='lat' dir='ltr'>annis</span> <span class='ocrx_word' id='word_1_308' title='bbox 147 2017 216 2051; x_wconf 89' lang='lat' dir='ltr'>ibidem</span> <span class='ocrx_word' id='word_1_309' title='bbox 226 2026 349 2061; x_wconf 88' lang='lat' dir='ltr'>permanens;</span> <span class='ocrx_word' id='word_1_310' title='bbox 361 2021 403 2059; x_wconf 93' lang='lat' dir='ltr'>post</span> <span class='ocrx_word' id='word_1_311' title='bbox 410 2015 442 2048; x_wconf 90' lang='lat' dir='ltr'>filii</span> <span class='ocrx_word' id='word_1_312' title='bbox 454 2014 596 2049; x_wconf 89' lang='lat' dir='ltr'>ablactacionem</span> <span class='ocrx_word' id='word_1_313' title='bbox 608 2014 668 2048; x_wconf 87' lang='lat' dir='ltr'>abbati</span> <span class='ocrx_word' id='word_1_314' title='bbox 680 2014 758 2050; x_wconf 86' lang='lat' dir='ltr'>mittitur</span> <span class='ocrx_word' id='word_1_315' title='bbox 767 2023 785 2050; x_wconf 91' lang='lat' dir='ltr'>et</span> 
     </span>
     <span class='ocr_line' id='line_1_36' title="bbox 85 2067 785 2113; baseline -0.001 -9"><span class='ocrx_word' id='word_1_316' title='bbox 85 2070 156 2105; x_wconf 89' lang='lat' dir='ltr'>Marino</span> <span class='ocrx_word' id='word_1_317' title='bbox 164 2070 270 2105; x_wconf 86' lang='lat' dir='ltr'>educandus</span> <span class='ocrx_word' id='word_1_318' title='bbox 277 2069 358 2103; x_wconf 87' lang='lat' dir='ltr'>traditur.</span> <span class='ocrx_word' id='word_1_319' title='bbox 380 2068 449 2102; x_wconf 85' lang='lat' dir='ltr'>Omnia</span> <span class='ocrx_word' id='word_1_320' title='bbox 456 2069 475 2102; x_wconf 92' lang='lat' dir='ltr'>in</span> <span class='ocrx_word' id='word_1_321' title='bbox 483 2078 550 2112; x_wconf 88' lang='lat' dir='ltr'>magna</span> <span class='ocrx_word' id='word_1_322' title='bbox 557 2067 651 2112; x_wconf 85' lang='lat' dir='ltr'>paciencia</span> <span class='ocrx_word' id='word_1_323' title='bbox 658 2068 729 2113; x_wconf 89' lang='lat' dir='ltr'>recepit</span> <span class='ocrx_word' id='word_1_324' title='bbox 738 2074 756 2104; x_wconf 86' lang='lat' dir='ltr'>et</span> <span class='ocrx_word' id='word_1_325' title='bbox 766 2069 785 2103; x_wconf 94' lang='lat' dir='ltr'>in</span> 
     </span>
     <span class='ocr_line' id='line_1_37' title="bbox 84 2121 813 2167; baseline -0.001 -9"><span class='ocrx_word' id='word_1_326' title='bbox 84 2123 169 2158; x_wconf 91' lang='lat' dir='ltr'>omnibus</span> <span class='ocrx_word' id='word_1_327' title='bbox 177 2122 248 2167; x_wconf 86' lang='lat' dir='ltr'>gracias</span> <span class='ocrx_word' id='word_1_328' title='bbox 256 2123 291 2157; x_wconf 94' lang='lat' dir='ltr'>deo</span> <span class='ocrx_word' id='word_1_329' title='bbox 299 2121 364 2156; x_wconf 88' lang='lat' dir='ltr'>retulit.</span> <span class='ocrx_word' id='word_1_330' title='bbox 387 2121 501 2156; x_wconf 90' lang='lat' dir='ltr'>Humilitatis</span> <span class='ocrx_word' id='word_1_331' title='bbox 507 2122 583 2156; x_wconf 91' lang='lat' dir='ltr'>demum</span> <span class='ocrx_word' id='word_1_332' title='bbox 589 2127 607 2156; x_wconf 90' lang='lat' dir='ltr'>et</span> <span class='ocrx_word' id='word_1_333' title='bbox 614 2121 708 2167; x_wconf 88' lang='lat' dir='ltr'>paciencie</span> <span class='ocrx_word' id='word_1_334' title='bbox 716 2123 786 2158; x_wconf 90' lang='lat' dir='ltr'>miserti</span> <span class='ocrx_word' id='word_1_335' title='bbox 794 2132 813 2163; x_wconf 79' lang='lat'>35</span> 
     </span>
     <span class='ocr_line' id='line_1_38' title="bbox 84 2174 786 2220; baseline 0 -9"><span class='ocrx_word' id='word_1_336' title='bbox 84 2178 149 2211; x_wconf 81' lang='lat' dir='ltr'>fratres</span> <span class='ocrx_word' id='word_1_337' title='bbox 162 2188 205 2211; x_wconf 92' lang='lat' dir='ltr'>eum</span> <span class='ocrx_word' id='word_1_338' title='bbox 217 2177 236 2210; x_wconf 89' lang='lat' dir='ltr'>in</span> <span class='ocrx_word' id='word_1_339' title='bbox 248 2175 378 2210; x_wconf 87' lang='lat' dir='ltr'>monasterium</span> <span class='ocrx_word' id='word_1_340' title='bbox 390 2174 480 2220; x_wconf 83' lang='lat' dir='ltr'>recipiunt</span> <span class='ocrx_word' id='word_1_341' title='bbox 491 2180 509 2209; x_wconf 93' lang='lat' dir='ltr'>et</span> <span class='ocrx_word' id='word_1_342' title='bbox 521 2185 594 2220; x_wconf 86' lang='lat' dir='ltr'>queque</span> <span class='ocrx_word' id='word_1_343' title='bbox 605 2175 665 2210; x_wconf 85' lang='lat' dir='ltr'>officia</span> <span class='ocrx_word' id='word_1_344' title='bbox 675 2175 740 2211; x_wconf 88' lang='lat' dir='ltr'>uiliora</span> <span class='ocrx_word' id='word_1_345' title='bbox 751 2176 786 2211; x_wconf 91' lang='lat' dir='ltr'>sibi</span> 
     </span>
     <span class='ocr_line' id='line_1_39' title="bbox 83 2228 787 2274; baseline 0 -12"><span class='ocrx_word' id='word_1_346' title='bbox 83 2231 185 2274; x_wconf 72' lang='lat' dir='ltr'>iniungunt.</span> <span class='ocrx_word' id='word_1_347' title='bbox 207 2230 251 2273; x_wconf 91' lang='lat' dir='ltr'>Ipse</span> <span class='ocrx_word' id='word_1_348' title='bbox 258 2235 319 2262; x_wconf 91' lang='lat' dir='ltr'>autem</span> <span class='ocrx_word' id='word_1_349' title='bbox 326 2228 407 2261; x_wconf 89' lang='lat' dir='ltr'>hilariter</span> <span class='ocrx_word' id='word_1_350' title='bbox 412 2228 474 2261; x_wconf 88' lang='lat' dir='ltr'>omnia</span> <span class='ocrx_word' id='word_1_351' title='bbox 481 2229 593 2271; x_wconf 89' lang='lat' dir='ltr'>suscipiebat</span> <span class='ocrx_word' id='word_1_352' title='bbox 598 2233 616 2261; x_wconf 88' lang='lat' dir='ltr'>et</span> <span class='ocrx_word' id='word_1_353' title='bbox 622 2233 687 2261; x_wconf 87' lang='lat' dir='ltr'>cuncta</span> <span class='ocrx_word' id='word_1_354' title='bbox 693 2229 787 2272; x_wconf 88' lang='lat' dir='ltr'>pacienter</span> 
     </span>
     <span class='ocr_line' id='line_1_40' title="bbox 84 2279 787 2326; baseline -0.001 -9"><span class='ocrx_word' id='word_1_355' title='bbox 84 2288 103 2317; x_wconf 92' lang='lat' dir='ltr'>et</span> <span class='ocrx_word' id='word_1_356' title='bbox 114 2283 180 2317; x_wconf 84' lang='lat' dir='ltr'>deuote</span> <span class='ocrx_word' id='word_1_357' title='bbox 191 2283 267 2326; x_wconf 84' lang='lat' dir='ltr'>agebat:</span> <span class='ocrx_word' id='word_1_358' title='bbox 283 2286 302 2316; x_wconf 92' lang='lat' dir='ltr'>et</span> <span class='ocrx_word' id='word_1_359' title='bbox 313 2280 332 2314; x_wconf 94' lang='lat' dir='ltr'>in</span> <span class='ocrx_word' id='word_1_360' title='bbox 345 2279 399 2315; x_wconf 90' lang='lat' dir='ltr'>bonis</span> <span class='ocrx_word' id='word_1_361' title='bbox 411 2280 498 2324; x_wconf 91' lang='lat' dir='ltr'>operibus</span> <span class='ocrx_word' id='word_1_362' title='bbox 509 2279 566 2315; x_wconf 90' lang='lat' dir='ltr'>uitam</span> <span class='ocrx_word' id='word_1_363' title='bbox 577 2281 654 2321; x_wconf 87' lang='lat' dir='ltr'>ducens,</span> <span class='ocrx_word' id='word_1_364' title='bbox 666 2281 751 2324; x_wconf 89' lang='lat' dir='ltr'>migrauit</span> <span class='ocrx_word' id='word_1_365' title='bbox 763 2282 787 2316; x_wconf 89' lang='lat' dir='ltr'>ad</span> 
     </span>
     <span class='ocr_line' id='line_1_41' title="bbox 84 2332 787 2379; baseline -0.001 -9"><span class='ocrx_word' id='word_1_366' title='bbox 84 2334 184 2370; x_wconf 90' lang='lat' dir='ltr'>dominum.</span> <span class='ocrx_word' id='word_1_367' title='bbox 207 2334 253 2370; x_wconf 91' lang='lat' dir='ltr'>Cum</span> <span class='ocrx_word' id='word_1_368' title='bbox 264 2339 325 2369; x_wconf 89' lang='lat' dir='ltr'>autem</span> <span class='ocrx_word' id='word_1_369' title='bbox 336 2344 403 2378; x_wconf 90' lang='lat' dir='ltr'>corpus</span> <span class='ocrx_word' id='word_1_370' title='bbox 413 2332 453 2368; x_wconf 86' lang='lat' dir='ltr'>eius</span> <span class='ocrx_word' id='word_1_371' title='bbox 464 2332 552 2375; x_wconf 74' lang='lat' dir='ltr'>lauarent</span> <span class='ocrx_word' id='word_1_372' title='bbox 560 2339 578 2368; x_wconf 92' lang='lat' dir='ltr'>et</span> <span class='ocrx_word' id='word_1_373' title='bbox 587 2332 606 2368; x_wconf 90' lang='lat' dir='ltr'>in</span> <span class='ocrx_word' id='word_1_374' title='bbox 614 2333 646 2368; x_wconf 91' lang='lat' dir='ltr'>uili</span> <span class='ocrx_word' id='word_1_375' title='bbox 656 2333 697 2368; x_wconf 89' lang='lat' dir='ltr'>loco</span> <span class='ocrx_word' id='word_1_376' title='bbox 707 2334 787 2379; x_wconf 83' lang='lat' dir='ltr'>sepelire</span> 
     </span>
     <span class='ocr_line' id='line_1_42' title="bbox 84 2383 815 2432; baseline -0.004 -11"><span class='ocrx_word' id='word_1_377' title='bbox 84 2386 209 2432; x_wconf 89' lang='lat' dir='ltr'>disponerent,</span> <span class='ocrx_word' id='word_1_378' title='bbox 218 2384 338 2430; x_wconf 86' lang='lat' dir='ltr'>respicientes</span> <span class='ocrx_word' id='word_1_379' title='bbox 346 2383 443 2419; x_wconf 91' lang='lat' dir='ltr'>mulierem</span> <span class='ocrx_word' id='word_1_380' title='bbox 450 2384 512 2429; x_wconf 91' lang='lat' dir='ltr'>ipsum</span> <span class='ocrx_word' id='word_1_381' title='bbox 520 2395 563 2419; x_wconf 90' lang='lat' dir='ltr'>esse</span> <span class='ocrx_word' id='word_1_382' title='bbox 571 2384 662 2419; x_wconf 89' lang='lat' dir='ltr'>uiderunt.</span> <span class='ocrx_word' id='word_1_383' title='bbox 685 2384 786 2430; x_wconf 83' lang='lat' dir='ltr'>Stupesacti</span> <span class='ocrx_word' id='word_1_384' title='bbox 795 2398 815 2428; x_wconf 80' lang='lat'>4⁰</span> 
     </span>
     <span class='ocr_line' id='line_1_43' title="bbox 85 2437 786 2482; baseline -0.001 -8"><span class='ocrx_word' id='word_1_385' title='bbox 85 2450 150 2474; x_wconf 91' lang='lat' dir='ltr'>omnes</span> <span class='ocrx_word' id='word_1_386' title='bbox 160 2444 179 2474; x_wconf 88' lang='lat' dir='ltr'>et</span> <span class='ocrx_word' id='word_1_387' title='bbox 188 2439 254 2473; x_wconf 87' lang='lat' dir='ltr'>timore</span> <span class='ocrx_word' id='word_1_388' title='bbox 263 2437 361 2482; x_wconf 85' lang='lat' dir='ltr'>perterriti,</span> <span class='ocrx_word' id='word_1_389' title='bbox 369 2447 390 2472; x_wconf 89' lang='lat' dir='ltr'>se</span> <span class='ocrx_word' id='word_1_390' title='bbox 399 2437 419 2471; x_wconf 90' lang='lat' dir='ltr'>in</span> <span class='ocrx_word' id='word_1_391' title='bbox 429 2437 459 2471; x_wconf 94' lang='lat' dir='ltr'>dei</span> <span class='ocrx_word' id='word_1_392' title='bbox 468 2437 560 2480; x_wconf 80' lang='lat' dir='ltr'>(famulam</span> <span class='ocrx_word' id='word_1_393' title='bbox 570 2437 669 2482; x_wconf 89' lang='lat' dir='ltr'>plurimum</span> <span class='ocrx_word' id='word_1_394' title='bbox 679 2437 786 2481; x_wconf 88' lang='lat' dir='ltr'>deliquisse)</span> 
     </span>
    </p>
   </div>
   <div class='ocr_carea' id='block_1_6' title="bbox 80 2515 787 2595">
    <p class='ocr_par' dir='ltr' id='par_1_6' title="bbox 80 2515 787 2595">
     <span class='ocr_line' id='line_1_44' title="bbox 105 2515 787 2556; baseline -0.004 -7"><span class='ocrx_word' id='word_1_395' title='bbox 105 2519 111 2537; x_wconf 84' lang='lat'><em>¹</em></span> <span class='ocrx_word' id='word_1_396' title='bbox 121 2519 142 2550; x_wconf 81' lang='lat' dir='ltr'>at.</span> <span class='ocrx_word' id='word_1_397' title='bbox 150 2518 217 2556; x_wconf 82' lang='lat' dir='ltr'>Colgan,</span> <span class='ocrx_word' id='word_1_398' title='bbox 223 2517 278 2549; x_wconf 86' lang='lat' dir='ltr'>where</span> <span class='ocrx_word' id='word_1_399' title='bbox 286 2516 352 2554; x_wconf 84' lang='lat' dir='ltr'>nothing</span> <span class='ocrx_word' id='word_1_400' title='bbox 359 2515 373 2546; x_wconf 82' lang='lat' dir='ltr'>is</span> <span class='ocrx_word' id='word_1_401' title='bbox 379 2515 414 2546; x_wconf 87' lang='lat' dir='ltr'>said</span> <span class='ocrx_word' id='word_1_402' title='bbox 421 2515 439 2546; x_wconf 80' lang='lat' dir='ltr'>os</span> <span class='ocrx_word' id='word_1_403' title='bbox 444 2525 454 2546; x_wconf 84' lang='lat' dir='ltr'>a</span> <span class='ocrx_word' id='word_1_404' title='bbox 460 2516 497 2546; x_wconf 85' lang='lat' dir='ltr'>visit</span> <span class='ocrx_word' id='word_1_405' title='bbox 504 2520 520 2546; x_wconf 85' lang='lat' dir='ltr'>to</span> <span class='ocrx_word' id='word_1_406' title='bbox 528 2515 614 2548; x_wconf 85' lang='lat' dir='ltr'>Comwall.</span> <span class='ocrx_word' id='word_1_407' title='bbox 680 2515 686 2534; x_wconf 92' lang='lat'>¹</span> <span class='ocrx_word' id='word_1_408' title='bbox 696 2525 719 2547; x_wconf 79' lang='lat' dir='ltr'>sc.</span> <span class='ocrx_word' id='word_1_409' title='bbox 726 2521 742 2547; x_wconf 85' lang='lat' dir='ltr'>at</span> <span class='ocrx_word' id='word_1_410' title='bbox 749 2516 787 2546; x_wconf 84' lang='lat' dir='ltr'>Per·</span> 
     </span>
     <span class='ocr_line' id='line_1_45' title="bbox 80 2557 459 2595; baseline -0.008 -7"><span class='ocrx_word' id='word_1_411' title='bbox 80 2559 184 2590; x_wconf 71' lang='lat' dir='ltr'>,ranzabuloe</span> <span class='ocrx_word' id='word_1_412' title='bbox 244 2558 250 2576; x_wconf 84' lang='lat'><strong>³</strong></span> <span class='ocrx_word' id='word_1_413' title='bbox 261 2558 284 2588; x_wconf 75' lang='lat' dir='ltr'>Cf.</span> <span class='ocrx_word' id='word_1_414' title='bbox 292 2557 329 2595; x_wconf 79' lang='lat' dir='ltr'>Leg.</span> <span class='ocrx_word' id='word_1_415' title='bbox 336 2558 395 2592; x_wconf 78' lang='lat' dir='ltr'>Aurea,</span> <span class='ocrx_word' id='word_1_416' title='bbox 402 2566 418 2595; x_wconf 93' lang='lat' dir='ltr'>p.</span> <span class='ocrx_word' id='word_1_417' title='bbox 424 2565 459 2594; x_wconf 58' lang='lat'>35&amp;</span> 
     </span>
    </p>
   </div>
   <div class='ocr_carea' id='block_1_7' title="bbox 0 0 894 2803">
    <p class='ocr_par' dir='ltr' id='par_1_7' title="bbox 0 0 894 2803">
     <span class='ocr_line' id='line_1_46' title="bbox 0 0 894 2803; baseline 0 0"><span class='ocrx_word' id='word_1_418' title='bbox 0 0 894 2803; x_wconf 95' lang='lat' dir='ltr'> </span> 
     </span>
    </p>
   </div>
  </div>
 </body>
</html>
