1762 2803
81 177 248 220 usauria]
267 165 414 224 aaronitae
430 164 602 225 &duduci
641 156 643 159 ⁴
742 177 785 224 725

80 290 139 334 itaque
151 290 251 325 monasterii
262 281 294 334 pro
305 302 326 325 eo
335 291 418 325 instanter
428 295 445 325 et
456 292 518 325 deuote
529 290 624 332 orantibus,
635 287 702 323 meritis
713 288 785 332 piissimi

80 342 181 375 confessoris
191 343 244 375 oculis
252 343 289 376 eius
296 342 344 376 uisus
353 344 427 384 pleniore
435 343 472 376 luce
480 342 580 375 refunditur.
603 342 677 384 ipseque
685 339 707 372 ad
715 350 786 373 monas-

81 390 141 425 terium
149 403 199 425 suum
207 403 245 425 cum
253 393 307 426 multa
314 392 417 426 exultatione
423 397 440 425 et
447 392 543 435 graciarum
551 391 618 426 actione
626 390 726 433 regreditur.

84 470 122 546 IN
136 470 221 514 villaque
234 470 296 505 dicitur
308 471 361 512 Caua,
371 470 446 514 plebeius
458 470 528 515 quidam
540 470 591 505 homo
603 470 625 505 de
636 480 667 505 suc
677 469 784 513 paupertatis

115 521 190 556 exilitate
196 521 225 554 diu
233 520 327 554 nutriuerat
335 528 352 555 et
360 521 495 564 impinguauerat
502 532 579 565 porcum,
584 527 602 555 ut
610 521 667 565 ipsum
672 521 755 554 uenderet
763 530 783 554 ac
791 526 800 559 5

79 572 102 605 de
113 572 171 614 precio
184 572 221 605 eius
235 582 276 605 suas
289 571 397 613 indigentias
410 571 497 605 releuaret.
525 571 608 605 Eiusdem
622 577 679 605 autem
692 570 732 604 uille
744 581 784 614 pre·

79 622 152 664 positus,
163 622 216 654 homo
228 619 306 663 improbe
321 627 338 654 et
349 631 430 664 peruerse
442 621 510 663 mentis,
522 621 539 655 in
551 632 621 665 porcum
632 621 712 665 pauperis
724 621 783 655 oculos

80 672 179 714 cupiditatis
186 670 250 712 iniecit,
259 671 294 705 suis
301 682 341 705 eum
348 672 408 705 uolens
418 671 477 705 usibus
485 671 563 706 delicatis
570 677 588 706 et
596 671 684 715 superfluis
691 672 783 715 applicare,

80 733 132 766 quem
145 733 210 766 pauper
222 722 258 757 suis
272 720 403 757 necessitatibus
418 722 514 766 deputarat.
541 722 614 757 Porcum
628 721 680 765 igitur
693 728 745 757 noctu
760 722 783 757 de

79 775 138 807 casula
150 784 181 807 sua
192 772 306 807 clandestina
317 772 423 816 surreptione
434 772 522 812 adduxit¹,
532 772 623 815 ipsumque
632 773 676 806 inter
687 774 730 806 duos
740 773 782 806 emi·
791 782 810 804 ro

79 829 141 857 nentes
157 830 235 866 segetum
249 824 333 863 cumulos,
346 833 390 866 quos
405 824 497 865 uulgariter
512 823 585 857 ‘melas’
603 823 696 866 appellant,
711 823 783 857 latenter

78 874 174 906 abscondit.
197 872 232 906 Die
243 872 319 905 crastina
332 883 398 916 pauper
410 873 433 905 de
445 873 471 906 sui
483 872 530 916 porci
541 871 635 905 amissione
646 872 733 912 sollicitus,
744 883 783 914 pre·

78 923 158 966 positum,
164 934 216 967 quent
222 933 252 965 pre
257 923 337 957 omnibus
343 928 441 966 suspectum
446 923 526 964 habebat,
531 923 573 956 adiit
580 933 584 956 :
596 933 680 966 suumque
687 923 782 966 dampnum

77 974 206 1007 lacrimabiliter
217 983 310 1016 exponens,
318 979 335 1006 et
346 973 481 1007 misericordiam
492 980 557 1016 petens,
567 973 620 1007 nichil
629 973 653 1007 ab
663 984 684 1008 eo
695 972 728 1008 nisi
740 983 781 1008 con·

78 1026 159 1059 tumelias
166 1025 264 1067 reportauit.
286 1024 368 1057 Decreuit
373 1024 431 1067 itaque
436 1024 487 1058 homo
492 1023 520 1058 ille
528 1024 551 1058 ad
558 1023 604 1058 beati
612 1023 692 1059 Guthlaci
700 1023 781 1067 suffragia
790 1035 796 1057 r
799 1036 808 1066 5

78 1075 176 1114 conuolare,
191 1085 243 1116 quern
256 1075 309 1107 multa
323 1074 415 1108 deuotione
427 1076 497 1108 amabat
511 1075 602 1117 ipsumque
614 1075 703 1108 annuatim
719 1075 781 1109 uotiuis

79 1124 178 1158 muneribus
185 1124 287 1157 honorabat.
310 1124 338 1157 Ex
348 1124 447 1157 uehementi
454 1134 495 1166 ergo
505 1130 522 1158 et
532 1125 590 1158 ualida
601 1124 729 1168 presumptione
740 1134 780 1158 con·

78 1175 131 1209 iciens
143 1176 189 1218 quod
203 1174 290 1208 maliciose
305 1185 353 1208 suern
366 1174 411 1208 illius
425 1174 522 1218 prepositus
533 1175 640 1217 occultasset,
651 1181 703 1219 atque
717 1176 780 1209 furtum

77 1225 170 1259 inficiando
188 1225 258 1268 insuper
276 1225 292 1258 ei
311 1226 401 1258 uerborum
419 1225 489 1258 iniurias
509 1226 606 1267 irrogasset,
624 1226 691 1268 rogauit
709 1225 780 1261 beatum

78 1277 183 1310 Guthlacum
191 1281 210 1310 ut
218 1286 267 1310 suam
274 1275 367 1318 respiceret
374 1275 489 1317 afflictionem,
496 1281 548 1319 atque
558 1276 604 1319 apud
612 1276 660 1310 illum
668 1275 706 1320 ‘qui
714 1277 731 1310 in
739 1276 781 1311 celis
789 1288 808 1311 ro

77 1327 144 1360 habitat
151 1333 168 1359 et
176 1326 247 1359 humilia
254 1326 334 1369 respicit,’
342 1326 371 1369 qui
380 1326 448 1360 ‘liberat
457 1337 550 1369 pauperem
558 1338 569 1360 a
577 1332 652 1369 potente,
660 1332 677 1360 et
686 1337 780 1369 pauperem

77 1377 104 1410 cui
114 1383 194 1410 nouerat
206 1377 283 1417 adiutor:
292 1377 314 1409 de
324 1376 370 1410 illato
380 1376 413 1409 sibi
422 1377 498 1419 dampno
505 1382 522 1409 et
529 1376 591 1409 iniuria
598 1383 685 1420 expeteret
692 1377 780 1412 ultionem.

76 1427 110 1460 Vix
121 1426 216 1461 orationem
227 1426 353 1469 compleuerat:
365 1431 382 1460 et
393 1436 433 1461 ecce
444 1427 511 1468 horrea,
522 1437 556 1470 que
567 1428 612 1462 inter
622 1431 695 1470 magnos
706 1437 779 1471 aggeres

77 1476 155 1519 segetum
162 1489 232 1520 porcum
240 1476 336 1520 teneba[n]t
344 1478 470 1519 absconditum,
477 1478 534 1511 subito
541 1477 655 1521 corripiuntur
662 1478 747 1519 incendio,
755 1478 779 1512 ita

75 1535 94 1563 ut
102 1529 164 1563 domus
171 1539 241 1573 prorsus
250 1534 361 1562 euanesceret
371 1527 389 1561 in
400 1527 477 1562 cinerem·
485 1534 502 1562 et
512 1527 593 1563 fauillam.
616 1530 680 1563 Porcus
690 1535 747 1563 autem
755 1528 779 1563 ita
787 1542 806 1573 ²5

76 1579 134 1612 illesus
142 1580 221 1612 inuentus
229 1585 260 1619 est,
268 1584 286 1610 ut
294 1588 326 1610 nec
333 1579 403 1611 unicum
410 1578 447 1612 eius
454 1579 508 1620 pilum
518 1580 588 1612 flamme
596 1580 681 1613 uoracitas
688 1580 778 1621 attigisset.

104 1654 145 1687 Nno
155 1653 257 1687 duodecimo
264 1654 309 1696 regis
317 1653 401 1696 Stephani
409 1653 517 1695 Reginaldus
524 1654 546 1687 de
554 1654 642 1688 Comubia
652 1654 779 1689 strenuissimus

136 1703 191 1746 miles,
203 1703 259 1737 socius
272 1702 345 1737 Comitis
357 1702 460 1745 Cannensis,
472 1703 515 1737 adeo
526 1702 596 1737 efferata
607 1704 655 1737 rabie
666 1704 749 1745 seuiebat,
760 1711 778 1738 ut

75 1755 131 1790 socios
140 1755 220 1789 dentibus
232 1760 250 1788 et
259 1754 345 1797 unguibus
355 1759 453 1797 appeteret:
469 1754 493 1788 ita
504 1760 522 1788 ut
534 1755 585 1788 etiarn
597 1753 614 1788 in
626 1760 699 1789 mortem
709 1755 777 1798 nepotis

75 1805 106 1847 sui,
118 1806 146 1849 qui
160 1805 175 1838 ei
190 1805 291 1839 familiarius
306 1805 399 1845 assidebat,
412 1805 509 1847 frequenter
524 1805 571 1838 illurn
586 1805 676 1838 demencia
690 1807 777 1840 excitaret.
786 1813 806 1843 3⁰

75 1856 110 1890 Hic
122 1857 144 1890 ad
157 1855 246 1889 ecclesiam
256 1855 302 1888 beati
316 1855 396 1888 Guthlaci
408 1854 491 1889 aduectus
502 1861 539 1889 est:
556 1854 583 1888 cui
597 1864 636 1888 cum
649 1855 723 1899 quedam
736 1866 777 1890 crux

75 1905 206 1949 processionalis
219 1905 242 1937 ad
254 1904 367 1937 osculandum
378 1910 395 1937 et
408 1904 516 1937 adorandum
528 1904 620 1946 offerretur,
632 1906 705 1939 eandem
716 1906 777 1940 dissol-

74 1957 128 1991 uisset
141 1956 159 1989 in
171 1957 230 1996 frusta,
241 1954 274 1988 nisi
288 1955 310 1989 de
324 1954 405 1988 manibus
418 1954 455 1989 eius
468 1954 587 1999 tempestiuius
600 1953 703 1999 raperetur².
730 1957 777 1991 Dum

74 2013 133 2042 autem
147 2007 256 2050 errangelium
269 2007 360 2049 legeretur,
373 2007 449 2049 prefatus
461 2006 511 2039 miles
526 2006 583 2039 subito
597 2006 615 2039 in
627 2006 660 2039 hec
672 2007 726 2040 uerba
738 2019 777 2050 pro

74 2058 148 2100 rumpit:
165 2058 214 2091 ‘Deo
225 2056 303 2101 gracias3
319 2056 350 2090 tibi
361 2056 427 2099 gracias
438 2067 476 2100 ago,
488 2057 541 2090 deus!
564 2058 642 2101 Cumque
653 2057 777 2101 aliquantulum
784 2066 805 2097 35

74 2107 173 2150 quieuisset,
181 2117 211 2140 sue
218 2107 272 2140 menti
283 2106 381 2149 plenissime
390 2107 483 2146 restitutus,
491 2112 578 2141 reuertens
587 2108 609 2141 ad
620 2108 689 2150 propria
698 2118 718 2141 se
728 2118 777 2141 sanc-

73 2163 130 2192 torum
137 2158 208 2191 fratrum
215 2156 295 2199 precibus
302 2157 389 2190 humiliter
395 2156 528 2191 commendauit.

78 2235 116 2312 ΙΝ
129 2234 170 2268 uilla
181 2244 214 2276 que
223 2232 285 2267 dicitur
295 2234 389 2273 Coueham,
400 2239 467 2276 preerat
479 2233 556 2268 eiusdem
567 2233 601 2268 loci
612 2234 685 2269 ecclesie
697 2235 777 2270 sacerdos

120 2285 191 2329 quidam
206 2283 341 2318 conuersationis
354 2284 432 2318 honeste.
460 2285 495 2318 iste
510 2284 586 2328 quadam
600 2284 671 2329 speciali
686 2285 777 2320 allectione

73 2337 144 2370 beatum
159 2336 263 2369 Guthlacum
278 2334 313 2376 iugi
328 2335 412 2367 memoria
426 2335 518 2375 recolebat,
530 2336 576 2369 vnde
588 2337 611 2370 ad
626 2337 708 2369 honorem
722 2336 776 2378 ipsius
784 2346 805 2376 4ο

73 2385 163 2419 basilicam
174 2385 248 2418 mirabili
260 2384 332 2418 artificio
344 2391 451 2425 construens,
462 2395 517 2427 usque
527 2385 551 2418 ad
561 2385 663 2429 positionem
674 2384 715 2418 tecti
727 2385 776 2419 edifi-

73 2437 119 2472 cium
127 2442 259 2470 consummarat.
282 2437 335 2470 Porro
343 2434 383 2479 quia
390 2434 479 2480 prouincia
487 2435 516 2470 ille
523 2437 603 2471 exuberat
614 2435 684 2480 quidem
693 2435 775 2479 frugibus,

74 2487 105 2521 sed
116 2486 201 2528 lignorum
212 2486 285 2520 materia
295 2497 331 2520 non
341 2487 440 2520 habundat:
456 2488 541 2521 conducta
553 2496 598 2520 naue
609 2486 693 2520 Vmbrum
705 2486 775 2521 fluuium

73 2537 146 2577 transiit,
156 2545 253 2578 nauemque
263 2536 319 2578 lignis,
327 2536 395 2579 incepto
402 2536 470 2570 edificio
478 2536 619 2579 competentibus,
627 2536 709 2569 onerauit.
732 2537 776 2570 eum

133 2611 139 2628 ¹
148 2620 161 2641 r.
168 2609 236 2641 abduxit.
300 2610 307 2629 ²
317 2610 359 2642 Here
366 2611 404 2642 ends
410 2611 436 2642 the
443 2614 475 2642 text
482 2610 498 2641 in
505 2610 552 2648 Boii,
558 2611 584 2641 the
591 2615 621 2641 rest
627 2611 672 2651 being
679 2612 715 2641 lost.
