1762 2803
127 94 170 175 ³32
258 179 260 184 ,
315 115 528 181 notabamus
542 116 635 180 anne.

125 239 190 273 beatus
200 238 234 281 vir,
245 244 287 282 post
298 238 381 282 regimen
393 238 498 283 episcopale
509 244 620 283 susceptum,
632 238 690 272 factus
703 243 731 272 est
743 238 795 273 solito
807 239 827 272 in

126 291 207 326 oratione
215 291 319 334 feruentior,
328 293 347 326 in
357 292 500 327 elemosinarum
507 293 511 311 ¹
519 291 615 336 largitione
623 290 719 335 profusior,
728 291 747 325 in
758 290 827 335 proprii

126 346 209 389 corporis
217 344 335 388 castigatione
342 345 423 390 rigidior.
446 345 518 381 Extunc
528 345 561 380 fuit
572 345 589 379 ei
600 354 702 389 pauperum
711 354 754 380 cura
764 343 827 388 maior,

127 399 198 433 habitus
209 398 299 439 abiectior,
307 405 372 442 gestus
383 405 401 433 et
413 399 478 435 effatus
490 398 579 433 humilior.
602 397 624 432 in
635 408 701 432 mensa
710 408 783 442 quoque
794 407 827 431 sua

109 450 179 485 slectio
192 451 312 494 personabat:
329 457 347 484 et
362 451 379 484 si
394 453 468 494 quando
483 444 541 486 lector
555 456 641 492 cessaret,
657 456 688 484 aut
701 451 725 485 de
740 450 776 485 hiis
792 461 828 494 que

127 503 196 547 legerat
211 508 241 536 aut
255 503 290 536 de²
301 503 418 537 edificatoriis
433 504 523 548 aliquibus
538 513 579 537 cum
594 502 719 536 assidentibus
734 503 828 537 tractabat.

127 554 173 589 Cum
184 555 237 590 villas
248 565 282 590 sue
293 556 372 589 diocesis
384 556 452 590 intrare
464 556 573 599 contigisset,
585 555 700 597 languentes,
710 554 799 596 infirmos,
810 560 828 588 et

127 619 219 652 pauperes
231 608 328 653 diligenter
338 609 381 643 lecit
390 610 463 654 inquiri,
474 614 492 644 et
504 608 554 653 ipsos
566 619 603 642 non
615 608 675 642 solum
686 618 720 642 sue
731 606 828 642 elimosine

127 661 214 703 subsidio,
222 662 256 695 sed
264 662 319 695 etiam
327 663 403 707 proprie
411 662 503 707 presentie
512 660 575 696 solatio
584 661 655 695 solebat
661 660 742 703 visitare,
750 665 768 694 et
775 660 828 695 verbi

100 724 119 746 ιο
128 714 157 747 dei
173 714 259 747 alimento
272 714 391 757 spiritualiter
404 715 492 748 refouere.
515 714 538 748 Et
552 724 593 747 cum
605 723 639 756 per
652 714 711 755 largas
724 713 828 747 elimosinas

128 766 209 800 redditus
225 766 372 809 consumunturi,
388 771 406 801 et
421 766 505 801 dominus
521 766 624 799 Richardus
642 764 829 799 Bachedene-irater

128 818 168 853 eius
182 818 265 861 carnalis,
278 820 307 853 cui
320 830 383 853 curam
396 819 524 863 temporalium
536 816 731 852 commiserat-dixit*
743 818 792 861 quod
805 818 828 852 ad

128 876 188 905 tantas
207 870 313 905 elimosinas
328 876 377 907 tante
393 882 494 916 pauperum
509 870 629 904 multitudinis
646 870 727 904 redditus
746 870 774 904 sui
791 881 828 903 non

128 924 246 967 sufficerent3
258 923 363 968 respondit:
376 924 444 959 ‘Estne
455 925 527 967 iustum,
535 925 590 959 citare
601 924 662 966 irater,
669 928 689 958 vt
699 933 733 957 nos
744 923 768 957 de
779 922 829 958 vasis

101 989 119 1018 ³5
129 978 189 1010 aureis
194 978 224 1010 vel
230 977 322 1020 argenteis
327 979 445 1011 comedamus
453 983 471 1011 et
477 977 565 1018 bibamus,
572 976 668 1010 Christoin
674 977 712 1010 suis
717 976 829 1020 pauperibus

95 1050 98 1057 ·
128 1028 176 1062 fame
183 1028 261 1063 cruciato
267 1030 283 1062 i'
291 1028 322 1072 [et]
328 1027 335 1047 ⁵
342 1028 447 1064 subiunxit:
460 1029 517 1063 ‘Noui
525 1040 559 1073 ego
566 1028 620 1063 valde
626 1027 743 1062 bene-sicut
751 1033 770 1062 et
777 1033 830 1072 pater

128 1081 226 1116 meus—de
238 1082 347 1126 parapside⁶
359 1087 377 1116 et
390 1087 460 1116 cratere
474 1081 562 1126 [ligneo]⁷
574 1092 635 1115 escam
647 1092 721 1115 sumere
734 1085 752 1115 et
766 1085 829 1123 potum

128 1136 231 1178 degustare.
253 1134 362 1169 Vendantur
374 1135 428 1179 igitur
435 1145 480 1169 vasa
491 1139 577 1180 argentea
588 1139 606 1168 et
617 1144 684 1176 aurea;
696 1134 729 1168 sed
741 1138 760 1168 et
771 1144 829 1177 equus

128 1188 157 1222 cui
170 1187 246 1229 insideo,
259 1188 318 1221 bonus
333 1193 351 1221 et
366 1188 461 1232 preciosus
475 1193 512 1223 est:
530 1189 619 1222 vendatur
633 1188 721 1230 obsecro3
736 1192 829 1221 eteorum

102 1251 120 1270 20
129 1240 190 1282 precio
200 1245 300 1283 pascantur
311 1240 379 1273 Christi
391 1241 493 1283 pauperes!
516 1240 540 1274 Et
552 1251 589 1273 non
602 1240 662 1274 solum
675 1245 753 1273 nouerat
766 1240 830 1274 beatus

130 1291 233 1325 Richardus
241 1302 310 1336 egenos
319 1290 404 1325 alimonie
413 1291 494 1326 subsidio
502 1302 582 1336 pascere,
590 1291 684 1326 sedetiam
694 1292 753 1325 nudos
761 1292 830 1326 vestire

129 1344 198 1390 pariter
206 1349 224 1380 et
231 1344 313 1387 calciare,
319 1350 400 1379 mortuos
407 1355 479 1390 quoque
485 1344 563 1389 propriis
570 1344 653 1379 manibus
661 1344 744 1388 sepelire.
764 1343 830 1378 Multo-

129 1398 177 1432 tiens
187 1403 254 1439 autem,
262 1403 360 1440 antequam
368 1404 468 1441 peteretur,
476 1398 595 1432 elemosinam
602 1399 714 1442 pauperibus
722 1398 829 1441 errogabat:

129 1456 197 1485 etcum
205 1450 297 1485 diceretur
304 1451 321 1484 ei
329 1460 385 1494 quare
393 1451 481 1486 tribueret
489 1450 584 1495 pecuniam
592 1461 629 1485 non
637 1450 746 1495 petentibus,
753 1460 830 1496 respon-

103 1516 121 1544 ²5
130 1503 166 1536 dit:
179 1503 283 1546 ‘Scriptum
290 1501 324 1542 est,
332 1503 428 1536 “Domine
439 1503 540 1546 preuenisti
548 1514 591 1537 eum
599 1504 617 1537 in
626 1504 783 1538 benedictionibus
791 1505 830 1537 dul-

130 1555 215 1596 cedinis,’'
220 1560 253 1589 etc.
273 1554 296 1588 Et
301 1554 353 1589 illud:
366 1555 441 1589 “Chare
448 1555 491 1590 satis
497 1555 563 1589 emitur
568 1556 616 1599 quod
622 1556 706 1600 precibus
712 1555 830 1590 obtinetur.”¹

132 1606 246 1652 Pauperibus
252 1607 359 1651 presbiteris
366 1618 438 1651 quoque
443 1607 454 1649 ³,
460 1608 511 1641 senio
518 1608 609 1651 consectis,
615 1609 663 1642 cecis
668 1609 698 1643 vel
704 1609 748 1642 alias
754 1619 831 1652 corpore

130 1660 266 1705 impotentibus,
275 1660 397 1703 hospitalem⁹
405 1660 497 1694 constituit
506 1673 511 1702 ;
522 1666 540 1694 et
551 1672 574 1694 ne
584 1660 656 1704 publice
666 1660 778 1696 mendicitati
788 1661 831 1695 sub·

131 1713 233 1754 licerentur,
249 1713 308 1747 victus
323 1717 341 1746 et
356 1713 433 1746 vestitus
445 1712 561 1747 necessarios
574 1714 662 1747 eisdem¹⁰
677 1714 745 1748 ibidem
760 1713 831 1748 miseri-

103 1781 123 1809 30
131 1768 210 1800 corditer
217 1765 312 1799 ordinauit.
331 1765 393 1799 Vnum
400 1776 468 1808 panem
476 1766 498 1799 ad
506 1765 564 1809 ipsius
572 1766 718 1801 benedictionem
725 1766 831 1801 habundare

131 1819 172 1853 iecit
180 1820 198 1852 in
206 1823 282 1858 tantum,
289 1818 337 1860 quod
346 1823 408 1860 preter
414 1817 548 1852 estimationem
556 1818 659 1861 astantium,
665 1818 737 1852 refectis
746 1820 831 1853 habunde

131 1871 183 1916 quasi
197 1870 256 1903 tribus
271 1869 344 1903 milibus
359 1879 461 1912 pauperum
479 1874 576 1904 consuetas
591 1870 717 1914 recipientium
732 1870 832 1914 portiones,

131 1925 284 1959 ltabundauerunt
291 1929 354 1967 partes
362 1933 398 1967 que
407 1922 509 1956 secundum
517 1923 595 1956 eandem
603 1922 749 1957 distributionem
758 1928 831 1957 centum

131 1979 190 2012 adhuc
196 1987 288 2021 pauperes
295 1976 406 2010 refecissent.
420 1975 520 2010 Necsemel
526 1976 628 2011 tantumvel
634 1977 662 2011 bis
668 1977 702 2011 hec
709 1987 741 2011 sue
747 1975 832 2011 benedic·

105 2042 123 2072 35
132 2030 186 2064 tionis
194 2028 361 2073 superabundantia
368 2028 415 2062 iacta
423 2029 515 2071 probatur,
523 2029 556 2063 sed
565 2034 582 2063 et
589 2029 601 2048 ¹¹
609 2029 678 2073 pluries
682 2030 700 2072 ¹²,
708 2029 749 2074 ipso
756 2040 832 2063 manum

132 2092 185 2115 suam
193 2083 288 2123 aperiente
299 2082 330 2123 qui
342 2082 401 2124 replet
411 2091 466 2113 omne
476 2081 544 2113 animal
554 2082 686 2116 benedictione.
709 2083 771 2115 Posuit
782 2082 832 2116 enim

132 2134 261 2169 vestimentum
269 2143 322 2166 suurn
330 2132 413 2175 cilicium,
421 2132 532 2175 loricamque
543 2133 682 2176 superinduens,
691 2144 742 2168 arma
752 2143 832 2167 macera-

132 2186 187 2221 tionis
195 2184 265 2219 adiecit.
287 2185 457 2229 Vestimentaque¹³
465 2190 483 2219 et
491 2184 608 2220 calciamenta
615 2186 660 2229 eius,
669 2197 703 2221 nec
713 2185 770 2220 nitida
778 2184 832 2219 nimis

133 2250 167 2274 nec
175 2239 245 2273 abiecta
254 2237 358 2281 plurimum,
366 2239 399 2272 sed
411 2248 435 2272 ex
447 2238 540 2272 moderato
552 2243 570 2272 et
581 2239 691 2283 competenti
702 2239 764 2274 habitu
775 2244 832 2280 erant,

104 2309 125 2338 40
133 2293 151 2326 in
164 2291 230 2337 quibus
245 2290 290 2324 nihil
305 2290 363 2334 potuit
377 2290 436 2325 notari
451 2289 541 2325 nouitatis.
570 2290 608 2326 Sed
623 2302 657 2326 nec
672 2292 734 2326 faleris
748 2302 792 2326 auro
803 2291 832 2325 vel

132 2350 208 2389 argento
216 2343 326 2387 fulgentibus
334 2354 392 2387 equos
401 2354 444 2377 suos
452 2342 513 2377 ornari
521 2343 581 2385 voluit,
589 2355 623 2379 nec
635 2346 731 2379 mutatoria
739 2345 833 2389 superflua

132 2396 259 2437 circumferre;
273 2406 310 2429 non
322 2397 381 2429 solum
392 2406 480 2439 pompam
490 2396 554 2436 vitans,
564 2398 596 2430 sed
608 2398 663 2430 etiam
674 2398 741 2432 timens
753 2408 777 2431 ne
788 2407 832 2440 pau·

151 2487 157 2504 ¹
168 2487 186 2516 E.
193 2484 321 2514 elemosinorum.
361 2482 367 2501 ²
377 2493 408 2514 om.
416 2484 433 2513 in
441 2483 459 2514 B.
500 2483 506 2501 ³
517 2484 535 2514 B.
543 2490 677 2517 consumerentur.
728 2484 734 2503 l
744 2486 763 2516 Β.
769 2486 832 2515 diceret.

131 2526 178 2555 ⁵om.
245 2524 280 2553 θΒ.
288 2524 377 2561 paropside.
439 2523 504 2553 lsoSl.
550 2533 551 2536 ¹
567 2524 602 2554 ΕΒλ
610 2535 673 2563 quoque
681 2535 704 2564 pr.
768 2523 832 2555 'Ser.

132 2565 215 2604 hospitale.
257 2563 269 2582 ¹⁰
280 2564 298 2593 E.
304 2563 378 2594 eiusdem.
420 2562 431 2581 ¹¹
443 2573 472 2593 om.
479 2564 495 2594 in
501 2564 521 2595 B.
560 2564 572 2583 ¹²
579 2564 596 2595 E<
602 2566 659 2604 plures.
700 2564 712 2583 ¹³
718 2574 749 2604 que
754 2574 785 2596 om.
791 2564 807 2594 in
813 2563 833 2593 B.
