<?xml version="1.0" encoding="UTF-8"?>
<!DOCTYPE html PUBLIC "-//W3C//DTD XHTML 1.0 Transitional//EN"
    "http://www.w3.org/TR/xhtml1/DTD/xhtml1-transitional.dtd">
<html xmlns="http://www.w3.org/1999/xhtml" xml:lang="en" lang="en">
 <head>
  <title>
</title>
<meta http-equiv="Content-Type" content="text/html;charset=utf-8" />
  <meta name='ocr-system' content='tesseract 3.04.00' />
  <meta name='ocr-capabilities' content='ocr_page ocr_carea ocr_par ocr_line ocrx_word'/>
</head>
<body>
  <div class='ocr_page' id='page_1' title='image "./MN5111ucmf_0/MN5111ucmf_0_0691.png"; bbox 0 0 1762 2803; ppageno 0'>
   <div class='ocr_carea' id='block_1_1' title="bbox 124 102 740 165">
    <p class='ocr_par' dir='ltr' id='par_1_1' title="bbox 124 102 740 165">
     <span class='ocr_line' id='line_1_1' title="bbox 124 102 740 165; baseline -0.018 -2"><span class='ocrx_word' id='word_1_1' title='bbox 124 109 170 164; x_wconf 58' lang='lat' dir='ltr'>bt</span> <span class='ocrx_word' id='word_1_2' title='bbox 184 106 285 160; x_wconf 54' lang='lat' dir='ltr'>&amp;anuo</span> <span class='ocrx_word' id='word_1_3' title='bbox 300 103 417 165; x_wconf 66' lang='lat' dir='ltr'>urbanae</span> <span class='ocrx_word' id='word_1_4' title='bbox 431 107 461 155; x_wconf 76' lang='lat' dir='ltr'>ua</span> <span class='ocrx_word' id='word_1_5' title='bbox 475 102 659 165; x_wconf 59' lang='lat' dir='ltr'>utenburron.</span> <span class='ocrx_word' id='word_1_6' title='bbox 714 117 740 160; x_wconf 79' lang='lat'>75</span> 
     </span>
    </p>
   </div>
   <div class='ocr_carea' id='block_1_2' title="bbox 39 224 776 2493">
    <p class='ocr_par' dir='ltr' id='par_1_2' title="bbox 39 224 776 2493">
     <span class='ocr_line' id='line_1_2' title="bbox 39 224 742 274; baseline -0.01 -10"><span class='ocrx_word' id='word_1_7' title='bbox 39 228 258 274; x_wconf 81' lang='lat' dir='ltr'>multiplieitereffugauit</span> <span class='ocrx_word' id='word_1_8' title='bbox 269 226 376 261; x_wconf 84' lang='lat' dir='ltr'>Accedente</span> <span class='ocrx_word' id='word_1_9' title='bbox 381 225 442 270; x_wconf 89' lang='lat' dir='ltr'>itaque</span> <span class='ocrx_word' id='word_1_10' title='bbox 447 229 531 269; x_wconf 89' lang='lat' dir='ltr'>tempore</span> <span class='ocrx_word' id='word_1_11' title='bbox 536 234 572 269; x_wconf 91' lang='lat' dir='ltr'>quo</span> <span class='ocrx_word' id='word_1_12' title='bbox 577 234 676 268; x_wconf 85' lang='lat' dir='ltr'>granorum</span> <span class='ocrx_word' id='word_1_13' title='bbox 682 224 742 258; x_wconf 89' lang='lat' dir='ltr'>multi-</span> 
     </span>
     <span class='ocr_line' id='line_1_3' title="bbox 40 277 743 328; baseline -0.01 -10"><span class='ocrx_word' id='word_1_14' title='bbox 40 284 110 328; x_wconf 88' lang='lat' dir='ltr'>plicitas</span> <span class='ocrx_word' id='word_1_15' title='bbox 121 281 238 325; x_wconf 67' lang='lat' dir='ltr'>recederem,</span> <span class='ocrx_word' id='word_1_16' title='bbox 247 288 265 315; x_wconf 90' lang='lat' dir='ltr'>et</span> <span class='ocrx_word' id='word_1_17' title='bbox 274 281 354 325; x_wconf 90' lang='lat' dir='ltr'>parcitas</span> <span class='ocrx_word' id='word_1_18' title='bbox 364 279 466 313; x_wconf 88' lang='lat' dir='ltr'>eorundem</span> <span class='ocrx_word' id='word_1_19' title='bbox 477 277 652 312; x_wconf 79' lang='lat' dir='ltr'>consuetudinaliter</span> <span class='ocrx_word' id='word_1_20' title='bbox 661 277 743 318; x_wconf 85' lang='lat' dir='ltr'>inoleret,</span> 
     </span>
     <span class='ocr_line' id='line_1_4' title="bbox 39 329 744 377; baseline -0.01 -8"><span class='ocrx_word' id='word_1_21' title='bbox 39 338 62 369; x_wconf 87' lang='lat' dir='ltr'>ad</span> <span class='ocrx_word' id='word_1_22' title='bbox 70 337 129 369; x_wconf 90' lang='lat' dir='ltr'>locum</span> <span class='ocrx_word' id='word_1_23' title='bbox 137 335 156 367; x_wconf 91' lang='lat' dir='ltr'>in</span> <span class='ocrx_word' id='word_1_24' title='bbox 167 345 203 377; x_wconf 93' lang='lat' dir='ltr'>quo</span> <span class='ocrx_word' id='word_1_25' title='bbox 213 344 270 377; x_wconf 86' lang='lat' dir='ltr'>grana</span> <span class='ocrx_word' id='word_1_26' title='bbox 278 332 363 365; x_wconf 85' lang='lat' dir='ltr'>annualia</span> <span class='ocrx_word' id='word_1_27' title='bbox 375 332 398 364; x_wconf 90' lang='lat' dir='ltr'>ab</span> <span class='ocrx_word' id='word_1_28' title='bbox 408 331 498 364; x_wconf 85' lang='lat' dir='ltr'>imbribus</span> <span class='ocrx_word' id='word_1_29' title='bbox 507 329 612 363; x_wconf 82' lang='lat' dir='ltr'>delensone</span> <span class='ocrx_word' id='word_1_30' title='bbox 622 329 744 363; x_wconf 89' lang='lat' dir='ltr'>seruabantur</span> 
     </span>
     <span class='ocr_line' id='line_1_5' title="bbox 39 382 743 433; baseline -0.007 -13"><span class='ocrx_word' id='word_1_31' title='bbox 39 387 160 433; x_wconf 78' lang='lat' dir='ltr'>personaliter</span> <span class='ocrx_word' id='word_1_32' title='bbox 179 385 281 419; x_wconf 87' lang='lat' dir='ltr'>maturauit.</span> <span class='ocrx_word' id='word_1_33' title='bbox 308 384 394 428; x_wconf 84' lang='lat' dir='ltr'><strong>Dumque</strong></span> <span class='ocrx_word' id='word_1_34' title='bbox 413 383 499 418; x_wconf 82' lang='lat' dir='ltr'>frumenti</span> <span class='ocrx_word' id='word_1_35' title='bbox 519 382 611 417; x_wconf 89' lang='lat' dir='ltr'>modicum</span> <span class='ocrx_word' id='word_1_36' title='bbox 630 382 743 426; x_wconf 80' lang='lat' dir='ltr'>repperisset</span> 
     </span>
     <span class='ocr_line' id='line_1_6' title="bbox 40 435 760 483; baseline -0.008 -8"><span class='ocrx_word' id='word_1_37' title='bbox 40 450 130 481; x_wconf 88' lang='lat' dir='ltr'>aceruum,</span> <span class='ocrx_word' id='word_1_38' title='bbox 139 440 169 483; x_wconf 91' lang='lat' dir='ltr'>qui</span> <span class='ocrx_word' id='word_1_39' title='bbox 179 437 284 473; x_wconf 89' lang='lat' dir='ltr'>monasterii</span> <span class='ocrx_word' id='word_1_40' title='bbox 296 436 401 481; x_wconf 85' lang='lat' dir='ltr'><strong>sumptibus</strong></span> <span class='ocrx_word' id='word_1_41' title='bbox 413 446 449 470; x_wconf 94' lang='lat' dir='ltr'>non</span> <span class='ocrx_word' id='word_1_42' title='bbox 461 440 525 480; x_wconf 87' lang='lat' dir='ltr'>posset</span> <span class='ocrx_word' id='word_1_43' title='bbox 536 435 647 476; x_wconf 76' lang='lat' dir='ltr'>satisfacere,</span> <span class='ocrx_word' id='word_1_44' title='bbox 656 436 760 478; x_wconf 66' lang='lat' dir='ltr'>aduocatos</span> 
     </span>
     <span class='ocr_line' id='line_1_7' title="bbox 40 488 743 536; baseline -0.007 -9"><span class='ocrx_word' id='word_1_45' title='bbox 40 493 125 536; x_wconf 81' lang='lat' dir='ltr'>suffragio</span> <span class='ocrx_word' id='word_1_46' title='bbox 133 491 238 526; x_wconf 87' lang='lat' dir='ltr'>instillantis</span> <span class='ocrx_word' id='word_1_47' title='bbox 246 489 322 535; x_wconf 83' lang='lat' dir='ltr'>superni</span> <span class='ocrx_word' id='word_1_48' title='bbox 333 490 379 523; x_wconf 82' lang='lat' dir='ltr'>dixit</span> <span class='ocrx_word' id='word_1_49' title='bbox 390 488 526 533; x_wconf 84' lang='lat' dir='ltr'>stipendiariis:</span> <span class='ocrx_word' id='word_1_50' title='bbox 538 488 604 522; x_wconf 72' lang='lat' dir='ltr'>&#39;Istius</span> <span class='ocrx_word' id='word_1_51' title='bbox 614 488 666 532; x_wconf 89' lang='lat' dir='ltr'>grani</span> <span class='ocrx_word' id='word_1_52' title='bbox 677 488 743 533; x_wconf 81' lang='lat' dir='ltr'>portio</span> 
     </span>
     <span class='ocr_line' id='line_1_8' title="bbox 41 540 744 589; baseline -0.007 -10"><span class='ocrx_word' id='word_1_53' title='bbox 41 546 99 589; x_wconf 87' lang='lat' dir='ltr'>n[em]</span> <span class='ocrx_word' id='word_1_54' title='bbox 106 546 109 564; x_wconf 89' lang='lat'>¹</span> <span class='ocrx_word' id='word_1_55' title='bbox 117 543 220 588; x_wconf 84' lang='lat' dir='ltr'>vigilantius</span> <span class='ocrx_word' id='word_1_56' title='bbox 225 543 314 577; x_wconf 87' lang='lat' dir='ltr'>custodite</span> <span class='ocrx_word' id='word_1_57' title='bbox 321 554 325 576; x_wconf 89' lang='lat'><strong>:</strong></span> <span class='ocrx_word' id='word_1_58' title='bbox 335 542 363 575; x_wconf 92' lang='lat' dir='ltr'>cui</span> <span class='ocrx_word' id='word_1_59' title='bbox 370 541 503 585; x_wconf 89' lang='lat' dir='ltr'>deuslargissua</span> <span class='ocrx_word' id='word_1_60' title='bbox 509 551 565 575; x_wconf 89' lang='lat' dir='ltr'>mann</span> <span class='ocrx_word' id='word_1_61' title='bbox 571 540 694 575; x_wconf 86' lang='lat' dir='ltr'>munificentie</span> <span class='ocrx_word' id='word_1_62' title='bbox 700 551 744 584; x_wconf 87' lang='lat' dir='ltr'>aug·</span> 
     </span>
     <span class='ocr_line' id='line_1_9' title="bbox 42 593 743 637; baseline -0.004 -8"><span class='ocrx_word' id='word_1_63' title='bbox 42 596 173 630; x_wconf 87' lang='lat' dir='ltr'>mentationem</span> <span class='ocrx_word' id='word_1_64' title='bbox 182 595 271 634; x_wconf 87' lang='lat' dir='ltr'>infundat,</span> <span class='ocrx_word' id='word_1_65' title='bbox 276 597 361 637; x_wconf 88' lang='lat' dir='ltr'>intraque</span> <span class='ocrx_word' id='word_1_66' title='bbox 366 594 460 636; x_wconf 84' lang='lat' dir='ltr'>spicarum</span> <span class='ocrx_word' id='word_1_67' title='bbox 468 593 633 627; x_wconf 86' lang='lat' dir='ltr'>loculosinterioris</span> <span class='ocrx_word' id='word_1_68' title='bbox 638 593 690 636; x_wconf 89' lang='lat' dir='ltr'>grani</span> <span class='ocrx_word' id='word_1_69' title='bbox 697 593 743 626; x_wconf 90' lang='lat' dir='ltr'>mul-</span> 
     </span>
     <span class='ocr_line' id='line_1_10' title="bbox 40 645 744 694; baseline -0.006 -12"><span class='ocrx_word' id='word_1_70' title='bbox 40 648 170 694; x_wconf 87' lang='lat' dir='ltr'>tiplicationem</span> <span class='ocrx_word' id='word_1_71' title='bbox 178 657 197 681; x_wconf 84' lang='lat' dir='ltr'>in</span> <span class='ocrx_word' id='word_1_72' title='bbox 205 647 288 691; x_wconf 85' lang='lat' dir='ltr'>presenti</span> <span class='ocrx_word' id='word_1_73' title='bbox 296 656 386 680; x_wconf 86' lang='lat' dir='ltr'>renouare</span> <span class='ocrx_word' id='word_1_74' title='bbox 394 645 490 689; x_wconf 64' lang='lat' dir='ltr'>dignetur?</span> <span class='ocrx_word' id='word_1_75' title='bbox 502 645 609 688; x_wconf 88' lang='lat' dir='ltr'>Collataque</span> <span class='ocrx_word' id='word_1_76' title='bbox 617 645 744 679; x_wconf 86' lang='lat' dir='ltr'>benedictione</span> 
     </span>
     <span class='ocr_line' id='line_1_11' title="bbox 41 697 772 747; baseline -0.01 -11"><span class='ocrx_word' id='word_1_77' title='bbox 41 706 122 747; x_wconf 89' lang='lat' dir='ltr'>paterna,</span> <span class='ocrx_word' id='word_1_78' title='bbox 138 699 210 735; x_wconf 86' lang='lat' dir='ltr'>Marthe</span> <span class='ocrx_word' id='word_1_79' title='bbox 227 698 321 744; x_wconf 88' lang='lat' dir='ltr'>querelam</span> <span class='ocrx_word' id='word_1_80' title='bbox 336 698 415 734; x_wconf 91' lang='lat' dir='ltr'>actiuam</span> <span class='ocrx_word' id='word_1_81' title='bbox 430 697 448 733; x_wconf 94' lang='lat' dir='ltr'>iu</span> <span class='ocrx_word' id='word_1_82' title='bbox 465 697 523 733; x_wconf 87' lang='lat' dir='ltr'>Maria</span> <span class='ocrx_word' id='word_1_83' title='bbox 537 705 614 734; x_wconf 86' lang='lat' dir='ltr'>vacante</span> <span class='ocrx_word' id='word_1_84' title='bbox 633 699 743 733; x_wconf 84' lang='lat' dir='ltr'>terminauit.</span> <span class='ocrx_word' id='word_1_85' title='bbox 755 710 772 730; x_wconf 89' lang='grc' dir='ltr'>ιο</span> 
     </span>
     <span class='ocr_line' id='line_1_12' title="bbox 41 751 743 798; baseline -0.003 -9"><span class='ocrx_word' id='word_1_86' title='bbox 41 755 195 798; x_wconf 86' lang='lat' dir='ltr'>Considerataque</span> <span class='ocrx_word' id='word_1_87' title='bbox 206 753 268 787; x_wconf 87' lang='lat' dir='ltr'>debita</span> <span class='ocrx_word' id='word_1_88' title='bbox 277 752 360 786; x_wconf 91' lang='lat' dir='ltr'>eiusdem</span> <span class='ocrx_word' id='word_1_89' title='bbox 370 751 507 787; x_wconf 77' lang='lat' dir='ltr'>mensuratione</span> <span class='ocrx_word' id='word_1_90' title='bbox 518 753 553 787; x_wconf 90' lang='lat' dir='ltr'>sub</span> <span class='ocrx_word' id='word_1_91' title='bbox 564 752 632 795; x_wconf 90' lang='lat' dir='ltr'>modio,</span> <span class='ocrx_word' id='word_1_92' title='bbox 644 763 680 787; x_wconf 93' lang='lat' dir='ltr'>non</span> <span class='ocrx_word' id='word_1_93' title='bbox 692 752 743 787; x_wconf 88' lang='lat' dir='ltr'>latuit</span> 
     </span>
     <span class='ocr_line' id='line_1_13' title="bbox 41 805 744 851; baseline -0.001 -10"><span class='ocrx_word' id='word_1_94' title='bbox 41 807 165 851; x_wconf 83' lang='lat' dir='ltr'>placidissime</span> <span class='ocrx_word' id='word_1_95' title='bbox 184 806 267 840; x_wconf 89' lang='lat' dir='ltr'>eiusdem</span> <span class='ocrx_word' id='word_1_96' title='bbox 286 805 432 840; x_wconf 87' lang='lat' dir='ltr'>conuersationis</span> <span class='ocrx_word' id='word_1_97' title='bbox 448 805 557 841; x_wconf 88' lang='lat' dir='ltr'>miraculosa</span> <span class='ocrx_word' id='word_1_98' title='bbox 571 805 685 848; x_wconf 77' lang='lat' dir='ltr'>contestatio,</span> <span class='ocrx_word' id='word_1_99' title='bbox 700 805 744 840; x_wconf 87' lang='lat' dir='ltr'>dum</span> 
     </span>
     <span class='ocr_line' id='line_1_14' title="bbox 41 858 745 904; baseline -0.001 -10"><span class='ocrx_word' id='word_1_100' title='bbox 41 862 153 895; x_wconf 85' lang='lat' dir='ltr'>frumentum</span> <span class='ocrx_word' id='word_1_101' title='bbox 166 859 298 894; x_wconf 83' lang='lat' dir='ltr'>benedictionis</span> <span class='ocrx_word' id='word_1_102' title='bbox 310 859 365 903; x_wconf 84' lang='lat' dir='ltr'>adipe</span> <span class='ocrx_word' id='word_1_103' title='bbox 378 858 505 902; x_wconf 90' lang='lat' dir='ltr'>inpinguatum</span> <span class='ocrx_word' id='word_1_104' title='bbox 517 860 598 904; x_wconf 86' lang='lat' dir='ltr'>suscepit</span> <span class='ocrx_word' id='word_1_105' title='bbox 611 859 673 893; x_wconf 89' lang='lat' dir='ltr'>decies</span> <span class='ocrx_word' id='word_1_106' title='bbox 685 859 745 893; x_wconf 91' lang='lat' dir='ltr'>incre-</span> 
     </span>
     <span class='ocr_line' id='line_1_15' title="bbox 42 911 745 955; baseline -0.001 -8"><span class='ocrx_word' id='word_1_107' title='bbox 42 919 129 947; x_wconf 87' lang='lat' dir='ltr'>mentum.</span> <span class='ocrx_word' id='word_1_108' title='bbox 145 913 212 946; x_wconf 82' lang='lat' dir='ltr'>Postea</span> <span class='ocrx_word' id='word_1_109' title='bbox 220 911 319 946; x_wconf 88' lang='lat' dir='ltr'>conformis</span> <span class='ocrx_word' id='word_1_110' title='bbox 325 912 407 946; x_wconf 83' lang='lat' dir='ltr'>miraculi</span> <span class='ocrx_word' id='word_1_111' title='bbox 416 911 487 946; x_wconf 90' lang='lat' dir='ltr'>testatio</span> <span class='ocrx_word' id='word_1_112' title='bbox 495 917 632 946; x_wconf 85' lang='lat' dir='ltr'>sacrosanctum</span> <span class='ocrx_word' id='word_1_113' title='bbox 640 912 745 955; x_wconf 88' lang='lat' dir='ltr'>magnificat</span> 
     </span>
     <span class='ocr_line' id='line_1_16' title="bbox 42 964 772 1009; baseline -0.004 -9"><span class='ocrx_word' id='word_1_114' title='bbox 42 965 171 1006; x_wconf 82' lang='lat' dir='ltr'>confessorem,</span> <span class='ocrx_word' id='word_1_115' title='bbox 184 976 225 999; x_wconf 91' lang='lat' dir='ltr'>curn</span> <span class='ocrx_word' id='word_1_116' title='bbox 237 975 315 1009; x_wconf 87' lang='lat' dir='ltr'>paruum</span> <span class='ocrx_word' id='word_1_117' title='bbox 327 964 378 999; x_wconf 91' lang='lat' dir='ltr'>ordei</span> <span class='ocrx_word' id='word_1_118' title='bbox 389 965 483 999; x_wconf 87' lang='lat' dir='ltr'>cumulum</span> <span class='ocrx_word' id='word_1_119' title='bbox 494 965 540 999; x_wconf 87' lang='lat' dir='ltr'>alias</span> <span class='ocrx_word' id='word_1_120' title='bbox 553 964 572 998; x_wconf 89' lang='lat' dir='ltr'>in</span> <span class='ocrx_word' id='word_1_121' title='bbox 588 965 744 998; x_wconf 81' lang='lat' dir='ltr'>mensurationem</span> <span class='ocrx_word' id='word_1_122' title='bbox 754 976 772 1006; x_wconf 83' lang='lat'>¹5</span> 
     </span>
     <span class='ocr_line' id='line_1_17' title="bbox 42 1016 744 1061; baseline 0 -11"><span class='ocrx_word' id='word_1_123' title='bbox 42 1017 156 1050; x_wconf 86' lang='lat' dir='ltr'>consimilem</span> <span class='ocrx_word' id='word_1_124' title='bbox 164 1019 295 1060; x_wconf 75' lang='lat' dir='ltr'>augmentabit.</span> <span class='ocrx_word' id='word_1_125' title='bbox 318 1017 346 1050; x_wconf 83' lang='lat' dir='ltr'>Ex</span> <span class='ocrx_word' id='word_1_126' title='bbox 358 1016 394 1050; x_wconf 86' lang='lat' dir='ltr'>hiis</span> <span class='ocrx_word' id='word_1_127' title='bbox 401 1017 456 1059; x_wconf 90' lang='lat' dir='ltr'>igitur</span> <span class='ocrx_word' id='word_1_128' title='bbox 468 1023 485 1050; x_wconf 92' lang='lat' dir='ltr'>et</span> <span class='ocrx_word' id='word_1_129' title='bbox 492 1016 533 1051; x_wconf 86' lang='lat' dir='ltr'>aliis</span> <span class='ocrx_word' id='word_1_130' title='bbox 543 1016 683 1061; x_wconf 87' lang='lat' dir='ltr'>quamplurimis</span> <span class='ocrx_word' id='word_1_131' title='bbox 694 1016 744 1050; x_wconf 78' lang='lat' dir='ltr'>affir-</span> 
     </span>
     <span class='ocr_line' id='line_1_18' title="bbox 42 1068 745 1114; baseline 0.001 -11"><span class='ocrx_word' id='word_1_132' title='bbox 42 1069 151 1104; x_wconf 86' lang='lat' dir='ltr'>mationibus</span> <span class='ocrx_word' id='word_1_133' title='bbox 156 1074 219 1103; x_wconf 84' lang='lat' dir='ltr'>nostre</span> <span class='ocrx_word' id='word_1_134' title='bbox 227 1068 270 1103; x_wconf 89' lang='lat' dir='ltr'>fidei</span> <span class='ocrx_word' id='word_1_135' title='bbox 278 1069 349 1104; x_wconf 84' lang='lat' dir='ltr'>sedenti</span> <span class='ocrx_word' id='word_1_136' title='bbox 357 1079 414 1114; x_wconf 91' lang='lat' dir='ltr'>super</span> <span class='ocrx_word' id='word_1_137' title='bbox 420 1068 514 1104; x_wconf 87' lang='lat' dir='ltr'>Cherubin</span> <span class='ocrx_word' id='word_1_138' title='bbox 522 1068 586 1104; x_wconf 88' lang='lat' dir='ltr'>laudes</span> <span class='ocrx_word' id='word_1_139' title='bbox 594 1069 665 1105; x_wconf 89' lang='lat' dir='ltr'>debitas</span> <span class='ocrx_word' id='word_1_140' title='bbox 673 1070 745 1114; x_wconf 84' lang='lat' dir='ltr'>persol-</span> 
     </span>
     <span class='ocr_line' id='line_1_19' title="bbox 42 1122 744 1164; baseline 0.001 -8"><span class='ocrx_word' id='word_1_141' title='bbox 42 1133 112 1164; x_wconf 88' lang='lat' dir='ltr'>uamus,</span> <span class='ocrx_word' id='word_1_142' title='bbox 125 1129 143 1157; x_wconf 91' lang='lat' dir='ltr'>et</span> <span class='ocrx_word' id='word_1_143' title='bbox 155 1133 179 1157; x_wconf 90' lang='lat' dir='ltr'>ex</span> <span class='ocrx_word' id='word_1_144' title='bbox 191 1122 308 1157; x_wconf 85' lang='lat' dir='ltr'>interioribus</span> <span class='ocrx_word' id='word_1_145' title='bbox 320 1124 380 1157; x_wconf 88' lang='lat' dir='ltr'>cordis</span> <span class='ocrx_word' id='word_1_146' title='bbox 395 1123 481 1157; x_wconf 89' lang='lat' dir='ltr'>medullis</span> <span class='ocrx_word' id='word_1_147' title='bbox 496 1122 531 1157; x_wconf 88' lang='lat' dir='ltr'>sibi</span> <span class='ocrx_word' id='word_1_148' title='bbox 546 1123 645 1157; x_wconf 79' lang='lat' dir='ltr'>oneramus</span> <span class='ocrx_word' id='word_1_149' title='bbox 657 1123 744 1157; x_wconf 85' lang='lat' dir='ltr'>libamina</span> 
     </span>
     <span class='ocr_line' id='line_1_20' title="bbox 43 1175 744 1220; baseline 0.003 -12"><span class='ocrx_word' id='word_1_150' title='bbox 43 1175 184 1217; x_wconf 82' lang='lat' dir='ltr'>collaudationis,</span> <span class='ocrx_word' id='word_1_151' title='bbox 200 1176 231 1219; x_wconf 89' lang='lat' dir='ltr'>qui</span> <span class='ocrx_word' id='word_1_152' title='bbox 247 1181 339 1210; x_wconf 91' lang='lat' dir='ltr'>tantorum</span> <span class='ocrx_word' id='word_1_153' title='bbox 355 1176 484 1210; x_wconf 88' lang='lat' dir='ltr'>miraculorum</span> <span class='ocrx_word' id='word_1_154' title='bbox 502 1175 643 1220; x_wconf 86' lang='lat' dir='ltr'>perlustratione</span> <span class='ocrx_word' id='word_1_155' title='bbox 662 1176 744 1218; x_wconf 85' lang='lat' dir='ltr'>mirifica,</span> 
     </span>
     <span class='ocr_line' id='line_1_21' title="bbox 42 1228 773 1275; baseline 0.003 -14"><span class='ocrx_word' id='word_1_156' title='bbox 42 1228 90 1262; x_wconf 84' lang='lat' dir='ltr'>vitali</span> <span class='ocrx_word' id='word_1_157' title='bbox 102 1228 188 1264; x_wconf 86' lang='lat' dir='ltr'>labilitate</span> <span class='ocrx_word' id='word_1_158' title='bbox 202 1235 286 1264; x_wconf 90' lang='lat' dir='ltr'>nostrum</span> <span class='ocrx_word' id='word_1_159' title='bbox 300 1236 383 1265; x_wconf 88' lang='lat' dir='ltr'>sanctum</span> <span class='ocrx_word' id='word_1_160' title='bbox 397 1229 495 1272; x_wconf 86' lang='lat' dir='ltr'>decorauit,</span> <span class='ocrx_word' id='word_1_161' title='bbox 509 1240 579 1275; x_wconf 86' lang='lat' dir='ltr'>nosque</span> <span class='ocrx_word' id='word_1_162' title='bbox 592 1229 611 1265; x_wconf 97' lang='lat' dir='ltr'>in</span> <span class='ocrx_word' id='word_1_163' title='bbox 626 1229 744 1274; x_wconf 81' lang='lat' dir='ltr'>angularibus</span> <span class='ocrx_word' id='word_1_164' title='bbox 754 1242 773 1263; x_wconf 70' lang='grc' dir='ltr'>ιο</span> 
     </span>
     <span class='ocr_line' id='line_1_22' title="bbox 43 1283 745 1326; baseline 0.004 -11"><span class='ocrx_word' id='word_1_165' title='bbox 43 1283 106 1316; x_wconf 89' lang='lat' dir='ltr'>mundi</span> <span class='ocrx_word' id='word_1_166' title='bbox 117 1283 199 1317; x_wconf 88' lang='lat' dir='ltr'>tenebris</span> <span class='ocrx_word' id='word_1_167' title='bbox 209 1284 301 1318; x_wconf 88' lang='lat' dir='ltr'>desolatos</span> <span class='ocrx_word' id='word_1_168' title='bbox 313 1284 420 1318; x_wconf 86' lang='lat' dir='ltr'>exuberanti</span> <span class='ocrx_word' id='word_1_169' title='bbox 431 1283 555 1318; x_wconf 86' lang='lat' dir='ltr'>consolatione</span> <span class='ocrx_word' id='word_1_170' title='bbox 566 1284 651 1319; x_wconf 78' lang='lat' dir='ltr'>visitault.</span> <span class='ocrx_word' id='word_1_171' title='bbox 678 1284 745 1326; x_wconf 90' lang='lat' dir='ltr'>Huius,</span> 
     </span>
     <span class='ocr_line' id='line_1_23' title="bbox 43 1335 745 1380; baseline 0.004 -13"><span class='ocrx_word' id='word_1_172' title='bbox 43 1335 122 1377; x_wconf 86' lang='lat' dir='ltr'>inquam,</span> <span class='ocrx_word' id='word_1_173' title='bbox 137 1336 219 1369; x_wconf 89' lang='lat' dir='ltr'>miraculi</span> <span class='ocrx_word' id='word_1_174' title='bbox 235 1336 342 1380; x_wconf 85' lang='lat' dir='ltr'>gratificatio</span> <span class='ocrx_word' id='word_1_175' title='bbox 357 1337 406 1370; x_wconf 90' lang='lat' dir='ltr'>hunc</span> <span class='ocrx_word' id='word_1_176' title='bbox 421 1336 490 1370; x_wconf 88' lang='lat' dir='ltr'>Christi</span> <span class='ocrx_word' id='word_1_177' title='bbox 504 1337 618 1379; x_wconf 83' lang='lat' dir='ltr'>vestigialem</span> <span class='ocrx_word' id='word_1_178' title='bbox 635 1337 745 1371; x_wconf 84' lang='lat' dir='ltr'>imitatorem</span> 
     </span>
     <span class='ocr_line' id='line_1_24' title="bbox 43 1387 746 1433; baseline 0.006 -13"><span class='ocrx_word' id='word_1_179' title='bbox 43 1387 161 1421; x_wconf 87' lang='lat' dir='ltr'>conformiter</span> <span class='ocrx_word' id='word_1_180' title='bbox 167 1387 276 1428; x_wconf 83' lang='lat' dir='ltr'>manifestat,</span> <span class='ocrx_word' id='word_1_181' title='bbox 282 1389 326 1422; x_wconf 91' lang='lat' dir='ltr'>dum</span> <span class='ocrx_word' id='word_1_182' title='bbox 333 1399 377 1422; x_wconf 88' lang='lat' dir='ltr'>vere</span> <span class='ocrx_word' id='word_1_183' title='bbox 385 1388 492 1422; x_wconf 87' lang='lat' dir='ltr'>assertionis</span> <span class='ocrx_word' id='word_1_184' title='bbox 499 1388 577 1423; x_wconf 73' lang='lat' dir='ltr'>indici0²</span> <span class='ocrx_word' id='word_1_185' title='bbox 585 1389 669 1424; x_wconf 85' lang='lat' dir='ltr'>Christus</span> <span class='ocrx_word' id='word_1_186' title='bbox 677 1400 746 1433; x_wconf 85' lang='lat' dir='ltr'>paucos</span> 
     </span>
     <span class='ocr_line' id='line_1_25' title="bbox 44 1439 745 1486; baseline 0.007 -14"><span class='ocrx_word' id='word_1_187' title='bbox 44 1449 101 1481; x_wconf 91' lang='lat' dir='ltr'>panes</span> <span class='ocrx_word' id='word_1_188' title='bbox 119 1439 228 1474; x_wconf 88' lang='lat' dir='ltr'>miraculose</span> <span class='ocrx_word' id='word_1_189' title='bbox 247 1442 373 1485; x_wconf 84' lang='lat' dir='ltr'>augmentauit</span> <span class='ocrx_word' id='word_1_190' title='bbox 389 1442 412 1475; x_wconf 88' lang='lat' dir='ltr'>ad</span> <span class='ocrx_word' id='word_1_191' title='bbox 427 1442 557 1476; x_wconf 87' lang='lat' dir='ltr'>saturationem</span> <span class='ocrx_word' id='word_1_192' title='bbox 576 1442 657 1486; x_wconf 87' lang='lat' dir='ltr'>quinque</span> <span class='ocrx_word' id='word_1_193' title='bbox 675 1442 745 1477; x_wconf 90' lang='lat' dir='ltr'>milium</span> 
     </span>
     <span class='ocr_line' id='line_1_26' title="bbox 45 1491 773 1539; baseline 0.005 -14"><span class='ocrx_word' id='word_1_194' title='bbox 45 1491 145 1533; x_wconf 88' lang='lat' dir='ltr'>hominum,</span> <span class='ocrx_word' id='word_1_195' title='bbox 153 1493 207 1528; x_wconf 93' lang='lat' dir='ltr'>huius</span> <span class='ocrx_word' id='word_1_196' title='bbox 216 1493 250 1528; x_wconf 85' lang='lat' dir='ltr'>uiri</span> <span class='ocrx_word' id='word_1_197' title='bbox 261 1495 348 1529; x_wconf 87' lang='lat' dir='ltr'>sanctitas</span> <span class='ocrx_word' id='word_1_198' title='bbox 360 1493 440 1528; x_wconf 89' lang='lat' dir='ltr'>inaudita</span> <span class='ocrx_word' id='word_1_199' title='bbox 450 1505 507 1539; x_wconf 88' lang='lat' dir='ltr'>grana</span> <span class='ocrx_word' id='word_1_200' title='bbox 513 1495 520 1514; x_wconf 78' lang='lat'>³</span> <span class='ocrx_word' id='word_1_201' title='bbox 527 1495 653 1539; x_wconf 90' lang='lat' dir='ltr'>multiplicauit</span> <span class='ocrx_word' id='word_1_202' title='bbox 662 1502 681 1530; x_wconf 89' lang='lat' dir='ltr'>et</span> <span class='ocrx_word' id='word_1_203' title='bbox 690 1496 709 1530; x_wconf 90' lang='lat' dir='ltr'>in</span> <span class='ocrx_word' id='word_1_204' title='bbox 718 1496 746 1531; x_wconf 89' lang='lat' dir='ltr'>rei</span> <span class='ocrx_word' id='word_1_205' title='bbox 755 1508 773 1538; x_wconf 76' lang='lat'>²⁵</span> 
     </span>
     <span class='ocr_line' id='line_1_27' title="bbox 44 1542 746 1592; baseline 0.007 -14"><span class='ocrx_word' id='word_1_206' title='bbox 44 1542 137 1580; x_wconf 77' lang='lat' dir='ltr'>familiaris</span> <span class='ocrx_word' id='word_1_207' title='bbox 145 1546 239 1581; x_wconf 88' lang='lat' dir='ltr'>vtiiitatem</span> <span class='ocrx_word' id='word_1_208' title='bbox 250 1548 321 1582; x_wconf 88' lang='lat' dir='ltr'>beatius</span> <span class='ocrx_word' id='word_1_209' title='bbox 331 1548 441 1592; x_wconf 88' lang='lat' dir='ltr'>preparauit.</span> <span class='ocrx_word' id='word_1_210' title='bbox 465 1548 521 1582; x_wconf 87' lang='lat' dir='ltr'>Cuius</span> <span class='ocrx_word' id='word_1_211' title='bbox 532 1549 628 1583; x_wconf 79' lang='lat' dir='ltr'>manifesta</span> <span class='ocrx_word' id='word_1_212' title='bbox 638 1549 746 1592; x_wconf 85' lang='lat' dir='ltr'>probatione</span> 
     </span>
     <span class='ocr_line' id='line_1_28' title="bbox 44 1597 746 1644; baseline 0.009 -14"><span class='ocrx_word' id='word_1_213' title='bbox 44 1597 139 1631; x_wconf 86' lang='lat' dir='ltr'>deductiue</span> <span class='ocrx_word' id='word_1_214' title='bbox 151 1598 191 1633; x_wconf 88' lang='lat' dir='ltr'>elici</span> <span class='ocrx_word' id='word_1_215' title='bbox 203 1600 270 1644; x_wconf 89' lang='lat' dir='ltr'>poterit</span> <span class='ocrx_word' id='word_1_216' title='bbox 282 1602 330 1644; x_wconf 91' lang='lat' dir='ltr'>quod</span> <span class='ocrx_word' id='word_1_217' title='bbox 343 1611 384 1635; x_wconf 90' lang='lat' dir='ltr'>curn</span> <span class='ocrx_word' id='word_1_218' title='bbox 396 1600 469 1635; x_wconf 88' lang='lat' dir='ltr'>Christo</span> <span class='ocrx_word' id='word_1_219' title='bbox 481 1601 576 1636; x_wconf 88' lang='lat' dir='ltr'>ardentius</span> <span class='ocrx_word' id='word_1_220' title='bbox 587 1607 647 1636; x_wconf 88' lang='lat' dir='ltr'>amato</span> <span class='ocrx_word' id='word_1_221' title='bbox 657 1602 746 1637; x_wconf 87' lang='lat' dir='ltr'>stabiliter</span> 
     </span>
     <span class='ocr_line' id='line_1_29' title="bbox 44 1650 747 1698; baseline 0.01 -16"><span class='ocrx_word' id='word_1_222' title='bbox 44 1650 128 1684; x_wconf 91' lang='lat' dir='ltr'>adunitur</span> <span class='ocrx_word' id='word_1_223' title='bbox 143 1652 162 1685; x_wconf 95' lang='lat' dir='ltr'>in</span> <span class='ocrx_word' id='word_1_224' title='bbox 177 1663 246 1694; x_wconf 83' lang='lat' dir='ltr'>amore,</span> <span class='ocrx_word' id='word_1_225' title='bbox 261 1653 335 1688; x_wconf 87' lang='lat' dir='ltr'>celestis</span> <span class='ocrx_word' id='word_1_226' title='bbox 352 1653 442 1697; x_wconf 85' lang='lat' dir='ltr'>lampadis</span> <span class='ocrx_word' id='word_1_227' title='bbox 459 1654 597 1688; x_wconf 86' lang='lat' dir='ltr'>choruscatione</span> <span class='ocrx_word' id='word_1_228' title='bbox 615 1655 747 1698; x_wconf 85' lang='lat' dir='ltr'>perpetualiter</span> 
     </span>
     <span class='ocr_line' id='line_1_30' title="bbox 45 1703 746 1751; baseline 0.01 -16"><span class='ocrx_word' id='word_1_229' title='bbox 45 1703 161 1738; x_wconf 77' lang='lat' dir='ltr'>confortatus.</span> <span class='ocrx_word' id='word_1_230' title='bbox 185 1705 201 1738; x_wconf 91' lang='lat'>0</span> <span class='ocrx_word' id='word_1_231' title='bbox 209 1705 309 1749; x_wconf 90' lang='lat' dir='ltr'>spiritualis</span> <span class='ocrx_word' id='word_1_232' title='bbox 316 1705 427 1740; x_wconf 80' lang='lat' dir='ltr'>tortitudinis</span> <span class='ocrx_word' id='word_1_233' title='bbox 434 1706 525 1750; x_wconf 87' lang='lat' dir='ltr'>plantator</span> <span class='ocrx_word' id='word_1_234' title='bbox 533 1707 612 1751; x_wconf 83' lang='lat' dir='ltr'>egregie,</span> <span class='ocrx_word' id='word_1_235' title='bbox 620 1708 650 1751; x_wconf 89' lang='lat' dir='ltr'>qui</span> <span class='ocrx_word' id='word_1_236' title='bbox 661 1708 680 1742; x_wconf 95' lang='lat' dir='ltr'>in</span> <span class='ocrx_word' id='word_1_237' title='bbox 688 1707 746 1751; x_wconf 85' lang='lat' dir='ltr'>prela·</span> 
     </span>
     <span class='ocr_line' id='line_1_31' title="bbox 45 1753 775 1807; baseline 0.011 -21"><span class='ocrx_word' id='word_1_238' title='bbox 45 1753 99 1789; x_wconf 84' lang='lat' dir='ltr'>tionis</span> <span class='ocrx_word' id='word_1_239' title='bbox 110 1756 179 1790; x_wconf 87' lang='lat' dir='ltr'>honore</span> <span class='ocrx_word' id='word_1_240' title='bbox 190 1764 208 1791; x_wconf 88' lang='lat' dir='ltr'>et</span> <span class='ocrx_word' id='word_1_241' title='bbox 220 1759 360 1802; x_wconf 80' lang='lat' dir='ltr'>experimentali</span> <span class='ocrx_word' id='word_1_242' title='bbox 370 1759 484 1793; x_wconf 85' lang='lat' dir='ltr'>solicitudine</span> <span class='ocrx_word' id='word_1_243' title='bbox 495 1759 589 1803; x_wconf 86' lang='lat' dir='ltr'>angustias</span> <span class='ocrx_word' id='word_1_244' title='bbox 600 1760 701 1794; x_wconf 85' lang='lat' dir='ltr'>laboriosas</span> <span class='ocrx_word' id='word_1_245' title='bbox 712 1771 747 1804; x_wconf 90' lang='lat' dir='ltr'>pro</span> <span class='ocrx_word' id='word_1_246' title='bbox 755 1778 775 1807; x_wconf 79' lang='lat'>30</span> 
     </span>
     <span class='ocr_line' id='line_1_32' title="bbox 45 1806 746 1858; baseline 0.013 -19"><span class='ocrx_word' id='word_1_247' title='bbox 45 1806 117 1841; x_wconf 86' lang='lat' dir='ltr'>Christo</span> <span class='ocrx_word' id='word_1_248' title='bbox 130 1810 222 1846; x_wconf 88' lang='lat' dir='ltr'>tolerasti:</span> <span class='ocrx_word' id='word_1_249' title='bbox 239 1822 275 1846; x_wconf 92' lang='lat' dir='ltr'>nos</span> <span class='ocrx_word' id='word_1_250' title='bbox 287 1812 366 1847; x_wconf 88' lang='lat' dir='ltr'>miseros</span> <span class='ocrx_word' id='word_1_251' title='bbox 379 1812 431 1846; x_wconf 89' lang='lat' dir='ltr'>oculo</span> <span class='ocrx_word' id='word_1_252' title='bbox 443 1812 552 1857; x_wconf 88' lang='lat' dir='ltr'>impassibili</span> <span class='ocrx_word' id='word_1_253' title='bbox 565 1812 682 1857; x_wconf 80' lang='lat' dir='ltr'>prosphiens,</span> <span class='ocrx_word' id='word_1_254' title='bbox 695 1813 746 1858; x_wconf 90' lang='lat' dir='ltr'>lepra</span> 
     </span>
     <span class='ocr_line' id='line_1_33' title="bbox 45 1858 746 1907; baseline 0.013 -15"><span class='ocrx_word' id='word_1_255' title='bbox 45 1858 128 1896; x_wconf 87' lang='lat' dir='ltr'>vitiorum</span> <span class='ocrx_word' id='word_1_256' title='bbox 139 1864 209 1907; x_wconf 88' lang='lat' dir='ltr'>pluries</span> <span class='ocrx_word' id='word_1_257' title='bbox 220 1866 320 1900; x_wconf 85' lang='lat' dir='ltr'>maculatos</span> <span class='ocrx_word' id='word_1_258' title='bbox 331 1865 368 1900; x_wconf 91' lang='lat' dir='ltr'>tuis</span> <span class='ocrx_word' id='word_1_259' title='bbox 379 1864 447 1900; x_wconf 88' lang='lat' dir='ltr'>sanctis</span> <span class='ocrx_word' id='word_1_260' title='bbox 458 1865 544 1900; x_wconf 86' lang='lat' dir='ltr'>subsidiis</span> <span class='ocrx_word' id='word_1_261' title='bbox 555 1866 625 1900; x_wconf 83' lang='lat' dir='ltr'>efficias</span> <span class='ocrx_word' id='word_1_262' title='bbox 635 1867 699 1901; x_wconf 89' lang='lat' dir='ltr'>nociua</span> <span class='ocrx_word' id='word_1_263' title='bbox 709 1867 746 1902; x_wconf 89' lang='lat' dir='ltr'>dis·</span> 
     </span>
     <span class='ocr_line' id='line_1_34' title="bbox 45 1914 747 1963; baseline 0.014 -18"><span class='ocrx_word' id='word_1_264' title='bbox 45 1914 128 1957; x_wconf 85' lang='lat' dir='ltr'>perdere,</span> <span class='ocrx_word' id='word_1_265' title='bbox 141 1916 191 1950; x_wconf 87' lang='lat' dir='ltr'>vtiiia</span> <span class='ocrx_word' id='word_1_266' title='bbox 203 1918 333 1961; x_wconf 85' lang='lat' dir='ltr'>complantare,</span> <span class='ocrx_word' id='word_1_267' title='bbox 344 1924 363 1953; x_wconf 91' lang='lat' dir='ltr'>vt</span> <span class='ocrx_word' id='word_1_268' title='bbox 376 1919 408 1963; x_wconf 88' lang='lat' dir='ltr'>qui</span> <span class='ocrx_word' id='word_1_269' title='bbox 420 1918 496 1963; x_wconf 83' lang='lat' dir='ltr'>gratiam</span> <span class='ocrx_word' id='word_1_270' title='bbox 509 1919 554 1953; x_wconf 89' lang='lat' dir='ltr'>tanti</span> <span class='ocrx_word' id='word_1_271' title='bbox 570 1918 650 1954; x_wconf 87' lang='lat' dir='ltr'>nominis</span> <span class='ocrx_word' id='word_1_272' title='bbox 666 1926 747 1955; x_wconf 84' lang='lat' dir='ltr'>contem·</span> 
     </span>
     <span class='ocr_line' id='line_1_35' title="bbox 46 1965 746 2019; baseline 0.01 -20"><span class='ocrx_word' id='word_1_273' title='bbox 46 1965 122 2010; x_wconf 68' lang='lat' dir='ltr'>piamun</span> <span class='ocrx_word' id='word_1_274' title='bbox 130 1969 206 2004; x_wconf 85' lang='lat' dir='ltr'>ulterius</span> <span class='ocrx_word' id='word_1_275' title='bbox 214 1982 251 2019; x_wconf 76' lang='lat' dir='ltr'>non</span> <span class='ocrx_word' id='word_1_276' title='bbox 259 1971 393 2015; x_wconf 86' lang='lat' dir='ltr'>distinguamur</span> <span class='ocrx_word' id='word_1_277' title='bbox 404 1972 452 2005; x_wconf 88' lang='lat' dir='ltr'>mole</span> <span class='ocrx_word' id='word_1_278' title='bbox 461 1971 573 2014; x_wconf 89' lang='lat' dir='ltr'>grauaminis</span> <span class='ocrx_word' id='word_1_279' title='bbox 584 1978 706 2015; x_wconf 84' lang='lat' dir='ltr'>peccatorum.</span> <span class='ocrx_word' id='word_1_280' title='bbox 729 1973 746 2007; x_wconf 92' lang='grc' dir='ltr'>Ο</span> 
     </span>
     <span class='ocr_line' id='line_1_36' title="bbox 45 2019 775 2070; baseline 0.012 -20"><span class='ocrx_word' id='word_1_281' title='bbox 45 2019 130 2058; x_wconf 86' lang='lat' dir='ltr'>gaudium</span> <span class='ocrx_word' id='word_1_282' title='bbox 138 2022 202 2056; x_wconf 86' lang='lat' dir='ltr'>salutis</span> <span class='ocrx_word' id='word_1_283' title='bbox 214 2029 283 2063; x_wconf 85' lang='lat' dir='ltr'>eterne,</span> <span class='ocrx_word' id='word_1_284' title='bbox 291 2024 387 2057; x_wconf 85' lang='lat' dir='ltr'>ecclesiam</span> <span class='ocrx_word' id='word_1_285' title='bbox 397 2024 502 2057; x_wconf 82' lang='lat' dir='ltr'>confortans</span> <span class='ocrx_word' id='word_1_286' title='bbox 513 2023 592 2058; x_wconf 88' lang='lat' dir='ltr'>nationis</span> <span class='ocrx_word' id='word_1_287' title='bbox 601 2024 702 2068; x_wconf 83' lang='lat' dir='ltr'>anglicane,</span> <span class='ocrx_word' id='word_1_288' title='bbox 710 2035 747 2069; x_wconf 85' lang='lat' dir='ltr'>que</span> <span class='ocrx_word' id='word_1_289' title='bbox 755 2040 775 2070; x_wconf 80' lang='lat'>35</span> 
     </span>
     <span class='ocr_line' id='line_1_37' title="bbox 46 2070 747 2120; baseline 0.017 -19"><span class='ocrx_word' id='word_1_290' title='bbox 46 2070 117 2104; x_wconf 88' lang='lat' dir='ltr'>nouella</span> <span class='ocrx_word' id='word_1_291' title='bbox 124 2073 186 2117; x_wconf 90' lang='lat' dir='ltr'>proles</span> <span class='ocrx_word' id='word_1_292' title='bbox 194 2081 290 2119; x_wconf 89' lang='lat' dir='ltr'>expectata</span> <span class='ocrx_word' id='word_1_293' title='bbox 298 2076 356 2111; x_wconf 92' lang='lat' dir='ltr'>salute</span> <span class='ocrx_word' id='word_1_294' title='bbox 362 2075 410 2110; x_wconf 93' lang='lat' dir='ltr'>inter</span> <span class='ocrx_word' id='word_1_295' title='bbox 415 2076 480 2111; x_wconf 89' lang='lat' dir='ltr'>auxios</span> <span class='ocrx_word' id='word_1_296' title='bbox 485 2076 579 2120; x_wconf 81' lang='lat' dir='ltr'>ploratus⁴</span> <span class='ocrx_word' id='word_1_297' title='bbox 585 2076 667 2112; x_wconf 87' lang='lat' dir='ltr'>mesticie</span> <span class='ocrx_word' id='word_1_298' title='bbox 672 2077 747 2113; x_wconf 90' lang='lat' dir='ltr'>laudum</span> 
     </span>
     <span class='ocr_line' id='line_1_38' title="bbox 46 2125 748 2177; baseline 0.013 -20"><span class='ocrx_word' id='word_1_299' title='bbox 46 2125 131 2165; x_wconf 84' lang='lat' dir='ltr'>preconia</span> <span class='ocrx_word' id='word_1_300' title='bbox 139 2136 176 2161; x_wconf 92' lang='lat' dir='ltr'>non</span> <span class='ocrx_word' id='word_1_301' title='bbox 184 2134 244 2163; x_wconf 86' lang='lat' dir='ltr'>cessat</span> <span class='ocrx_word' id='word_1_302' title='bbox 252 2127 354 2172; x_wconf 89' lang='lat' dir='ltr'>concinere,</span> <span class='ocrx_word' id='word_1_303' title='bbox 360 2130 403 2164; x_wconf 91' lang='lat' dir='ltr'>dum</span> <span class='ocrx_word' id='word_1_304' title='bbox 412 2129 499 2165; x_wconf 89' lang='lat' dir='ltr'>illustrata</span> <span class='ocrx_word' id='word_1_305' title='bbox 506 2130 594 2166; x_wconf 91' lang='lat' dir='ltr'>miracula</span> <span class='ocrx_word' id='word_1_306' title='bbox 602 2138 665 2166; x_wconf 88' lang='lat' dir='ltr'>nostre</span> <span class='ocrx_word' id='word_1_307' title='bbox 674 2132 748 2177; x_wconf 80' lang='lat' dir='ltr'>Europe</span> 
     </span>
     <span class='ocr_line' id='line_1_39' title="bbox 47 2179 748 2230; baseline 0.016 -21"><span class='ocrx_word' id='word_1_308' title='bbox 47 2179 170 2215; x_wconf 81' lang='lat' dir='ltr'>extremitates</span> <span class='ocrx_word' id='word_1_309' title='bbox 178 2188 273 2224; x_wconf 90' lang='lat' dir='ltr'>exornant,</span> <span class='ocrx_word' id='word_1_310' title='bbox 282 2189 404 2228; x_wconf 86' lang='lat' dir='ltr'>preoccupant</span> <span class='ocrx_word' id='word_1_311' title='bbox 412 2190 431 2218; x_wconf 89' lang='lat' dir='ltr'>et</span> <span class='ocrx_word' id='word_1_312' title='bbox 438 2183 526 2219; x_wconf 84' lang='lat' dir='ltr'>letificant</span> <span class='ocrx_word' id='word_1_313' title='bbox 533 2184 634 2219; x_wconf 85' lang='lat' dir='ltr'>vniucrsas.</span> <span class='ocrx_word' id='word_1_314' title='bbox 653 2185 670 2220; x_wconf 92' lang='lat'>0</span> <span class='ocrx_word' id='word_1_315' title='bbox 678 2186 748 2230; x_wconf 88' lang='lat' dir='ltr'>primu-</span> 
     </span>
     <span class='ocr_line' id='line_1_40' title="bbox 47 2227 747 2281; baseline 0.013 -17"><span class='ocrx_word' id='word_1_316' title='bbox 47 2227 82 2263; x_wconf 76' lang='lat' dir='ltr'>lam</span> <span class='ocrx_word' id='word_1_317' title='bbox 93 2232 158 2267; x_wconf 88' lang='lat' dir='ltr'>virenti</span> <span class='ocrx_word' id='word_1_318' title='bbox 170 2235 213 2269; x_wconf 86' lang='lat' dir='ltr'>solio</span> <span class='ocrx_word' id='word_1_319' title='bbox 223 2237 281 2279; x_wconf 90' lang='lat' dir='ltr'>gratie</span> <span class='ocrx_word' id='word_1_320' title='bbox 293 2236 434 2279; x_wconf 88' lang='lat' dir='ltr'>circumtectam,</span> <span class='ocrx_word' id='word_1_321' title='bbox 442 2238 473 2281; x_wconf 90' lang='lat' dir='ltr'>qui</span> <span class='ocrx_word' id='word_1_322' title='bbox 481 2238 602 2272; x_wconf 75' lang='lat' dir='ltr'>virescentis⁰</span> <span class='ocrx_word' id='word_1_323' title='bbox 610 2237 683 2273; x_wconf 88' lang='lat' dir='ltr'>miserie</span> <span class='ocrx_word' id='word_1_324' title='bbox 695 2249 747 2273; x_wconf 89' lang='lat' dir='ltr'>mun·</span> 
     </span>
     <span class='ocr_line' id='line_1_41' title="bbox 47 2281 776 2334; baseline 0.012 -19"><span class='ocrx_word' id='word_1_325' title='bbox 47 2281 98 2317; x_wconf 85' lang='lat' dir='ltr'>dialis</span> <span class='ocrx_word' id='word_1_326' title='bbox 107 2287 174 2320; x_wconf 86' lang='lat' dir='ltr'>caduca</span> <span class='ocrx_word' id='word_1_327' title='bbox 184 2288 273 2321; x_wconf 87' lang='lat' dir='ltr'>solamina</span> <span class='ocrx_word' id='word_1_328' title='bbox 283 2300 373 2332; x_wconf 89' lang='lat' dir='ltr'>spernere</span> <span class='ocrx_word' id='word_1_329' title='bbox 383 2290 484 2331; x_wconf 84' lang='lat' dir='ltr'>consueuit,</span> <span class='ocrx_word' id='word_1_330' title='bbox 492 2300 547 2333; x_wconf 92' lang='lat' dir='ltr'>quem</span> <span class='ocrx_word' id='word_1_331' title='bbox 559 2290 632 2324; x_wconf 87' lang='lat' dir='ltr'>celestis</span> <span class='ocrx_word' id='word_1_332' title='bbox 643 2290 747 2333; x_wconf 79' lang='lat' dir='ltr'>agricolam</span> <span class='ocrx_word' id='word_1_333' title='bbox 755 2305 776 2334; x_wconf 61' lang='lat' dir='ltr'>ao</span> 
     </span>
     <span class='ocr_line' id='line_1_42' title="bbox 48 2331 748 2386; baseline 0.017 -21"><span class='ocrx_word' id='word_1_334' title='bbox 48 2331 99 2369; x_wconf 90' lang='lat' dir='ltr'>horto</span> <span class='ocrx_word' id='word_1_335' title='bbox 112 2339 193 2379; x_wconf 87' lang='lat' dir='ltr'>paradisi</span> <span class='ocrx_word' id='word_1_336' title='bbox 205 2341 317 2375; x_wconf 85' lang='lat' dir='ltr'>delectabilis</span> <span class='ocrx_word' id='word_1_337' title='bbox 331 2341 426 2377; x_wconf 86' lang='lat' dir='ltr'>decentius</span> <span class='ocrx_word' id='word_1_338' title='bbox 438 2341 573 2386; x_wconf 88' lang='lat' dir='ltr'>complantauit,</span> <span class='ocrx_word' id='word_1_339' title='bbox 585 2342 637 2377; x_wconf 87' lang='lat' dir='ltr'>cuius</span> <span class='ocrx_word' id='word_1_340' title='bbox 649 2342 748 2377; x_wconf 81' lang='lat' dir='ltr'>odorabiIis</span> 
     </span>
     <span class='ocr_line' id='line_1_43' title="bbox 48 2387 747 2445; baseline 0.013 -24"><span class='ocrx_word' id='word_1_341' title='bbox 48 2387 146 2445; x_wconf 78' lang='lat' dir='ltr'>redolentia</span> <span class='ocrx_word' id='word_1_342' title='bbox 153 2399 243 2428; x_wconf 87' lang='lat' dir='ltr'>restaurat</span> <span class='ocrx_word' id='word_1_343' title='bbox 251 2395 320 2438; x_wconf 83' lang='lat' dir='ltr'>gradus</span> <span class='ocrx_word' id='word_1_344' title='bbox 328 2394 441 2429; x_wconf 89' lang='lat' dir='ltr'>rectissimos</span> <span class='ocrx_word' id='word_1_345' title='bbox 447 2394 551 2440; x_wconf 88' lang='lat' dir='ltr'>sospitatis:</span> <span class='ocrx_word' id='word_1_346' title='bbox 563 2396 604 2430; x_wconf 90' lang='lat' dir='ltr'>eius</span> <span class='ocrx_word' id='word_1_347' title='bbox 616 2396 747 2440; x_wconf 88' lang='lat' dir='ltr'>benignitatem</span> 
     </span>
     <span class='ocr_line' id='line_1_44' title="bbox 48 2439 748 2493; baseline 0.014 -20"><span class='ocrx_word' id='word_1_348' title='bbox 48 2439 133 2480; x_wconf 84' lang='lat' dir='ltr'>piissimis</span> <span class='ocrx_word' id='word_1_349' title='bbox 142 2445 234 2491; x_wconf 84' lang='lat' dir='ltr'>suffragiis</span> <span class='ocrx_word' id='word_1_350' title='bbox 245 2457 351 2490; x_wconf 86' lang='lat' dir='ltr'>exoremus,</span> <span class='ocrx_word' id='word_1_351' title='bbox 361 2448 447 2492; x_wconf 86' lang='lat' dir='ltr'>quatinus</span> <span class='ocrx_word' id='word_1_352' title='bbox 456 2453 498 2493; x_wconf 89' lang='lat' dir='ltr'>post</span> <span class='ocrx_word' id='word_1_353' title='bbox 509 2449 582 2483; x_wconf 85' lang='lat' dir='ltr'>deserta</span> <span class='ocrx_word' id='word_1_354' title='bbox 594 2449 643 2482; x_wconf 89' lang='lat' dir='ltr'>exilii</span> <span class='ocrx_word' id='word_1_355' title='bbox 656 2449 748 2493; x_wconf 88' lang='lat' dir='ltr'>presentis</span> 
     </span>
    </p>
   </div>
   <div class='ocr_carea' id='block_1_3' title="bbox 48 2507 748 2585">
    <p class='ocr_par' dir='ltr' id='par_1_3' title="bbox 48 2507 748 2585">
     <span class='ocr_line' id='line_1_45' title="bbox 48 2507 748 2562; baseline 0.007 -20"><span class='ocrx_word' id='word_1_356' title='bbox 48 2507 102 2562; x_wconf 45' lang='lat'>⁵¹15.¹</span> <span class='ocrx_word' id='word_1_357' title='bbox 108 2514 183 2558; x_wconf 79' lang='lat' dir='ltr'>portioni.</span> <span class='ocrx_word' id='word_1_358' title='bbox 238 2515 272 2548; x_wconf 73' lang='lat'>⁹1⁶2.</span> <span class='ocrx_word' id='word_1_359' title='bbox 280 2526 356 2547; x_wconf 84' lang='lat' dir='ltr'>veroass.</span> <span class='ocrx_word' id='word_1_360' title='bbox 364 2517 427 2549; x_wconf 86' lang='lat' dir='ltr'>iudicio.</span> <span class='ocrx_word' id='word_1_361' title='bbox 480 2515 515 2548; x_wconf 70' lang='lat'>¹13.</span> <span class='ocrx_word' id='word_1_362' title='bbox 523 2516 577 2555; x_wconf 80' lang='lat' dir='ltr'>gratia.</span> <span class='ocrx_word' id='word_1_363' title='bbox 631 2517 665 2548; x_wconf 57' lang='grc' dir='ltr'>’Β</span> <span class='ocrx_word' id='word_1_364' title='bbox 673 2517 748 2556; x_wconf 79' lang='lat' dir='ltr'>plorares.</span> 
     </span>
     <span class='ocr_line' id='line_1_46' title="bbox 64 2547 199 2585; baseline 0.037 -6"><span class='ocrx_word' id='word_1_365' title='bbox 64 2547 80 2576; x_wconf 79' lang='grc' dir='ltr'>Ε.</span> <span class='ocrx_word' id='word_1_366' title='bbox 87 2555 199 2585; x_wconf 82' lang='lat' dir='ltr'>vrrrcescentis.</span> 
     </span>
    </p>
   </div>
   <div class='ocr_carea' id='block_1_4' title="bbox 0 0 897 2803">
    <p class='ocr_par' dir='ltr' id='par_1_4' title="bbox 0 0 897 2803">
     <span class='ocr_line' id='line_1_47' title="bbox 0 0 897 2803; baseline 0 0"><span class='ocrx_word' id='word_1_367' title='bbox 0 0 897 2803; x_wconf 95' lang='lat' dir='ltr'> </span> 
     </span>
    </p>
   </div>
  </div>
 </body>
</html>
