1762 2803
251 119 297 175 De
311 118 411 171 &autin
427 118 534 178 milito·
701 132 744 177 177

43 240 149 285 episcopum
160 239 227 274 sactum
238 239 291 274 esse¹
302 239 398 274 referrent.
420 239 454 274 Cui
465 238 572 285 suggerenti
583 239 659 274 multam
668 240 742 285 quidem

43 294 77 328 sibi
85 303 167 327 messem
175 293 233 335 esse',
241 294 275 329 sed
283 294 376 338 operarios
386 304 459 338 paucos,
467 293 516 328 misit
526 293 576 328 idem
585 293 685 337 Gregorius
696 304 744 338 papa

43 357 84 381 cum
94 346 170 390 prelatis
181 346 273 391 legatariis
284 347 346 392 plures
355 351 484 391 cooperatores
492 358 512 381 ac
519 345 572 381 verbi
579 346 609 381 dei
617 346 717 388 ministros,
725 347 744 381 in

43 399 108 443 quibus
116 399 171 443 primi
178 406 197 434 et
204 400 286 444 precipui
294 405 346 434 erant
355 400 440 440 Mellitos,
449 400 516 440 Iustus,
524 399 617 441 Paulinus,
623 399 744 440 Rufinianu53

44 458 61 485 et
71 461 145 495 percos
155 463 191 495 que
201 453 224 486 ad
232 453 300 486 cultum
309 452 386 486 ecclesie
396 456 448 486 erant
459 450 569 494 necessaria,
577 456 681 486 sanctorum
690 452 744 487 etiarn
753 459 763 490 5

44 505 167 549 apostolorum
183 517 204 540 ac
219 505 314 540 martirum
329 505 420 550 reliquias,
435 517 507 540 necnon
523 512 541 539 et
560 506 632 540 codices
650 506 745 550 plurimos.

44 559 121 593 Tantum
133 559 182 593 enim
193 570 228 603 pro
239 565 294 603 gente
302 559 406 603 Anglorum
417 558 505 593 sollicitus
517 564 556 593 erat
567 560 632 593 beatus
640 559 745 603 Gregorius,

44 618 62 645 vt
72 612 125 644 beato
133 611 208 654 Mellito,
216 612 252 645 iam
263 611 335 656 longius
346 612 433 656 proiecto,
441 611 530 645 scriberet
539 611 624 655 quatinus
635 611 746 646 reuerentis-

45 665 90 698 simo
102 664 205 708 Augustino
218 664 313 699 nunciaret
324 664 402 709 qualiter
414 665 462 698 idola
475 665 618 705 destruerentur,
630 663 672 698 iana
684 664 702 698 in
715 675 745 698 ec-

44 717 109 751 clesias
118 723 236 758 mutarentur,
242 718 304 751 altaria
311 721 465 757 construerentur,
470 715 593 750 sacrificiavel
599 715 682 749 conuiuia
690 716 709 749 in
715 717 745 750 dei
755 724 774 745 1⁰

45 769 97 803 laude
109 774 128 803 et
141 770 215 805 nomine
231 774 334 815 agerentur.
378 761 437 803 Anno
452 774 513 804 autern
527 767 596 803 domini
611 768 746 804 sexcentesimo

45 827 114 866 quarto,
127 823 192 857 beatus
204 822 318 868 Augustinus
333 822 423 857 ordinauit
438 823 484 856 duos
499 821 608 867 episcopos:
625 823 715 857 lllellitum
728 828 747 857 et

46 876 121 911 lustum.
142 876 231 911 Mellitum
239 878 261 912 ad
269 877 401 920 predicandum
409 875 504 921 prouincie
513 875 633 910 Orientalium
645 876 746 918 Saxonum,

45 929 75 974 qui
83 929 189 965 Thamense
196 930 252 964 lluuio
263 930 373 965 dirimuntur
383 928 473 970 aCancia,
481 934 499 963 et
509 929 545 973 ipsi
555 929 638 963 orientali
649 930 694 964 mari
704 940 746 964 con·

45 981 93 1027 tigni,
105 993 184 1026 quorum
195 983 303 1027 metropolis
315 983 409 1016 Londonia
420 982 484 1016 ciuitas
498 988 530 1021 est,
542 992 600 1024 super
610 982 669 1025 ripam
681 983 774 1025 prelati15

46 1035 126 1067 fluminis
137 1035 206 1078 posita3
219 1035 238 1069 in
249 1046 285 1079 qua
294 1040 350 1079 gente
360 1039 403 1069 tune
415 1033 503 1078 temporis
514 1034 608 1076 Sabertus‚
616 1044 675 1078 nepos
684 1034 747 1069 Ethel-

46 1087 92 1122 berti
100 1087 149 1131 regis
157 1098 181 1122 ex
187 1098 250 1123 sorore
256 1088 326 1129 Ricula,
332 1089 367 1122 sub
373 1087 456 1122 eiusdem
463 1087 564 1121 Ethelberti
573 1093 664 1133 potestate
670 1089 747 1132 positus,

46 1140 137 1184 regnabat.
159 1140 195 1175 Vbi
202 1152 247 1176 vero
255 1146 272 1175 et
280 1142 314 1176 hec
321 1141 415 1185 prouincia
423 1151 464 1175 curn
472 1141 513 1185 ipso
522 1151 566 1185 rege
574 1141 650 1175 verbum
658 1142 747 1184 veritatis,

47 1194 153 1237 predicante
167 1195 220 1229 beato
236 1194 311 1235 Mellito,
322 1194 398 1239 accepit,
410 1193 452 1229 fecit
467 1205 500 1228 rex
513 1193 630 1229 Ethelbertus
643 1194 661 1229 in
674 1195 747 1230 ciuitate

47 1247 142 1281 Londonie
152 1248 248 1282 eeclesiam
259 1248 316 1282 sancti
325 1248 376 1282 Pauli
386 1247 469 1291 apostoli,
476 1247 495 1281 in
503 1257 539 1291 qua
549 1247 609 1281 locum
617 1248 667 1282 sedis
675 1247 746 1292 episco-
756 1257 775 1279 πο

47 1300 92 1343 palis
100 1307 118 1335 et
128 1300 169 1346 ipse
177 1307 250 1336 sanctus
259 1300 339 1336 Mellitos
349 1306 366 1335 et
377 1311 493 1335 successores
502 1301 595 1334 haberent.
618 1300 694 1335 Beatum
702 1312 747 1335 vero

48 1353 116 1387 lustum
127 1354 146 1387 in
158 1354 199 1398 ipsa
210 1354 277 1388 Cancia
288 1354 306 1388 in
319 1354 392 1388 ciuitate
405 1353 479 1388 roffensi
491 1353 598 1399 episcopum
610 1354 699 1389 ordinauit
704 1354 716 1396 ⁸,
728 1354 747 1389 in

47 1416 82 1450 qua
89 1418 123 1441 rex
132 1407 251 1442 Ethelbertus
258 1408 306 1442 beati
314 1408 390 1442 Andree
398 1407 475 1451 apostoli
483 1407 580 1442 ecclesiam
589 1408 636 1441 lecit.
683 1400 748 1452 Quam

47 1471 89 1493 vero
96 1460 172 1494 dilectus
180 1461 215 1494 deo
221 1465 239 1494 et
247 1460 333 1504 supernis
341 1460 411 1494 ciuibus
418 1459 499 1494 Mellitus
508 1459 592 1501 extiterit,
598 1460 652 1494 etiam
660 1460 679 1494 in
687 1460 748 1496 inclita

48 1513 123 1547 ecclesia
131 1524 167 1558 que
178 1514 212 1548 sub
219 1514 265 1548 vrbe
274 1513 368 1548 Londonia
376 1514 399 1548 ab
407 1513 500 1548 occidente
508 1524 541 1547 sua
549 1513 613 1547 attollit
621 1513 692 1558 fastigia
699 1520 718 1548 et
725 1515 748 1548 ab
757 1523 776 1553 ²5

50 1566 88 1609 ipsa
100 1567 154 1611 plaga
161 1567 348 1601 Westmonasterium
360 1572 389 1601 est
399 1567 496 1611 appellata,
504 1566 591 1600 diuinitus
602 1567 688 1607 clarescit,
697 1567 748 1602 cuius

48 1618 166 1653 dedicationis
176 1619 256 1653 officium
264 1630 297 1653 suo
305 1619 370 1653 honori
378 1621 471 1653 decretum
480 1630 514 1662 per
521 1630 542 1653 se
549 1618 666 1653 beatissimus
676 1625 749 1664 aposto·
797 1622 799 1626 “

48 1671 105 1705 lorum
117 1671 204 1715 princeps
214 1671 280 1705 Petrus
291 1683 324 1717 pro
336 1672 376 1716 ipso
385 1671 455 1706 Mellito
464 1672 551 1716 expleuit,
559 1673 605 1707 sicut
616 1682 673 1716 supra
684 1674 702 1707 in
712 1674 749 1707 vita

48 1724 105 1757 sancti
121 1725 207 1759 Edwardi
222 1725 325 1769 legentibus
340 1735 429 1768 expresse
444 1725 549 1759 declaratur.
600 1717 671 1760 Beatus
688 1731 749 1760 autem

49 1776 128 1812 Mellitus
136 1778 261 1823 episcopusin
269 1778 363 1822 prouincia
371 1777 491 1813 Orientalium
500 1778 595 1813 Saxonum
603 1778 652 1822 cepit
659 1779 749 1813 instanter
757 1790 777 1819 30
826 1782 828 1784 '

49 1831 162 1875 euangelium
171 1831 263 1876 [christi]⁴
271 1831 372 1876 predicare,
378 1831 476 1872 exhortari,
485 1831 551 1866 docere
558 1836 576 1865 et
584 1832 676 1875 baptizare
683 1843 749 1866 omnes

49 1883 102 1924 quiin
106 1884 177 1917 Christo
182 1885 288 1927 regenerari
293 1884 362 1917 vellent
367 1896 371 1924 ;
377 1885 476 1917 seeundum
483 1884 563 1917 instituta
568 1884 666 1927 apostolica
671 1884 749 1919 ecclesie

49 1935 141 1970 ministros
149 1935 248 1980 deputauit,
253 1941 271 1970 et
278 1936 297 1970 in
305 1935 383 1980 puritate
388 1936 425 1970 vite
433 1936 502 1971 seruire
508 1937 544 1970 deo
551 1936 627 1970 edocuit.
672 1929 750 1971 Beatis⁵

50 1994 109 2023 autem
116 1991 191 2033 regibus
199 1990 305 2023 Ethelberto
313 1994 330 2023 et
339 1989 417 2023 Saberto
427 1990 450 2023 ad
458 1989 517 2023 celum
527 1988 624 2030 translatis,
632 1999 749 2024 successores

49 2040 80 2074 tilii
93 2042 217 2076 intermissam
229 2041 337 2086 ydolatriam
349 2047 452 2077 restaurare
463 2042 563 2086 elegerunt,
574 2047 592 2077 et
606 2052 616 2076 a
628 2053 662 2076 suo
672 2048 750 2087 parente
758 2052 777 2084 35

49 2094 186 2139 degenerantes,
202 2097 248 2131 dolis
263 2101 281 2131 et
297 2095 368 2131 insidiis
383 2101 465 2130 sanetum
480 2094 588 2139 episcopum
604 2095 693 2131 Mellitum
711 2097 750 2132 suis

49 2147 115 2183 tinibus
131 2150 253 2184 exterminare
266 2148 348 2194 aggressi
360 2154 408 2182 sunt.
432 2149 479 2183 Narn
493 2159 535 2183 curn
548 2149 632 2184 viderent
645 2149 750 2194 pontificem

49 2200 109 2236 diuina
124 2203 206 2237 misteria
220 2204 239 2237 in
253 2203 330 2237 eeclesia
342 2202 436 2237 celebrare
449 2208 467 2236 et
480 2203 609 2237 eucharistiam
621 2203 689 2249 populo
701 2205 750 2247 dare,

49 2254 131 2291 dicebant
139 2257 162 2291 ad
169 2267 211 2291 eum
219 2268 223 2291 τ
236 2256 307 2299 ‘Quare
315 2268 351 2290 non
360 2261 377 2290 et
385 2255 438 2291 nobis
445 2256 525 2300 porrigis
532 2268 600 2300 panem
608 2258 691 2297 nitidum,
695 2268 750 2300 quem

50 2306 93 2350 [et]⁴
101 2311 148 2353 patri
156 2315 219 2343 nostro
227 2309 276 2343 Saba
281 2311 305 2333 '—
309 2311 335 2343 sie
345 2319 424 2352 namque
436 2319 479 2342 eum
490 2308 584 2353 appellare
596 2315 751 2344 consueuerant—
758 2319 779 2350 4o

50 2359 138 2404 ‘dabas,et
144 2362 213 2407 populo
219 2363 279 2397 adhuc
285 2363 329 2396 dare
335 2374 372 2396 non
378 2361 473 2396 desistist’
487 2362 558 2404 Quibus
564 2368 638 2398 sanetus
644 2364 750 2407 respondit:

50 2411 78 2447 ‘Si
85 2416 140 2451 vultis
148 2417 196 2450 ablui
204 2416 254 2451 fonte
261 2416 292 2450 illo
299 2416 374 2451 salutari
381 2427 417 2460 quo
424 2422 477 2460 pater
484 2422 546 2451 vester
553 2417 625 2451 ablutus
633 2421 666 2459 est,
674 2417 751 2461 potestis

49 2569 53 2587 .
68 2533 72 2549 ¹
83 2534 101 2566 E.
109 2546 144 2566 esse
151 2537 213 2568 sactum.
281 2536 287 2555 ⁹
297 2537 316 2568 E.
323 2546 359 2567 esse
365 2546 437 2567 messem.
505 2536 511 2555 ³
520 2537 539 2567 Τ,
547 2538 565 2568 E.
573 2538 657 2577 episcopus
665 2527 751 2568 ordinatur.

64 2582 92 2604 om.
100 2576 116 2605 ln
125 2577 142 2606 E.
183 2578 218 2606 ⁵E.
226 2577 289 2608 Beatus.

70 2639 109 2665 VOL.
118 2643 137 2667 11.
394 2643 405 2668 ii
