1762 2803
253 104 298 161 Bt
314 102 414 180 &unctu
430 102 565 156 aaronem.
721 119 761 165 175

61 236 98 259 non
110 224 139 259 hic
152 225 182 260 diu
194 225 281 268 habitare,
292 237 327 261 nec
338 225 375 260 vite
387 236 461 260 cursum
473 225 523 260 iuxta
534 225 649 271 propositum
660 230 717 267 tuum,
728 226 764 260 deo

61 278 114 313 aliter
121 278 230 323 disponente
238 281 267 315 hic
274 280 377 325 adimplere
384 280 453 314 debes:
466 280 549 314 Ecclesia
557 290 637 323 namque
645 279 765 314 menenensis

62 337 80 365 et
91 332 128 366 vita
140 338 171 366 tua
184 339 202 366 et
217 340 276 368 morte
292 333 417 368 decorabitur)
439 332 522 367 Veniens
537 343 582 375 ergo
594 331 704 374 Meneniam,
717 331 765 365 inira

62 391 136 428 tempus
145 386 202 419 breue
212 387 235 420 ad
245 387 368 421 sacerdotium
376 386 443 420 meruit
452 385 562 428 promoueri.
586 385 609 419 Et
617 396 659 419 cum
667 385 690 419 de
697 385 764 419 virtute

61 437 80 470 in
88 437 174 471 virtutem
184 444 304 478 excresceret,
313 438 393 482 puellam
403 438 495 481 quandam
506 442 578 471 tumore
589 436 671 471 horribili
681 442 700 470 et
709 437 783 481 ydros

62 488 102 533 pico
110 495 213 533 turgentem
221 501 277 524 manu
284 495 368 534 tangens,
373 495 495 525 euanescente
502 490 563 524 statim
570 495 608 524 tam
616 490 704 534 languore
710 499 765 533 quam

63 548 139 582 tumore,
148 543 202 585 plene
212 543 290 577 restituit
300 543 378 577 sanitati.
402 543 528 577 Cementarios
536 549 554 577 et
564 543 659 588 operarios
670 543 765 577 cuiusdam

63 605 96 629 sue
102 595 185 636 ecclesie,
192 597 270 639 quadam
276 602 328 631 sexta
334 596 385 637 seria,
392 597 415 630 de
421 597 485 640 paucis
491 596 584 641 pisciculis
592 596 660 630 refecit.
705 588 765 630 Obla-

63 646 87 682 tis
97 647 114 682 ei
125 648 221 683 duodecim
231 649 328 692 allecibus;
341 649 412 684 cuidam
420 649 540 684 elemosinam
548 648 623 694 petenti,
631 659 672 683 curn
683 649 732 683 aliud
741 649 765 683 ad

64 711 139 735 manum
144 712 180 735 non
186 701 267 746 haberet,
273 712 315 738 cum
321 712 376 738 seruo
381 712 415 739 suo
421 702 459 738 illa¹
466 704 510 738 dare
516 702 605 746 iussisset,
610 707 628 738 et
636 702 666 738 ille
673 703 765 744 tardaret;
775 710 793 734 ιο

65 764 109 787 ecee
121 754 167 788 alius
178 755 279 789 adueniens
291 755 388 789 duodecim
401 755 487 789 denarios
500 754 516 788 ei
530 755 585 797 dedit,
597 765 644 799 quos
657 755 711 788 simul
723 765 765 789 eum

64 806 151 840 allecibus
161 807 237 852 pauperi
247 807 299 841 hilari
307 808 358 842 vultu
368 807 464 851 errogauit,
472 808 547 842 dicens:
560 806 639 851 ‘Accipe
647 808 715 842 donum
724 806 765 842 dei:

64 869 101 892 non
113 859 162 893 enim
174 866 250 903 propter
261 871 301 901 nos,
308 865 328 895 vt
339 860 411 901 estimo,
420 860 453 894 sed
465 859 524 903 magis
535 866 612 904 propter
622 864 641 893 te
653 859 706 893 nobis
717 859 767 893 misit

64 911 98 944 hoc
110 913 166 946 deus?
189 912 273 956 Vespere
284 923 328 946 vero
340 912 424 946 minister
434 911 542 954 adueniens,
552 911 627 946 allecia²
635 911 665 946 vbi
675 912 727 956 prius
738 922 767 947 re·

64 964 124 1008 posita
132 969 188 1006 erant,
196 964 271 999 inuenit.
315 958 366 1000 Cum
374 970 436 999 autem
443 970 485 1009 post
493 966 527 999 hec
537 965 556 999 in
567 964 631 1006 insula,
639 965 714 999 nomine
721 964 767 1009 Ary,
777 974 795 1005 15

65 1017 99 1050 deo
104 1018 190 1050 deuotum
196 1023 285 1061 prestaret
290 1017 403 1062 obsequium,
408 1029 540 1062 norwagenses
546 1018 605 1063 pirate
610 1018 768 1062 superuenientes,

65 1069 126 1113 ipsum
135 1075 153 1103 et
165 1070 225 1104 socios
235 1081 279 1105 suos
289 1071 367 1115 rapiunt,
376 1076 394 1105 et
404 1071 427 1105 ad
438 1081 496 1105 naues
506 1081 569 1105 seeum
579 1071 676 1105 adducunt.
699 1071 768 1105 Austro

65 1123 115 1156 enim
128 1125 151 1156 ad
162 1129 205 1157 vota
217 1125 273 1159 llante
285 1130 338 1159 nocte
350 1130 386 1158 tota
398 1125 515 1164 velificantes,
528 1135 582 1158 mane
594 1125 644 1158 iuxta
656 1124 735 1157 insulam
747 1135 768 1158 se

67 1185 109 1209 esse
123 1175 214 1209 viderunt.
237 1175 278 1217 Quo
289 1175 334 1217 viso,
346 1176 419 1209 barbari
434 1181 452 1209 et
467 1176 561 1216 increduli,
574 1187 643 1219 pauore
658 1180 676 1208 et
691 1175 768 1209 horrore

67 1227 155 1271 percussi,
163 1226 223 1262 virum
234 1233 318 1263 sanctum
330 1240 371 1263 cum
383 1227 422 1263 suis
433 1229 456 1262 ad
468 1234 536 1263 terram
548 1228 662 1263 dimiserunt.
684 1228 768 1273 Cumque
777 1237 796 1260 πο

67 1281 126 1313 socios
138 1291 182 1314 suos
194 1283 216 1314 ad
228 1286 296 1315 terram
308 1283 332 1315 de
343 1281 403 1315 insula
414 1281 500 1323 misisset,
509 1282 559 1315 affuit
570 1281 587 1314 ei
599 1281 686 1315 sathanas
697 1287 715 1315 et
726 1281 768 1315 visi·

67 1332 127 1367 biliter
136 1332 155 1366 in
164 1333 223 1366 forma
233 1332 313 1367 humana
323 1332 418 1377 apparuit3
432 1332 460 1367 cui
470 1338 488 1368 et
497 1332 533 1369 ait:
546 1332 603 1375 ‘Quid
614 1344 650 1371 me,
657 1332 718 1374 miser,
726 1344 768 1378 per-

68 1385 151 1430 sequeris
166 1386 184 1420 in
197 1390 276 1421 vanum?
299 1386 359 1421 Nichil
375 1386 393 1421 in
406 1397 437 1421 me
450 1397 484 1431 per
495 1387 525 1421 dei
538 1387 615 1431 gratiam
629 1387 721 1431 reperies.¹
745 1387 768 1421 Et

68 1440 145 1473 demon:
164 1439 203 1473 ‘Ne
217 1440 268 1473 solus
282 1439 311 1473 hic
326 1450 433 1473 remaneres
448 1445 467 1473 et
481 1440 552 1483 absque
566 1439 661 1480 seruitore,
674 1445 723 1474 certe
736 1440 768 1473 tibi

68 1491 171 1526 seruiturus
189 1491 263 1532 accessi,
279 1502 316 1527 non
331 1493 416 1537 rogatus’
440 1491 506 1535 ‘Vade,
522 1492 580 1537 inquit
595 1491 623 1527 vir
638 1492 672 1534 dei,
688 1492 770 1535 sathana,
779 1502 797 1532 ²5

68 1544 143 1579 humani
151 1545 224 1589 generis
232 1545 311 1588 inimice,
319 1545 361 1590 quia
369 1556 406 1580 non
414 1556 458 1580 curo
466 1545 544 1580 seruicia
551 1548 591 1580 tua’
636 1538 707 1580 Iterum
715 1545 770 1588 enim,

69 1608 110 1630 cum
122 1608 189 1641 magno
199 1598 228 1631 vir
239 1603 313 1632 sanctus
325 1608 412 1632 manuum
423 1598 486 1632 labore
498 1598 584 1642 fatigatus
597 1598 677 1632 tunicam
689 1605 770 1639 exueret,

68 1660 171 1694 zonamque
184 1650 286 1694 proiiceret,
297 1650 349 1685 affuit
360 1650 425 1685 sathan
437 1656 456 1685 et
467 1661 532 1685 zonam
544 1661 586 1686 cum
601 1650 695 1694 marsupio
708 1650 770 1685 turrim

69 1703 147 1737 abstulit.
170 1703 260 1746 Expedita
272 1708 334 1738 autem
345 1704 408 1737 labore
419 1714 485 1737 zonam
495 1715 580 1747 querens,
588 1709 606 1737 et
617 1714 733 1748 nequaquam
743 1703 771 1737 in-

68 1756 132 1788 uenire
143 1756 218 1796 valens,
233 1756 278 1790 vidit
290 1756 390 1799 malignum
401 1767 438 1789 non
450 1756 504 1800 longe
515 1756 625 1790 iaculantem
638 1762 655 1790 et
669 1756 771 1790 saltantem.
779 1765 799 1795 30

69 1808 129 1841 ‘Num
138 1814 163 1850 tu,
171 1808 234 1852 inquit,
243 1810 305 1850 miser,
314 1819 350 1853 que
361 1809 429 1843 amissa
440 1814 483 1842 sunt
494 1810 605 1853 asportasti?
627 1809 698 1843 Adiuro
708 1815 727 1843 te
737 1819 772 1853 per

70 1872 137 1896 nomen
145 1862 219 1903 domini,
227 1863 313 1904 quatinus
320 1862 379 1895 ablata
387 1863 477 1903 restituas,
484 1862 526 1895 licet
535 1862 613 1896 inuitus.¹
636 1862 659 1895 Et
667 1862 734 1895 factum
742 1868 771 1896 est

69 1915 99 1948 ita.
134 1907 221 1958 Cumque
226 1914 245 1947 in
250 1914 280 1947 illa
288 1915 352 1955 insula,
360 1914 553 1958 propterirruptiones
558 1914 684 1956 barbarorum,
692 1914 771 1958 ampllus

70 1977 145 2002 manere
152 1978 188 2001 non
195 1972 257 2011 posset
264 1980 269 2008 ;
280 1967 379 2011 assignauit
385 1967 402 2001 ei
408 1968 506 2012 episcopus
512 1967 631 2002 menenensis
639 1967 771 2002 monasterium

71 2021 128 2054 sancti
137 2021 238 2054 Hismaelis
245 2020 264 2053 in
272 2021 344 2054 rosensi
352 2020 451 2064 prouincia,
457 2020 557 2064 vulgariter
562 2019 620 2054 Ysam
627 2025 716 2055 vocatum.
734 2019 771 2054 Vbi
780 2029 799 2059 35

71 2083 112 2106 cum
126 2073 236 2117 aliquamdiu
251 2084 321 2106 moram
336 2072 426 2107 trahendo
439 2072 474 2107 deo
487 2072 610 2114 famularetur,
623 2078 771 2117 superuenerunt

71 2126 187 2160 flandrenses
198 2127 238 2168 viri,
250 2126 307 2160 armis
322 2126 397 2166 robusti,
409 2126 432 2160 ab
445 2125 548 2170 Anglorum
561 2135 605 2170 rege
618 2124 699 2160 Henrico
711 2126 772 2170 primo

71 2190 113 2213 cum
124 2180 212 2213 uxoribus
223 2184 241 2213 et
252 2179 315 2213 liberis
326 2179 368 2214 illuc
379 2179 494 2214 transmissi:
510 2180 541 2223 qui
553 2179 635 2223 expulsis
646 2178 772 2213 Wallensibus

71 2237 140 2266 terram
151 2233 252 2266 inhabitare
263 2237 357 2275 ceperunt.
380 2233 415 2274 Qui
427 2243 469 2266 cum
479 2233 549 2267 incolas
560 2233 641 2276 regionis
652 2232 772 2275 expulissent,

72 2285 185 2319 Caradocum
197 2285 256 2319 modis
270 2285 354 2318 omnibus
367 2285 432 2318 eiicere
446 2285 555 2319 nitebantur.
577 2284 630 2318 Vnde
644 2294 685 2318 cum
698 2285 772 2328 quidam
781 2294 801 2324 4ο

72 2338 157 2381 crudelis,
172 2340 246 2372 nomine
262 2338 352 2371 Ricardus
366 2337 480 2380 Tanchardi,
495 2348 540 2372 oues
554 2338 594 2371 eius
612 2342 629 2371 et
645 2343 734 2380 armenta,
750 2339 773 2372 de

72 2402 150 2435 quorum
166 2392 212 2426 lacte
227 2402 318 2436 pauperes
333 2401 417 2425 recreare
433 2391 508 2433 solebat,
522 2391 577 2425 biduo
592 2390 662 2425 inclusa
677 2392 773 2433 retinuit⁴;

72 2450 175 2478 commotus
186 2445 229 2478 inde
236 2445 265 2478 vir
272 2445 307 2485 dei,
315 2445 338 2477 ad
345 2444 401 2476 deum
408 2454 475 2486 preces
482 2443 528 2476 ludit
535 2444 621 2486 quatinus
630 2444 730 2478 crudelitas
740 2445 774 2478 hec

92 2516 149 2547 1ΒοΙΙ.
157 2517 196 2549 illos.
257 2517 359 2548 ²13.a11eces.
420 2516 547 2548 ³T.tanchardi.
604 2515 639 2548 ²T.
647 2517 722 2553 detinuit:
733 2518 774 2549 13011,

72 2557 169 2588 retinuisset„
220 2584 222 2588 Α
