1762 2803
252 77 298 131 vt
312 75 413 129 &auctu
428 71 554 135 brutnio.
709 91 752 134 229

51 198 133 244 seipsum
140 197 253 243 deponeret¹
261 202 279 233 et
287 197 306 233 in
314 196 406 243 ergastulo
415 197 534 240 contraderet,
539 195 608 232 semina
615 196 634 233 in
642 197 754 233 monasterio

51 254 130 287 detrusa.
153 251 246 286 Mediante
257 251 362 296 postrem0²
373 250 471 296 apostolice
482 250 533 286 sedis
542 250 615 295 pietate,
623 252 717 286 decretum
726 258 754 287 est

50 311 70 340 vt
81 305 147 339 indicta
155 305 255 348 penitentia
262 304 343 349 legitimo
351 304 374 338 de
382 309 444 339 cetero
450 308 545 339 uterentur
553 304 649 339 connubio.
673 304 754 349 Impera-

51 364 91 392 tore
104 358 182 392 remissa
195 356 273 392 libenter
283 356 355 399 iniuria,
367 356 434 391 mulier
444 367 479 400 per
489 356 536 391 duos
548 356 634 392 satellites
644 356 752 402 episcopum

51 411 148 455 prefatum,
152 410 295 445 sacerdotalibus
300 409 434 453 indutum,post
439 409 515 444 missam
520 409 629 445 celebratam
634 410 691 445 occidi
696 410 753 445 fecit³.
762 414 772 443 5

202 523 217 557 n
231 515 264 557 Dr
275 531 346 557 sencio
358 513 456 557 Onuurrro
467 521 602 557 conrnssonr‘.

51 582 173 661 TEmpore
186 583 274 617 Ludouici
286 582 364 628 piissimi
375 583 455 627 Augusti
467 589 506 618 erut
515 582 544 618 vir
554 584 627 628 quidam
637 584 753 625 venerabilis,

111 647 135 671 er
148 636 204 670 nobili
216 636 303 681 prosapia
315 636 427 671 Francorum
440 637 534 681 oriundus,
546 636 621 672 nomine
634 636 719 683 Bodgisl,
730 638 754 671 de

17 729 19 732 Α
51 700 88 731 quo
106 689 156 722 iilius
171 691 206 722 deo
223 695 309 732 acceptus
325 690 401 723 nomine
419 690 518 733 Odulphus
537 695 643 733 procreatus
662 695 695 723 est
718 690 754 732 Qui

52 742 158 783 ablactatus,
166 752 218 777 sacre
226 741 333 776 eruditionis
342 742 420 776 traditur
427 743 498 784 studiis,
506 747 524 777 et
535 742 603 777 sanctis
611 753 632 777 ac
640 743 675 777 deo
682 742 754 777 deuotis

51 794 155 829 doctoribus
163 795 303 829 commendatur
310 794 427 830 erudiendus.
450 794 512 830 Creuit
522 794 572 831 enim
583 794 672 840 sapientia
680 800 698 830 et
706 801 753 831 etate
763 811 782 832 ιο

50 859 71 882 ac
79 848 174 882 sanctitate
182 859 229 893 puer
235 848 357 883 venerabilis:
370 854 388 882 et
398 848 466 883 relictis
476 848 585 893 propinquis
595 854 614 883 et
624 848 693 890 amicis,
703 850 753 894 apud

51 901 155 936 Traiectum
165 902 240 945 opidum
247 912 258 935 a
266 906 331 936 sancto
341 901 428 945 episcopo
441 901 539 936 Frederico
550 912 592 936 cum
604 912 672 945 magno
683 901 754 936 honore

51 954 160 996 suscipitur:
172 959 191 987 et
202 965 244 987 curn
255 953 296 997 ipso
308 954 339 987 diu
350 965 434 996 manens,
445 954 464 987 in
476 954 543 997 vigiliis
554 954 639 997 peruigil,
650 954 669 988 in
681 954 754 988 ieiuniis

51 1011 122 1048 potens,
136 1006 155 1039 in
170 1006 283 1040 orationibus
298 1006 378 1048 sedulus,
393 1006 412 1039 in
428 1017 480 1040 sacra
496 1006 573 1040 lectione
585 1006 644 1040 extitit
655 1006 755 1041 studiosus.

52 1058 131 1103 Contigit
142 1059 192 1094 enirn
203 1065 223 1093 vt
234 1059 249 1093 F
250 1059 328 1102 risones‚
337 1059 372 1094 viri
384 1059 460 1101 feroces
470 1060 494 1094 ad
505 1059 550 1094 tanti
561 1060 630 1094 erroris
640 1060 753 1095 dementiam
763 1074 781 1105 15

52 1112 165 1154 deuenirent,
172 1118 192 1147 vt
200 1113 259 1147 dictus
267 1112 365 1158 episcopus
373 1123 407 1147 nec
418 1123 452 1157 per
461 1124 482 1148 se
493 1124 527 1148 nec
538 1123 573 1157 per
581 1113 719 1148 archidiaconos
730 1114 753 1147 nd

51 1165 100 1199 viam
109 1165 190 1200 veritatis
201 1176 288 1200 reuocare
299 1176 332 1200 eos
342 1171 411 1209 posset.
432 1165 487 1200 Vnde
498 1165 602 1200 Traiectum
614 1165 676 1201 literas
686 1165 754 1202 direxit

52 1224 70 1252 et
78 1225 161 1253 sanctum
170 1219 199 1253 dei
206 1219 294 1252 famulum
303 1220 368 1252 deuote
376 1219 461 1262 poposcit
468 1225 487 1253 vt
495 1219 535 1253 sine
543 1229 595 1253 mora
602 1220 625 1252 ad
633 1218 695 1262 ipsum
702 1220 754 1253 sesti-

52 1276 108 1305 naret.
131 1271 161 1305 Ad
173 1282 228 1315 quem
238 1281 281 1304 cum
291 1271 379 1313 venisset,
391 1277 480 1316 ceperunt
490 1282 525 1316 per
535 1271 622 1306 ecclesias
632 1272 710 1306 verbum
723 1272 753 1307 dei

51 1324 120 1369 populo
126 1324 226 1369 predicare,
233 1325 291 1358 donec
297 1323 381 1358 homines
388 1324 438 1359 velut
446 1324 484 1369 lupi
490 1334 567 1369 rapaces
572 1324 583 1366 ⁰,
589 1324 663 1359 salutari
669 1325 754 1368 dogmate
764 1341 782 1363 ro

52 1378 70 1412 in
84 1384 190 1412 mansuetas
203 1383 333 1412 connecterent
346 1388 396 1412 oues.
418 1378 498 1412 Sanctus
511 1378 566 1422 igitur
579 1378 678 1423 Odulphus
690 1384 755 1422 rogatu

52 1430 134 1474 episcopi
147 1429 172 1463 ibi
185 1440 269 1473 manens,
281 1431 349 1474 populo
360 1430 437 1464 verbum
448 1430 496 1464 vite³
510 1431 606 1475 predicare
617 1441 654 1465 non
666 1431 755 1465 cessabat.

53 1483 83 1515 Nil
94 1489 189 1516 terrenum
200 1482 219 1515 in
231 1484 265 1516 hac
272 1483 309 1516 vita
320 1484 395 1516 curabat
400 1483 412 1525 ⁸,
421 1489 441 1517 vt
450 1483 535 1528 deposito
545 1483 606 1517 carnis
613 1494 670 1517 onere
683 1483 754 1527 premia

52 1541 115 1569 eterna
126 1535 210 1579 accipere
217 1535 236 1569 in
245 1535 289 1569 celis
297 1541 405 1569 mereretur.
428 1535 498 1579 Spiritu
508 1545 552 1570 vero
563 1535 670 1579 prophetico
681 1535 754 1579 plenus,

52 1593 134 1630 ventura,
146 1587 198 1633 quasi
213 1587 250 1622 iarn
265 1587 312 1622 lacta
327 1593 416 1631 cerneret,
428 1587 513 1633 predixit.
562 1581 665 1625 Senectute
679 1588 754 1624 demum
764 1602 782 1632 ²5

53 1647 144 1686 grauatus,
156 1647 174 1675 et
189 1641 248 1676 baculi
263 1641 292 1676 sui
307 1642 380 1685 oblitus,
391 1643 415 1676 ad
426 1642 523 1676 ecclesiam
536 1642 567 1677 die
580 1643 659 1686 quadam
672 1642 756 1686 perrexit

52 1700 71 1728 et
78 1694 164 1728 instinctu
172 1694 240 1728 inimici
248 1694 294 1728 cella
302 1694 342 1729 eius
349 1705 391 1729 cum
399 1694 449 1729 omni
462 1694 570 1740 supellectili
581 1705 615 1730 sua
626 1694 756 1730 inflammatur.

53 1747 94 1790 Quo
104 1748 171 1790 audito,
179 1747 220 1781 susa
229 1757 271 1781 cum
281 1747 375 1782 lachrimis
386 1749 409 1782 ad
420 1749 475 1783 deum
483 1758 545 1792 prece,
552 1748 658 1782 incendium
668 1748 755 1782 continuo

53 1799 164 1834 mansuescit
175 1810 209 1833 nec
220 1800 266 1833 vltra
275 1799 377 1843 prcualuit:
389 1800 454 1833 cellam
468 1800 583 1833 solummodo
595 1810 649 1843 quarn
663 1799 755 1835 inuaserat

53 1852 159 1895 combussit,
164 1852 229 1886 baculo
236 1852 294 1886 illeso.
309 1852 395 1886 Eundem
403 1857 445 1897 post
453 1852 522 1886 obitum
528 1852 568 1886 eius
572 1853 657 1886 baculum
663 1863 721 1896 super
726 1863 755 1887 se·
763 1871 783 1899 ,3⁰

53 1907 150 1951 pulchrum
158 1905 197 1940 eius
205 1905 271 1940 iratres
278 1906 358 1940 fixerunt
365 1918 370 1949 ;
382 1905 439 1950 quiin
447 1905 487 1940 ioco
494 1905 524 1940 vbi
532 1905 581 1940 fixus
592 1904 651 1940 suerat
660 1916 720 1950 usque
731 1907 754 1941 ad

53 1965 137 2005 tempora
142 1959 191 1993 beati
197 1959 282 1993 Radbodi
288 1959 370 2003 episcopi
378 1959 490 2003 perdurauit.
506 1959 565 1993 Febre
572 1959 647 1993 tandem
653 1965 755 2002 correptus,

53 2011 754 2056 inomnisanctitatcpresentemvitamdeserenscelesuapenetrauit⁹,pndie

73 2080 78 2098 ¹
89 2081 109 2112 al.
117 2081 140 2111 W
148 2081 168 2111 Μ.
250 2079 256 2097 ²
266 2080 284 2111 E.
291 2080 330 2112 adds
337 2080 412 2119 episcopo
419 2079 485 2119 prefato.

73 2122 79 2139 ³
90 2123 151 2152 Collect
157 2122 173 2151 in
180 2123 208 2153 h:

75 2160 127 2207 (Aue)
139 2167 193 2205 presul
204 2167 279 2205 gloriose,
290 2176 320 2197 aue
332 2166 376 2196 sidus
388 2166 419 2195 iarn
430 2165 488 2196 celeste
499 2165 592 2205 (deculcans
603 2166 640 2196 Odo
650 2166 710 2198 celum:
723 2166 756 2197 Nos

54 2208 124 2244 guberna
133 2209 186 2237 uisens
195 2208 270 2245 (humum,
279 2208 317 2246 quo)
325 2208 393 2237 letemur
399 2207 519 2244 triurnphantes,
527 2211 543 2237 te
550 2208 640 2247 patron(um
648 2208 756 2246 uenierantcs.
787 2237 789 2240 ,

53 2247 73 2277 V.
84 2248 118 2277 Ora
124 2257 154 2285 pro
161 2247 210 2276 nobis
232 2247 262 2286 (Cf.
272 2246 349 2285 Odulph.)

76 2286 124 2322 Deus
134 2292 160 2329 qui
170 2302 200 2321 nos
210 2291 252 2322 beati
262 2292 323 2322 Odonis
333 2292 428 2321 confessoris
438 2292 460 2320 tui
469 2296 515 2328 atque
525 2291 605 2329 pontificis
614 2292 674 2321 meritis
684 2296 700 2321 et
708 2291 756 2322 inter·

54 2332 126 2361 cessione
136 2331 208 2367 letificas,
216 2332 286 2361 concede
296 2331 376 2370 propicius
385 2335 407 2367 ut,
417 2331 444 2369 qui
453 2331 488 2361 eius
497 2331 575 2361 beneficia
583 2332 668 2370 poscimus,
676 2331 720 2361 dono
729 2335 756 2361 tue

54 2381 302 2449 ffffcffbcriiggiurarffl’tieehna
312 2411 328 2441 tn
337 2410 356 2441 n.
365 2411 394 2441 ss.
402 2411 442 2441 nou.
451 2411 619 2449 12June,p.t9,ana
628 2410 667 2441 nom
677 2410 705 2441 tte
714 2410 756 2441 urst.

54 2450 169 2481 Translationis
181 2456 197 2481 et
210 2452 284 2487 miracul,
297 2452 321 2481 ed.
336 2451 383 2489 (from
397 2451 431 2481 MS.
444 2450 496 2481 Rawl.
510 2451 525 2480 A
537 2451 574 2490 287)
586 2450 608 2488 by
620 2450 684 2489 Macray
696 2450 755 2480 Chron.

54 2491 127 2521 abbatiae
134 2492 154 2521 de
162 2490 245 2529 Evesham,
253 2490 304 2520 Rolls'
312 2491 346 2521 Ser.
355 2491 398 2529 1863,
406 2500 422 2529 p.
429 2500 459 2528 313
466 2491 482 2521 ff.
577 2491 583 2509 ⁵
592 2490 612 2521 al.
620 2491 684 2528 Ludgis,
692 2489 755 2527 Lodgis

55 2530 164 2562 ‘alleroces
204 2530 239 2563 1Ε.
248 2531 281 2562 uite
287 2531 357 2561 verbum.
402 2531 450 2561 'vit
457 2540 490 2563 eur.
497 2529 576 2569 nequiere.
622 2529 756 2569 ¹E.penitrauit
