1762 2803
117 159 129 205 2.
133 157 161 202 50
308 146 388 197 nuto
404 143 520 205 berenna
535 143 627 206 nuntie.

138 265 209 302 ‘llLeet
223 267 245 299 oi.
274 258 396 299 illucescente
414 266 468 308 igitur
487 276 556 306 aurora,
576 265 660 299 deferunt
679 266 702 298 ad
722 266 817 300 ecclesiam

118 317 204 351 exanime
223 329 304 362 prorsus,
319 324 338 352 vt
353 318 412 351 visum
430 324 458 351 est
477 318 509 360 eis,
525 329 597 361 corpus,
612 316 689 361 ipsoque
708 317 778 353 interea
796 322 819 354 ad

119 371 237 416 sepulchrum
249 370 350 405 beatissimi
362 371 441 415 presulis
453 372 540 405 collocato
554 381 610 415 supra
621 377 698 414 petram,
710 372 733 404 ad
743 383 819 415 precum

118 424 215 459 instantias
224 425 271 458 illico
279 436 299 458 se
308 430 421 458 conuertunt.
440 424 463 458 Et
471 436 513 459 ecce
522 435 565 458 mox
572 424 650 468 puerula
658 424 720 458 oculos
728 424 819 468 aperiens,

102 478 174 520 5alacri
182 478 242 512 fronte
252 488 326 511 manum
338 488 381 521 erga
393 477 482 512 nutricem
494 478 596 522 porrigens,
608 477 669 521 palam
681 477 766 525 omnibus
776 480 819 513 sub-

120 531 181 563 ridere
193 530 233 562 visa
248 535 281 562 est.
304 531 333 562 Ex
347 541 383 572 quo
397 531 427 563 die
440 531 527 572 paulatim
540 530 612 572 integre
626 530 762 571 conualescens,
774 530 821 563 vixit

119 582 196 615 feliciter
211 582 264 614 annis
283 582 350 615 multis.
373 582 419 624 Quis
435 593 478 626 ergo
494 582 529 615 nisi
544 582 650 615 incredulus
666 582 767 615 maximum
783 592 820 617 non

120 635 197 669 miretur
212 635 325 677 miraculum,
341 636 364 669 ad
383 634 437 679 gelidi
456 634 552 668 marmoris
571 638 638 669 tactum
653 634 744 668 animam]
760 634 821 678 potius

120 688 186 729 redire,
199 698 254 731 quam
267 687 315 731 ignis
328 689 416 722 naturalis
430 689 502 722 calore?
524 688 562 721 Sed
574 689 609 721 hoc
622 692 681 721 totum
693 698 731 720 non
743 688 789 721 alia‘l
800 699 821 722 re

94 740 213 775 1ocredimus
228 751 270 775 esse
285 741 359 783 factum,
374 741 410 775 nisi
428 747 447 776 vt
466 740 605 775 manifestentur
620 751 677 784 opera
694 739 728 782 dei,
743 740 822 775 volentis

121 795 218 828 mirificare
230 799 314 828 sanctum
325 805 384 828 suum.

142 849 156 883 'll
168 847 244 888 Quando
261 848 329 890 festinet
353 848 409 880 sancti
432 847 521 880 Osneunde'
541 847 611 880 sabbalo
632 847 724 890 corrugent,
746 849 787 879 tnnc
804 847 823 879 iu

121 900 209 934 dominico
227 901 304 944 sequenti
319 901 400 945 legaretur
415 901 446 934 iste
460 901 479 934 vi
494 900 570 934 lectiones
585 902 603 935 nt
618 904 677 943 snpra,
693 900 711 933 e'n
727 899 791 933 trtbtes:
809 903 825 933 et

117 954 168 997 fient
180 953 235 987 needre
249 953 325 987 lectiones
339 954 359 986 de
371 957 434 987 sancto.
443 953 526 987 Keuelneo
540 965 578 997 rege
591 955 607 986 et
618 954 693 987 eeearit'ee,
716 952 741 986 Et
753 953 824 996 qeeuudo

96 1015 113 1044 15
122 1006 209 1040 doeeee'nieu
222 1007 288 1051 nfesta
301 1008 391 1048 vacuent,
404 1011 445 1040 tunc
456 1007 538 1051 legentur
551 1007 628 1040 lectiones
639 1017 670 1039 sex
680 1008 699 1039 vt
710 1009 770 1049 snpra,
783 1016 823 1039 cnm

122 1060 224 1102 expositione
235 1060 322 1102 euangelii
334 1059 405 1093 ‘Honeo
418 1060 491 1103 quidone
504 1061 584 1103 peregre,’
597 1059 624 1092 nel
637 1059 724 1102 euangelii
740 1058 825 1101 ‘Vigilate

123 1113 165 1155 quin
172 1112 249 1153 nescitis:
257 1114 273 1144 et
278 1112 360 1154 legentur
366 1112 437 1145 alternis
445 1112 514 1145 nieibns.

144 1165 159 1202 il
171 1164 234 1198 Suxrn
245 1163 288 1205 Diu,
298 1164 343 1198 lectio
351 1164 362 1198 ί.
385 1157 436 1199 Cum
445 1175 468 1198 ex
479 1168 555 1207 angusto
566 1164 638 1208 augusti
648 1163 722 1197 Cesaris
732 1164 790 1207 burgo
802 1163 824 1196 ad

123 1216 243 1262 spaci[0s]um
258 1214 361 1251 amenitatis
376 1228 462 1262 campum
477 1216 616 1252 sarisburiensis
634 1216 712 1251 ecclesia
728 1228 770 1250 cum
786 1216 824 1250 suis

97 1281 116 1301 eo
124 1269 217 1312 ministris,
226 1269 272 1303 sicut
281 1271 315 1304 deo
327 1270 400 1314 placuit,
410 1271 497 1304 translata
507 1276 540 1312 est,
549 1281 616 1314 corpus
627 1270 702 1314 gloriosi
714 1269 825 1303 confessoris

124 1323 220 1365 Osmundi,
224 1324 272 1367 quod
278 1324 368 1368 superiori
373 1325 412 1358 loco
419 1329 492 1358 centum
498 1336 518 1359 ac
523 1324 587 1368 viginti
592 1324 645 1359 annis
651 1324 743 1359 miraculis
750 1324 825 1357 chorus·

124 1389 166 1412 cum
171 1377 265 1421 requieuit,
271 1382 357 1421 tanquam
364 1378 463 1422 precipuus
470 1378 553 1421 ipsorum
559 1378 657 1411 thezaurus
664 1388 700 1411 non
707 1381 778 1420 poterat
784 1380 826 1419 post

124 1435 176 1473 terga
188 1429 271 1472 relinqui.
294 1430 324 1463 Ad
336 1429 387 1464 cuius
401 1429 480 1473 denique
492 1435 632 1464 monumentum
645 1439 714 1463 nouum
725 1427 826 1471 vide[re]s³

126 1483 184 1515 indies
201 1492 223 1514 eo
241 1482 365 1524 frequentiora
380 1482 472 1522 miracula,
487 1494 523 1525 quo
538 1487 603 1516 natura
618 1482 653 1515 loci
668 1482 690 1515 ad
706 1480 826 1521 consuetiora,

99 1547 117 1576 25
125 1536 144 1569 in
154 1535 235 1579 paruulis
245 1536 348 1578 presertim,
358 1541 378 1568 vt
387 1535 441 1568 sunt4
453 1535 524 1575 incauti,
534 1535 642 1578 disponebat
652 1534 755 1568 infortunia.
779 1533 826 1566 Nam

75 1605 78 1612 ·
126 1599 168 1622 cum
176 1592 229 1622 vetus
241 1588 285 1621 illud
297 1588 391 1621 castellum
402 1599 459 1631 super
468 1588 517 1622 edita
528 1593 546 1621 et
557 1593 644 1621 montana
655 1587 774 1621 fundamenta
785 1596 827 1630 pro-

127 1641 206 1675 mineret
216 1641 339 1683 constitutum,
347 1641 381 1674 hec
390 1640 471 1684 profecto
483 1641 555 1674 nouella
566 1640 630 1675 ciuitas
641 1640 660 1674 in
672 1641 712 1674 loco
724 1638 828 1673 demissiori

127 1700 145 1727 et
157 1703 232 1737 aquoso,
239 1693 294 1726 variis
306 1694 417 1727 torrentibus
429 1703 450 1725 ac
462 1694 522 1727 ssuuiis
529 1693 602 1727 vicatim
613 1693 702 1734 distincto,
711 1692 781 1726 notorie
793 1691 827 1724 sita

127 1746 203 1781 videtur.
227 1744 267 1780 Ex⁵
275 1756 310 1789 quo
322 1744 441 1789 proculdubio
450 1756 572 1789 sepenumero
583 1746 647 1780 accidit
654 1751 673 1780 vt
683 1742 828 1789 paruul[orum]⁰

100 1805 167 1842 3oetas
176 1798 236 1833 dubiis
244 1799 329 1842 exposita
336 1799 409 1833 casibus
416 1798 454 1834 vim
465 1799 490 1833 ibi
500 1810 587 1842 aquarum
596 1798 728 1834 exundantium
739 1798 793 1833 etiam
805 1797 828 1831 ad

127 1854 226 1888 multorum
239 1853 264 1897 (vt
275 1852 335 1887 visum
347 1853 381 1895 est)
393 1851 487 1887 interitum
498 1852 626 1887 miserabiliter
633 1851 767 1897 experireturl.
790 1850 828 1885 Sed

128 1908 144 1941 si
157 1906 247 1950 intelligas
262 1906 346 1949 quotiens
360 1906 394 1940 hoc
408 1905 505 1940 infortunio
517 1907 591 1949 lapsos³
601 1906 660 1941 virtus
671 1906 725 1940 huius
737 1904 795 1940 sancti
806 1904 829 1937 ad

127 1960 183 1994 uitam
203 1959 324 2000 resuscitauit,
343 1958 430 1992 fateberIs
449 1959 503 2001 plane
520 1969 557 1992 non
576 1969 618 1993 esse
636 1959 751 1998 antelcctum,
766 1957 785 1990 id
800 1955 830 1990 alii

128 2017 233 2046 sanctorum
244 2012 311 2044 totiens
323 2010 425 2054 contigisse.

101 2077 120 2108 35
150 2069 162 2104 ll
176 2067 220 2100 Leet.
233 2067 251 2100 e'i.
275 2058 326 2099 Puer
339 2065 413 2108 quidam
425 2066 474 2108 apud
489 2077 555 2099 nouam
570 2065 693 2100 Sarisburiam
708 2065 727 2098 in
741 2065 786 2105 vico,
801 2063 829 2096 cui

129 2129 197 2153 nomen
209 2124 237 2152 est
249 2117 388 2152 interminabilis
396 2118 421 2161 (l),
430 2118 498 2152 flumen
506 2130 584 2160 mersus,
592 2130 666 2161 cumex
676 2118 728 2161 aquis
736 2117 831 2151 leuabatur

129 2173 216 2207 inuentus
227 2176 255 2206 est
267 2171 307 2205 sine
318 2171 355 2205 vllo
367 2170 418 2213 signo
430 2171 471 2206 vite,
495 2172 543 2206 Hic⁹
553 2174 575 2206 ad
587 2172 669 2206 tumbam
680 2171 727 2205 beati
739 2167 831 2205 Osmundi

131 2225 162 2267 (ita
170 2223 219 2258 enim
228 2225 250 2258 ab
258 2223 322 2258 incolis
330 2223 419 2266 appellari
427 2230 534 2258 consuetum
542 2230 570 2258 cst
576 2224 596 2268 ¹⁰)
605 2223 677 2259 circiter
684 2223 748 2257 horam
758 2227 830 2256 sextam

130 2283 173 2323 post
183 2277 279 2311 meridiem
290 2278 383 2319 adductus,
392 2277 485 2312 orantibus
496 2278 569 2311 interim
580 2278 644 2312 amicis
651 2286 710 2321 vsque
719 2282 762 2320 post
772 2275 831 2309 noctis

103 2344 123 2375 40
131 2331 212 2367 medium
228 2329 318 2364 exanimis
333 2330 392 2364 iacere
404 2331 454 2365 visus
470 2336 503 2366 est.
532 2330 583 2365 Inter
595 2330 674 2375 primam
690 2335 751 2364 autem
767 2329 831 2364 horam

131 2391 198 2420 extunc
210 2388 228 2417 et
240 2384 346 2425 secundam,
358 2384 442 2417 exaudita
451 2389 479 2418 est
491 2384 547 2418 oratio
558 2384 701 2428 deprecantium,
712 2383 753 2426 ipso
763 2371 831 2415 ibidem

131 2448 190 2486 puero
199 2436 236 2471 vite
248 2435 325 2481 pristine
336 2436 424 2471 restituto.
447 2437 500 2471 Alius
508 2448 581 2482 quoque
589 2437 677 2482 puerulus
689 2437 766 2470 duorum
779 2432 832 2469 etatis

151 2519 156 2536 ¹
167 2518 198 2548 SR.
206 2518 258 2547 vitam.
329 2516 335 2533 ²
345 2516 362 2546 E.
371 2517 408 2546 alias
416 2517 516 2547 recredimus.
583 2517 589 2535 ³
600 2517 618 2548 Ε,
625 2517 686 2546 videns.
754 2515 759 2533 ⁴
771 2514 789 2544 E.
796 2513 833 2542 sint.

131 2558 137 2575 ⁵
147 2559 164 2589 E,
174 2559 198 2588 Et.
253 2557 259 2575 ⁰
270 2557 287 2588 E,
296 2557 370 2594 paruulis.
390 2555 395 2558 '
423 2556 429 2574 ⁷
440 2557 458 2587 E.
466 2557 579 2595 experirentur.
634 2557 639 2575 Β
650 2557 668 2588 E.
676 2555 729 2596 lapsis.
784 2554 790 2572 ⁹
801 2553 833 2584 SB.

132 2598 179 2629 Hinc.
220 2597 232 2615 ¹⁰
243 2597 274 2628 ΞΒ,
286 2597 373 2627 consueuit.
