1762 2803
111 128 155 182 278
301 120 620 185 monstrosissimam.

111 246 138 280 At
153 247 188 290 ille,
201 245 291 280 iusticiam
305 251 323 279 et
335 245 427 285 iudicium,
440 245 508 289 vbique
520 244 538 278 in
550 250 600 278 terra
612 243 718 286 collapsum,
731 240 812 275 exaltare

112 299 199 343 cupiens;
212 305 249 333 tam
261 309 324 341 regem
332 309 387 341 quam
398 309 463 331 omnes
471 298 575 341 Anglorum
584 296 678 340 principes
688 295 759 329 iusticie
767 293 812 337 legi-

112 352 148 386 bus
160 352 267 387 submittere
281 351 355 385 curauit.
378 350 453 393 Iterum,
467 351 514 385 sicut
528 350 577 393 olim,
588 361 598 383 a
611 349 705 394 plerisque
719 347 813 388 nobilium,

113 406 203 439 malorum
216 410 277 439 satore
292 404 402 445 stimulante,
415 404 434 437 in
449 415 549 448 prosperos
566 403 658 437 Dunstani
673 412 771 436 successus
785 405 814 434 est

95 469 104 499 5
113 458 208 500 offensum,
217 462 235 491 et
243 457 286 501 regi,
294 461 313 491 vt
321 468 332 490 a
340 457 432 491 consortio
440 457 513 491 illorum
521 457 624 501 pelleretur,
632 456 678 490 falsa
687 454 813 489 criminatione

113 515 224 553 suggestum.
253 510 295 542 Rex
310 514 377 550 autem,
393 510 435 552 plus
450 510 528 543 honesto
543 509 593 543 falsis
608 510 691 542 fauorem
706 507 813 548 attribuens,

113 564 235 605 Dunstanum,
247 568 266 596 et
277 563 332 596 rebus
343 568 362 595 et
373 563 431 607 gratia
442 563 493 607 regia
503 563 601 607 priuatum,
613 574 624 595 a
635 562 685 596 curia
699 558 814 606 proturbari¹

112 616 167 651 iubet.
191 616 308 650 Adueniente
315 626 359 650 vero
370 616 423 649 tertia
432 616 478 658 luce,
487 626 521 650 rex
528 621 615 650 venatum
624 625 710 659 pergens,
718 624 753 658 per
760 613 814 647 deuia

113 680 186 714 queque
198 668 298 713 fugientem
310 679 385 703 ceruum
398 668 484 703 insectari
498 668 551 712 cepit.
575 668 631 703 Omni
644 668 719 702 tandem
732 665 814 711 fugiendi

85 732 105 754 10
113 722 197 756 libertate
210 727 280 765 negata,
293 722 352 755 bestia
365 721 481 764 precipitium
492 722 585 764 quoddam
598 722 676 755 arduum
688 726 707 755 et
720 721 814 754 excelsum

112 775 166 808 valde
174 774 225 818 petit,
233 773 274 816 ruit,
281 779 299 808 et
306 773 326 808 in
334 779 397 818 partes
405 773 537 808 minutissimas
545 774 622 808 contrita
629 773 710 817 deperit3
723 777 741 807 et
748 783 814 807 canum

113 828 230 871 sequentium
245 827 310 861 similis
325 827 408 861 interitus
426 827 492 862 euenit.
515 827 598 871 Cumque
614 837 677 870 regem
694 826 736 860 illuc
756 836 814 870 equus

113 881 219 922 adueheret,
234 880 274 914 viso
293 880 376 914 cominus
392 882 441 924 quod
460 892 494 924 pre
512 891 533 914 se
552 881 624 914 fortuna
642 884 719 923 pararat,
738 878 814 913 retraxit

113 932 201 976 habenas,
209 938 302 968 vectorem
315 932 410 967 reflectere
422 933 478 967 nisus.
501 933 526 966 Et
537 943 585 975 ecce,
593 932 652 976 ruptis
664 936 740 976 repente
751 931 814 974 frenis,

86 996 105 1027 15
115 995 178 1029 regem
185 985 244 1020 veloci
255 995 310 1019 cursu
320 995 379 1029 equus
389 990 475 1029 asportat.
497 985 578 1019 Omnino
590 985 645 1028 igitur
655 985 679 1018 de
690 994 711 1018 se
723 983 814 1024 diffidens,

116 1039 184 1072 celeste
195 1038 283 1072 auxilium
294 1038 384 1082 implorat,
392 1038 455 1082 sicque
463 1039 566 1072 confitendo
574 1043 625 1072 orat:
639 1038 700 1071 ‘Deus
711 1047 745 1071 rex
756 1036 814 1070 omni-

114 1097 186 1135 potens,
195 1091 226 1136 qui
238 1101 279 1124 cum
291 1091 317 1125 sis
328 1101 386 1135 super
397 1091 458 1125 omnia
470 1091 560 1132 excelsus,
570 1090 645 1125 humilia
657 1089 739 1135 respicis,
750 1096 768 1124 et
779 1090 815 1123 alta

115 1155 191 1187 semper
200 1145 266 1187 alonge
278 1144 384 1186 cognoscis3
396 1145 460 1177 adesto
470 1156 519 1178 nunc
530 1156 567 1177 non
578 1144 622 1188 regi,
631 1145 663 1177 sed
672 1143 741 1176 homini
749 1143 815 1176 ceteris

115 1197 223 1231 mortalibus
235 1196 294 1236 simili,
306 1197 325 1230 in
337 1207 438 1239 suppremo
449 1197 514 1230 mortis
525 1197 607 1240 periculo
619 1196 731 1237 consistenti,
742 1206 776 1229 nec
787 1206 815 1229 re-

87 1261 106 1281 20
115 1249 218 1282 miniscaris
230 1248 337 1281 iniuriarum
349 1249 400 1282 fideli
413 1254 443 1282 tuo
458 1249 553 1282 Dunstano
566 1260 640 1292 perine
653 1249 754 1282 illatarum:
771 1259 815 1291 quo-

115 1300 164 1345 niam
174 1300 190 1334 si
201 1312 231 1334 me
241 1300 299 1344 ipsius
308 1300 379 1334 meritis
388 1312 399 1334 a
409 1301 492 1345 presenti
500 1307 560 1334 morte
568 1301 663 1345 eripueris,
671 1301 731 1344 quoad
742 1300 816 1333 uiuam2

114 1354 201 1387 deuotum
215 1353 284 1387 metui
299 1353 379 1387 nominis
391 1359 409 1387 et
424 1354 473 1387 illius
487 1354 600 1388 laudatorem
617 1353 703 1387 habebis'
731 1353 815 1387 Necdum

114 1406 170 1451 plene
182 1406 239 1441 verba
251 1406 329 1449 finierat,
343 1418 385 1440 cum
397 1406 465 1440 animal
477 1406 529 1451 quasi
543 1406 605 1441 diuina
617 1417 673 1440 manu
686 1411 783 1449 retentum,
797 1405 816 1440 in

115 1470 187 1494 summo
193 1459 286 1502 voraginis
294 1460 352 1493 fixum
360 1460 450 1494 manebat.
473 1460 525 1493 Tunc
534 1471 567 1494 rex
575 1460 630 1494 corde
638 1459 707 1504 pariter
713 1464 730 1494 et
741 1470 773 1493 ore
781 1460 816 1493 deo

87 1523 95 1544 2
98 1524 106 1554 5
116 1512 183 1556 gratias
195 1511 284 1554 referens,
293 1512 409 1546 Dunstanum
420 1513 486 1547 adesse
495 1512 550 1556 iubet,
558 1517 620 1557 etque
630 1524 664 1557 per
672 1512 723 1546 illum
731 1511 816 1546 diuinitas

117 1570 192 1608 operata
205 1566 233 1604 sit,
246 1576 307 1598 coram
320 1566 404 1598 omnibus
416 1566 497 1608 exponit.
521 1566 544 1598 Et
555 1567 672 1608 apprehensa
683 1567 760 1598 dextera
771 1565 816 1605 eius,

117 1616 210 1650 osculatus
222 1621 250 1649 est
261 1626 307 1657 eam,
319 1615 393 1650 dicens:
405 1615 506 1659 '‘Agnosco,
515 1617 597 1650 virorum
609 1617 729 1659 sanctissime,
742 1616 786 1660 quid
798 1617 817 1650 in

117 1675 135 1704 te
148 1668 271 1703 commiserim
282 1668 335 1712 mali3
348 1680 385 1703 non
397 1670 445 1713 quod
457 1681 491 1713 ego
499 1670 592 1712 voluerim,
605 1671 638 1704 sed
649 1671 697 1714 quod
709 1681 720 1704 a
730 1669 817 1714 pessimis

117 1722 222 1756 hominibus
234 1727 307 1755 coactus
319 1722 337 1755 id
349 1722 429 1756 fecerim.
452 1723 524 1757 Gratias
536 1734 570 1767 ago
582 1723 677 1757 clementie
689 1724 724 1766 dei,
733 1734 768 1767 que
780 1734 817 1757 non

89 1788 108 1816 30
117 1776 177 1809 solum
187 1775 268 1809 debitum
279 1775 334 1808 michi
344 1775 454 1818 supplicium
464 1776 521 1809 noluit
531 1777 605 1818 inferre,
612 1787 677 1810 verum
686 1777 741 1810 etiam
752 1788 763 1810 a
774 1788 817 1819 pre·
832 1798 834 1802 -

117 1827 178 1871 cipitio
188 1826 253 1861 mortis
264 1827 350 1871 eripiens,
359 1827 446 1871 longioris
453 1827 491 1862 vite
502 1828 563 1872 spacia
573 1828 592 1862 in
600 1835 631 1862 tuo
639 1828 713 1862 nomine
721 1829 817 1863 concessit.

117 1880 144 1914 Sit
155 1890 199 1924 ergo
210 1879 298 1923 deinceps
307 1880 397 1914 internos
407 1881 487 1924 perfecte
499 1881 625 1915 familiaritatis
637 1882 737 1925 integritas,
749 1882 772 1916 sit
785 1881 817 1916 ins

116 1932 236 1978 disponendis
247 1932 266 1967 in
278 1933 345 1978 palatio
356 1934 412 1968 rebus
424 1934 482 1968 libera
494 1946 569 1979 semper
580 1935 613 1969 tibi
624 1935 705 1978 facultas,
713 1934 736 1969 sit
748 1935 767 1969 in
779 1940 816 1970 toto

115 1988 218 2030 Anglorum
233 1997 291 2029 regno
306 1987 397 2020 iudicandi
410 1988 458 2021 inter
470 1988 529 2022 virum
542 1994 560 2022 et
574 1988 678 2032 proximum
691 1989 730 2022 eius
745 1999 817 2023 summa

89 2052 107 2083 35
116 2044 203 2083 potestas.
227 2038 249 2072 Et
257 2044 276 2073 vt
287 2038 343 2073 animi
352 2039 388 2073 mei
399 2040 484 2074 affectum
493 2040 541 2075 circa
551 2047 569 2075 te
581 2041 673 2084 cognitum
685 2042 759 2083 habeas,
767 2041 818 2076 illum

118 2092 150 2126 tibi
162 2092 222 2126 locum
234 2090 252 2125 in
264 2103 300 2135 quo
312 2097 330 2126 te
340 2092 428 2136 genitum,
442 2094 543 2135 educatum,
557 2099 686 2128 conuersatum
699 2095 766 2138 accepi,
775 2106 818 2139 per-

117 2151 173 2188 petuo
185 2145 224 2178 iure
236 2144 370 2187 possidendum
377 2147 434 2187 trado,
442 2151 462 2180 vt
470 2148 592 2190 quodcunque
603 2148 625 2181 de
636 2147 667 2180 illo
674 2147 721 2181 velis
732 2152 818 2191 statuere,

117 2198 144 2231 tui
159 2197 229 2231 arbitrii
243 2197 267 2230 sit
282 2197 404 2232 considerare.
427 2198 498 2240 Quodsi
513 2199 552 2232 cius
568 2199 637 2233 ordinis
654 2199 717 2243 [viros]
733 2200 785 2234 cuius
798 2207 818 2234 tu

117 2250 200 2283 habitum
215 2249 270 2292 geris,
286 2249 353 2283 ibidem
369 2251 481 2294 aggregare⁴
495 2251 581 2293 volueris,
597 2251 683 2295 quicquid
698 2252 725 2286 eis
740 2252 759 2285 in
774 2264 818 2296 qua-

89 2316 109 2342 40
117 2314 189 2345 cunque
201 2313 221 2336 re
233 2302 315 2344 defuerit,
328 2314 362 2346 ego
374 2304 398 2336 ob
410 2303 486 2346 gratiam
497 2303 523 2337 tui
535 2304 586 2347 regia
597 2304 705 2338 liberalitate
716 2305 818 2347 supplebo.¹

120 2348 231 2391 Dunstanus
246 2354 301 2399 igitur
314 2355 391 2391 ecclesie
406 2355 525 2391 fundamenta
540 2356 605 2399 iacere,
619 2357 702 2392 officinas
717 2358 818 2394 secundum

118 2410 214 2452 exemplar
229 2408 272 2442 olim
287 2409 322 2443 sibi
337 2415 431 2444 ostensum
447 2416 559 2453 construere,
575 2411 670 2455 egregium
687 2411 818 2447 monachorum

119 2462 214 2504 collegium
227 2462 329 2495 coadunare
343 2462 417 2496 curauit.
440 2463 512 2504 Quibus
524 2463 564 2507 ipse
579 2464 650 2507 primus
665 2464 722 2498 abbas
738 2464 819 2507 effectus,

119 2515 141 2548 ad
155 2520 224 2548 tantam
237 2514 273 2548 vite
285 2515 417 2558 perfectionem
430 2526 495 2549 omnes
508 2516 589 2557 adduxit,
600 2522 620 2550 vt
631 2517 655 2549 ad
667 2526 731 2550 omnes
743 2517 818 2552 circum-

138 2571 172 2601 1Ε.
180 2572 198 2600 Τ.
206 2572 297 2610 perturbari.
327 2572 487 2610 ²E.qu0aduiuam.
514 2574 561 2604 ³om.
570 2574 586 2602 in
592 2574 624 2603 Vit.
651 2573 686 2604 ¹T.
693 2575 711 2604 E.
718 2584 799 2613 agregare.
