1762 2803
238 69 284 125 Ba
299 66 399 121 &anau
415 67 559 130 augustino.
721 82 750 127 97

47 198 98 224 mum
114 191 258 233 preuaricatores
277 191 300 225 ad
316 201 348 225 cor
362 191 466 233 redeuntes,
481 191 535 226 simul
550 189 653 235 conglobati
668 189 749 234 vestigiis

48 243 106 276 sancti
114 243 212 287 Augustini
223 244 349 285 succumbunt,
356 243 469 288 baptismum
480 243 572 278 humiliter
581 244 690 288 flagitantes.
712 243 750 277 Au-

48 295 121 338 gustino
135 297 210 331 tandem
225 297 365 339 interueniente,
378 296 396 330 in
410 297 502 331 vnluersis
517 296 613 341 baptizatis
628 296 676 341 ignis
691 296 750 331 extin-

48 350 118 391 guitur3
135 355 153 383 et
168 351 190 384 ab
205 350 235 384 illa
250 350 280 385 die
295 351 329 384 hec
342 350 400 393 pestis
415 360 426 383 a
441 355 478 384 tota
492 350 526 384 hac
540 350 599 394 patria
613 349 751 384 exterminatur.

49 393 119 436 Oranti
132 403 190 437 semel
202 409 265 437 sancto
276 402 380 447 Augustino
393 403 459 437 Ibesus
470 403 556 438 Christus
569 414 591 438 se
602 404 701 438 ostendere
712 402 770 446 dig-5

49 459 103 488 natus
114 460 147 496 est,
155 461 173 489 et
183 455 267 490 familiari
277 456 386 491 allocutione
397 456 502 491 consolatus
513 462 541 491 est
552 467 594 491 eum
605 456 680 491 dicens:
692 455 752 490 ‘Con-

49 506 121 550 sortare,
134 508 158 542 mi
170 519 224 544 serue
236 510 285 544 bone
297 515 316 544 et
328 510 394 551 fidelis,
405 515 423 544 et
434 509 511 544 viriliter
522 521 567 554 age:
584 510 626 555 quia
637 516 698 544 tecum
710 519 751 543 sum

50 560 135 595 dominus
147 562 192 596 deus
203 567 245 596 tuus
256 562 275 596 in
286 563 336 597 omni
346 568 377 596 tua
387 562 483 598 affectione
488 563 499 604 ¹,
507 568 525 597 et
537 573 591 598 aures
601 573 643 597 mee
653 563 676 596 ad
685 572 752 606 preces

50 617 95 655 tuas,
103 619 122 647 vt
132 625 166 658 pro
177 616 314 660 quibuscunque
326 615 402 660 petieris
413 616 502 651 obtineas.
524 616 565 651 Tibi
576 616 625 651 enim
635 621 686 659 patet
698 616 752 649 ianua

51 671 114 699 eterne
126 667 168 708 vite,
181 668 211 701 vbi
227 678 299 701 mecum
314 668 402 711 gaudebis
417 668 458 701 sine
473 668 522 702 fine!
545 668 623 702 Etcum
637 667 655 701 in
669 667 709 701 loco
720 666 752 701 vbi
762 674 780 697 :o

51 723 141 753 steterunt
153 720 210 764 pedes
222 719 295 760 domini,
308 720 391 755 baculum
403 720 474 755 itineris
487 720 515 755 sui
528 720 605 762 fixisset,
617 720 658 754 sons
668 720 722 754 viuus
734 726 752 753 et

51 770 158 806 indeficiens
174 783 249 807 manare
264 773 317 816 cepit.
340 774 400 815 Quem
415 774 475 806 locum
491 774 514 807 ad
529 779 613 807 eternam
628 777 679 807 tante
696 772 752 816 glorie

51 824 158 860 memoriam
164 836 175 859 a
181 826 273 860 cernendo
279 826 334 860 deum
341 826 423 860 ‘Cernel'
428 826 586 870 appellauit,2quod
591 837 659 860 nomen
666 837 689 860 ex
697 825 754 860 latino

51 877 156 922 hebreoque
164 878 266 912 consectum
275 883 314 912 est:
326 878 374 912 Nam
382 883 401 912 vt
409 878 468 923 prima
475 878 545 923 syllaba
553 889 563 913 a
572 879 664 914 cernendo
673 878 753 919 ‘visum‚'

51 931 76 964 ita
83 941 169 974 sequens,
176 932 198 971 el,
204 933 208 949 ‘
214 932 269 965 deum
274 931 289 950 ¹²
296 936 349 965 sonat
355 932 438 973 ;—modo
443 942 487 965 vero
494 932 542 966 Cern
549 931 619 972 dicitur,
624 937 641 965 et
650 937 678 966 est
685 931 704 965 in
711 941 753 975 pro·
764 937 781 969 ¹5

51 983 112 1017 uincia
120 985 222 1026 dorsetana,
228 994 283 1027 quem
292 984 352 1018 locum
361 989 378 1017 et
387 984 456 1019 iontem
464 995 498 1027 ego
507 984 599 1018 lohannes
605 984 641 1018 vidi
647 984 658 1019 ³.
681 984 710 1018 Ad
719 984 753 1018 hoc

51 1036 107 1070 etiam
119 1036 197 1070 ecclesia
208 1036 227 1070 in
238 1036 313 1071 nomine
324 1037 393 1071 domini
404 1037 506 1079 saluatoris,
517 1040 547 1081 qui
560 1048 580 1071 se
592 1038 660 1070 ibidem
671 1037 754 1070 reuelare

52 1088 183 1131 dignatusest,
197 1089 308 1123 construitur
321 1094 340 1123 et
353 1095 482 1123 consecratur:
500 1101 520 1123 ac
536 1090 603 1123 deinde
618 1089 754 1130 monasterium¹

52 1139 88 1173 iam
102 1140 144 1174 olim
155 1141 174 1174 in
186 1142 256 1175 honore
267 1141 316 1175 beati
328 1142 378 1175 Petri
389 1142 466 1186 apostoli
477 1141 553 1176 edificiis
564 1147 581 1176 et
591 1151 653 1177 rerum
661 1140 755 1186 opulentia

52 1194 168 1228 sublimatum
174 1195 187 1236 ⁴,
199 1194 298 1239 conspicuo
313 1194 332 1229 in
346 1195 481 1239 presentiarum
495 1200 535 1230 cetu
548 1195 604 1239 pollet
617 1195 754 1229 monachorum.
764 1203 783 1225 ²0

54 1240 130 1281 quenis
145 1247 220 1291 quidam
236 1252 345 1289 contractus,
357 1248 424 1282 surdus
436 1253 454 1282 et
465 1254 532 1290 mutus,
544 1259 600 1292 prece
611 1248 670 1282 sancti
679 1248 754 1291 Augus-

52 1299 85 1333 tini
97 1305 180 1334 curatur:
192 1300 295 1344 diriguntur
305 1310 386 1344 gressus,
395 1300 495 1335 absoluitur
502 1300 569 1345 lingua,
579 1311 633 1335 aures
643 1306 754 1335 reserantur.

54 1352 94 1394 Hie,
110 1358 129 1386 vt
148 1358 208 1387 cetera
223 1353 267 1387 vitia
285 1353 363 1387 leuitatis
382 1358 400 1387 et
416 1353 530 1388 scurrilitatis
545 1353 603 1398 ipsius
617 1358 716 1395 taceamus,
730 1353 754 1388 ad

53 1406 150 1439 ecclesiam
161 1406 238 1439 veniens
249 1411 299 1439 tanta
310 1406 415 1449 garrulitate
428 1412 445 1439 et
457 1406 531 1440 lasciuia
542 1406 616 1450 plebem
628 1405 725 1448 afficiebat,
736 1411 755 1439 vt

53 1468 118 1493 omnes
130 1470 162 1493 sua
174 1458 192 1493 in
204 1458 294 1503 probitate
306 1459 442 1493 scandalizaret.
465 1459 541 1493 Etcum
553 1458 593 1493 sine
605 1470 657 1493 mora
667 1458 755 1504 predictis
765 1467 783 1499 ¹5

53 1511 130 1547 vinculis
145 1511 220 1556 grauius
235 1512 321 1547 astrictus
336 1518 396 1553 esset;
415 1513 438 1546 ad
453 1518 537 1546 sanctum
552 1512 581 1546 dei
596 1513 691 1554 adductus,
706 1513 754 1556 quod

53 1564 115 1598 verbis
125 1564 216 1608 nequibat,
225 1564 269 1599 diris
278 1565 364 1608 suspiriis
374 1565 468 1609 deplangit
478 1570 496 1598 et
508 1565 578 1598 eiulans
585 1564 659 1598 veniam
668 1564 756 1609 deposcit.

55 1616 141 1650 Misertus
150 1628 194 1661 ergo
202 1617 316 1661 Augustinus
326 1617 400 1651 miserie
409 1617 454 1659 eius,
462 1617 503 1651 susa
513 1618 535 1652 ad
543 1617 598 1652 deum
606 1627 667 1662 prece,
675 1617 756 1662 perfecte

54 1670 126 1703 sanitati
138 1670 189 1704 illum
202 1671 281 1705 restituit
287 1670 298 1704 ⁵.
344 1664 391 1704 Erat
406 1676 467 1704 autem
480 1671 544 1704 beatus
556 1670 673 1713 Augustinus
687 1675 757 1703 statura

54 1732 148 1766 procerus
159 1723 205 1757 adeo
212 1728 232 1758 vt
243 1734 254 1757 a
265 1722 345 1768 scapulis
356 1723 425 1769 populo
440 1723 598 1768 superemineret;
614 1722 660 1758 facie
673 1722 756 1758 amabilis
766 1731 786 1761 30

55 1781 73 1809 et
91 1777 211 1811 reuerendus.
234 1776 291 1821 Signa
306 1786 350 1811 vero
366 1781 384 1811 et
398 1776 491 1818 sanitates,
507 1775 576 1820 quein
592 1775 660 1820 populo
675 1774 757 1817 iaciebat,

54 1829 115 1863 nullus
126 1840 212 1863 enarrare
221 1834 288 1873 potest.
311 1829 371 1864 Pedes
384 1830 485 1869 incedebat,
495 1829 559 1872 sepius
571 1829 703 1862 discalceatus⁸
714 1839 757 1871 pro-

54 1881 124 1915 uincias
134 1881 228 1924 lustrabat,
236 1887 254 1916 et
263 1881 319 1917 callos
330 1882 349 1917 iu
359 1881 437 1927 genibus
444 1892 478 1926 pro
486 1881 550 1916 crebra
558 1880 691 1926 genuflectione
701 1881 757 1915 habe·

55 1928 203 1968 bat.-⁷Ann0
220 1941 282 1968 autem
298 1935 388 1969 dominice
403 1934 534 1969 incarnationis
552 1934 758 1978 sexcentesimoquarm,

55 1987 171 2031 Augustinus
181 1987 272 2022 ordinauit
284 1988 330 2022 duos
344 1987 447 2033 episcopos¹
458 1987 548 2022 Mellitum
558 1986 643 2022 videlicet
653 1992 672 2022 et
681 1987 758 2022 Iustum.
767 1996 786 2028 35

57 2040 146 2075 Mellitum
154 2040 228 2085 quidem
236 2041 259 2075 ad
269 2041 401 2085 predicandum
412 2040 507 2086 prouincie
521 2040 642 2076 Orientalium
657 2041 758 2081 Sauonum,

56 2094 87 2137 qui
98 2094 180 2128 Thamisi
192 2093 248 2127 fluuio
259 2093 370 2128 dirimuntur
381 2106 391 2128 a
404 2094 476 2136 Cancia,
488 2101 506 2128 et
517 2094 553 2139 ipsi
565 2094 646 2128 orientali
658 2094 704 2129 mari
716 2105 757 2128 con·

56 2147 110 2191 tigui;
122 2157 200 2191 quorum
210 2147 317 2191 metropolis
329 2146 424 2181 Londonia
436 2147 500 2183 ciuitas
512 2152 546 2188 est,
556 2158 614 2191 super
622 2147 681 2191 ripam
692 2147 758 2191 prefati

56 2200 137 2235 fluminis
148 2201 193 2235 sita:
210 2200 231 2233 In
242 2211 277 2244 qua
284 2198 368 2233 videlicet
378 2206 434 2243 gente
444 2206 487 2234 tunc
498 2199 585 2243 temporis
596 2199 690 2240 Sabertus,
698 2210 758 2243 nepos

57 2253 159 2288 Ethelberti
171 2253 225 2296 regis,
236 2253 329 2296 regnabat.
351 2252 386 2285 Vbi
394 2263 438 2286 vero
449 2258 467 2286 et
477 2252 511 2286 hec
519 2251 612 2297 prouincia
620 2251 676 2286 fidem
684 2251 758 2293 Christi,
767 2264 787 2292 40

56 2306 163 2349 predicante
171 2306 246 2347 Mellito,
254 2305 327 2348 accepit,
338 2315 371 2338 rex
383 2305 501 2338 Ethelbertus
512 2305 531 2337 in
539 2305 584 2337 vrbe
593 2304 689 2337 Londonia
700 2304 759 2338 eccle·

57 2358 103 2393 siam
114 2357 172 2393 sancti
182 2358 233 2393 Pauli
245 2357 322 2402 apostoli
333 2356 440 2398 construxit,
448 2357 467 2390 in
476 2368 511 2400 qua
522 2358 582 2390 locum
591 2356 641 2390 sedis
649 2357 760 2401 episcopalis

57 2411 140 2446 instituit.
163 2411 234 2446 lustum
245 2421 290 2445 vero
303 2410 322 2444 in
334 2409 401 2444 Cancia
416 2408 531 2452 Augustinus
546 2408 654 2453 episcopum
669 2410 760 2444 ordinauit

76 2485 206 2517 ¹T.et⁴lecti0ne.
254 2486 288 2516 ²E.
296 2485 359 2515 domini.
406 2483 571 2514 'modo-vidiadded.
621 2483 762 2516 ⁴T.sullimatum.

57 2526 221 2558 ⁵T.restituitillum.
261 2526 405 2557 ⁸T.disea1ciatus.
445 2522 509 2554 'From
517 2524 612 2562 Bedall,3.

403 2584 416 2608 ll
