1762 2803
67 81 69 87 ’
112 101 170 164 584Ι
375 97 499 160 animuin
516 99 547 145 11.

110 221 133 254 de
140 219 207 254 duobus
219 219 269 254 malis
276 220 386 255 tollerabilius
393 226 423 262 ,est
434 221 538 264 eligendum,
546 226 563 255 et
574 221 614 255 ideo
625 221 677 255 laudo
688 221 767 265 quatinus
779 224 811 262 fide

111 270 196 305 catholica
209 277 282 312 seruata,
295 271 363 304 tiranno
376 282 408 314 pro
420 277 496 315 tempore
507 278 525 305 te
538 273 602 305 subdas
614 277 631 305 et
642 272 709 305 instans
721 272 811 312 discrimen

112 320 206 356 dedicionis
225 320 315 355 occasione
334 322 414 356 declines.
437 323 484 356 Nam
499 322 538 357 belli
553 322 628 365 presidio
643 333 678 356 non
693 330 750 366 potest
765 331 812 362 tanta

112 372 172 406 classis
180 373 198 405 in
206 378 283 414 tempore
290 373 379 405 breuitatis
387 373 452 414 repelli,
460 373 501 414 quia
508 379 525 406 et
533 383 564 405 nos
572 373 644 414 inparati
653 383 717 414 sumus,
725 379 742 406 et
752 376 812 408 aduer-

95 421 166 464 5sarius
178 426 245 453 exertus
260 426 286 454 est
301 421 324 453 ad
339 421 423 462 prelium)
444 422 493 454 Abba
507 422 583 455 Floriac.
605 421 710 463 iiCumque
723 423 813 467 episcopus

111 469 183 504 timidus
191 480 223 513 pro
233 470 269 503 vita
279 470 324 513 regis
335 470 369 504 hiis
380 478 398 506 et
406 472 503 506 huiusmodi
515 471 590 506 consiliis
603 478 620 506 et
631 471 707 516 plurimis
718 472 814 511 hortaretur

113 522 194 563 exemplis
206 528 224 554 vt
234 522 320 554 tirannum
331 524 398 556 cautela
411 524 526 556 simulacionis
539 524 625 556 eluderet:
638 533 666 556 rex
679 523 746 566 obstipo
759 526 813 568 capite

113 572 189 612 defigens
200 572 265 605 lumina
276 573 330 613 terris,
342 573 411 615 altaque
422 575 491 607 trahens
506 573 584 615 suspiria,
600 573 687 615 paululum
698 573 784 615 conticuit,
797 583 813 610 et

113 622 138 655 sic
146 621 216 654 demum
220 632 250 654 ora
255 622 324 656 resoluit
332 635 336 656 ι
348 624 373 656 ‘O
381 622 466 666 episcope,
472 623 506 656 viui
511 623 533 656 ad
540 623 557 656 id
562 623 670 665 peruenimus
676 624 722 665 quod
727 635 814 667 nunquam

86 671 163 707 reveriti
175 674 245 705 sumus?
257 683 298 706 ecce
308 673 390 706 barbarus
400 674 467 706 aduena
475 673 551 706 districto
560 683 600 706 ense
608 672 693 706 veteribus
704 673 752 714 regni
763 677 814 709 nostri

115 721 181 755 colonis
188 721 287 765 im[m]inet,
295 729 313 756 et
319 723 450 766 quondamfeliu
456 722 537 765 indigena
542 722 644 766 suspirando
651 732 722 766 gemens
729 728 779 758 tacet.
793 726 815 759 Et

114 773 181 808 vtinam
188 774 206 806 in
213 773 339 815 presenciarum
347 774 421 806 viuendo
429 773 491 816 quique
499 779 590 815 gemerent,
599 784 631 807 nec
638 780 709 807 cruenta
719 773 761 807 cede
772 775 816 818 peri-

113 829 158 862 rent,
173 823 258 866 quatinus,
266 823 321 856 eciam
334 834 362 856 me
373 824 488 864 occumbente,
496 822 596 865 superstites
608 824 668 855 fierent
679 830 696 856 et
708 824 731 856 ad
746 825 816 865 pristine

114 872 201 906 felicitatis
212 873 283 912 gloriam
294 874 405 913 postmodum
416 873 499 904 redirent.¹
522 872 554 904 Cui
565 873 667 914 episcopus:
685 872 749 913 ‘Quos
758 873 816 916 inquit,

88 936 106 966 15
115 933 144 954 rex
156 920 179 953 mi
194 921 307 960 dilectissime,
320 927 369 963 optas
383 922 446 953 habere
459 920 559 963 superstites
568 921 634 963 patrie,
648 931 687 954 cunr
703 922 737 954 iam
752 922 816 956 hostilis

114 970 180 1014 gladius
194 971 223 1003 vix
241 971 317 1014 aliquem
335 971 422 1014 reliquerit
440 971 458 1003 in
476 971 528 1013 plena
545 972 598 1004 vrbe?
622 972 713 1005 Hebetatis
731 973 817 1006 securibus

115 1029 182 1056 tuorum
199 1021 316 1063 cadaueribus,
332 1028 349 1055 te
368 1021 468 1054 destitutum
485 1021 539 1055 milite
553 1021 623 1055 veniunt
638 1021 679 1055 loris
698 1022 817 1065 constringere.

116 1074 229 1114 Quapropter,
243 1072 275 1105 nisi
289 1072 328 1114 fuge
343 1072 423 1113 presidio,
436 1078 465 1105 aut
480 1071 574 1105 dedicionis
587 1072 660 1106 infausto
674 1072 769 1114 patrocinio
781 1083 817 1116 pre-

116 1132 183 1162 caueas,
190 1123 219 1154 hic
230 1122 289 1155 statim
300 1122 373 1155 aderunt
384 1127 457 1155 tortores
468 1120 610 1164 nephandissimi,
619 1122 647 1163 qui
659 1126 675 1154 te
687 1133 726 1155 cum
736 1122 767 1155 tibi
779 1123 818 1156 sub-

89 1187 108 1208 20
116 1170 164 1205 lectis
175 1172 241 1204 auferre
249 1172 271 1204 de
279 1171 336 1204 medio
345 1172 461 1204 conabuntur.¹
483 1172 511 1203 Ad
520 1172 552 1203 hec
559 1181 589 1204 rex
596 1171 715 1205 beatissimus:
728 1171 780 1205 ‘Hoc
787 1179 817 1214 est,

116 1221 145 1261 ait,
153 1221 200 1263 quod
212 1220 290 1254 desidero
301 1226 318 1254 et
326 1220 370 1254 votis
378 1220 457 1254 omnibus
469 1226 561 1263 antepono,
569 1231 590 1254 ne
599 1220 683 1263 supersim
690 1220 733 1255 meis
741 1221 818 1255 fidelibus

117 1269 210 1305 carissimis
221 1276 238 1304 et
249 1270 314 1311 amicis,
323 1281 366 1313 quos
378 1280 417 1303 cum
428 1269 485 1303 liberis
497 1276 514 1302 et
522 1270 602 1303 uxoribus
614 1270 689 1313 perdidit
700 1271 756 1313 pirata
763 1278 819 1304 trucu-

116 1323 177 1354 lentus.
207 1321 231 1353 Et
243 1320 285 1364 quid
298 1320 375 1363 suggeris
387 1327 405 1353 vt
419 1319 436 1352 in
451 1327 527 1354 extremo
542 1320 577 1353 vite
592 1321 678 1355 desolatus
691 1332 730 1355 meo
742 1321 819 1363 satellite,

117 1371 198 1411 fugiendo
209 1372 263 1410 glorie
274 1377 331 1403 nostre
343 1371 407 1403 crimen
419 1371 504 1403 inferam?
526 1371 598 1412 Semper
609 1371 691 1403 delatorie
704 1371 819 1403 accusacionis

90 1436 108 1466 ²⁵
118 1420 234 1461 calumpniam
249 1420 318 1460 euitaui,
329 1430 418 1462 nunquam
429 1420 487 1452 relicte
498 1419 561 1452 milicie
573 1419 636 1462 probra
647 1420 730 1453 sustinui:
746 1427 763 1453 et
776 1430 820 1453 nunc

118 1481 147 1504 ero
155 1470 188 1503 mei
196 1470 300 1503 voluntarius
312 1470 393 1513 proditor,
402 1470 428 1502 cui
440 1481 471 1513 pro
482 1477 541 1503 eterna
548 1470 583 1503 vita
591 1472 712 1514 consequenda
719 1475 736 1503 et
744 1481 820 1504 carorum

118 1520 210 1555 amissione
216 1521 244 1553 lux
251 1521 284 1554 ista
291 1527 317 1553 est
324 1520 407 1554 fastidio?
418 1521 525 1563 Oepiscope,
531 1520 640 1563 omnipotens
645 1532 701 1554 rerum
707 1521 771 1555 arbiter
775 1520 821 1554 testis

119 1571 183 1605 assistit
188 1572 234 1613 quod
242 1583 269 1604 me
277 1571 370 1603 seuviuum
378 1581 408 1604 seu
412 1578 498 1604 mortuum
506 1571 561 1604 nullus
568 1572 654 1613 separabit
662 1572 748 1604 ecaritate
753 1571 820 1612 Christi,

120 1622 167 1655 cuius
186 1621 204 1653 in
222 1621 329 1654 consessione
347 1620 456 1663 baptismatis
473 1620 540 1662 suscepi
557 1621 626 1653 anulum
641 1621 686 1662 fidei,
701 1620 821 1654 abrenunciato

93 1689 112 1718 30
120 1671 194 1705 sathana
212 1676 229 1703 et
247 1670 326 1703 omnibus
343 1670 411 1711 pompis
430 1669 471 1702 eius.
499 1671 530 1702 Ex
547 1671 584 1702 alia
603 1670 678 1711 legenda.
705 1672 760 1703 Decet
778 1669 821 1703 eninr

121 1718 237 1754 Christianum
244 1729 328 1762 quemque
336 1728 404 1761 semper
411 1729 449 1752 esse
460 1728 554 1752 memorem
564 1718 674 1761 professionis
685 1730 721 1762 sue,
729 1725 746 1752 et
754 1718 822 1753 assidua

120 1768 235 1807 meditacione
245 1770 332 1803 reuoluere
344 1770 390 1811 quod
399 1776 464 1812 quanto
474 1770 523 1811 plura
534 1776 551 1802 et
564 1769 630 1803 maiora
644 1771 681 1813 quis
693 1771 758 1813 recepit
770 1782 781 1803 a
793 1770 822 1802 do-

120 1820 172 1859 mino,
191 1826 240 1852 tanto
262 1821 284 1853 de
303 1820 386 1852 uniuersis
405 1825 422 1851 et
441 1820 513 1860 singulis
534 1819 658 1853 districciorem
680 1821 777 1853 redditurus
797 1824 822 1852 est

121 1868 213 1903 racionem.
244 1870 288 1902 Cum
307 1879 348 1910 ergo
366 1868 436 1910 spiritus
454 1869 509 1902 sancti
524 1869 588 1902 trinam
605 1870 701 1911 receperim
717 1870 823 1908 vnccionem,

94 1933 112 1963 35
121 1918 194 1962 primam
206 1918 275 1960 quidem
287 1918 304 1950 in
318 1918 409 1960 baptismo,
422 1919 514 1951 secundant
529 1930 561 1960 per
572 1919 701 1960 imposicionem
716 1930 777 1952 manus
790 1917 823 1959 epi·

121 1967 174 2010 scopi,
186 1968 256 2002 terciam
270 1968 287 2001 in
300 1968 431 2001 consecracione
444 1968 503 2011 regni:
521 1968 598 2012 nunquid
608 1968 671 2003 iustum
683 1976 709 2004 est
720 1975 738 2002 vt
749 1975 788 2012 post
798 1973 823 2001 tot

122 2026 138 2053 et
147 2025 204 2053 tantas
211 2019 278 2060 gracias
285 2019 338 2052 diuini
346 2019 421 2052 muneris
429 2019 510 2062 incipiam
518 2019 586 2052 dnobus
596 2019 670 2052 dominis
680 2018 749 2061 seruire,
757 2026 774 2053 et
785 2018 824 2050 fiam

121 2080 152 2104 vas
164 2075 182 2103 et
192 2069 300 2112 ‘mancipium
311 2069 375 2103 diaboli
386 2069 414 2112 qui
426 2070 480 2103 semel
490 2070 546 2103 factus
558 2081 596 2103 sum
607 2070 690 2112 templum
701 2077 718 2104 et
730 2071 824 2104 membrum

122 2118 198 2152 Christi?
220 2120 305 2152 Tlrannus
312 2121 359 2152 hona
366 2119 451 2161 promittit
458 2120 558 2161 temporalia
565 2120 579 2152 si
587 2129 670 2161 paruero·,
682 2120 696 2152 si
704 2121 824 2156 detrectauero,

95 2184 115 2214 40
123 2167 207 2210 supplicia
214 2167 333 2201 comminatur.
348 2168 407 2201 Vitam
415 2168 493 2201 concedit
502 2179 506 2201 ι
515 2169 548 2201 bac
556 2168 633 2201 nondum
641 2179 701 2211 care03
709 2179 781 2210 regnum
788 2175 825 2209 pro·

123 2217 187 2251 mittit:
203 2218 237 2250 hoc
252 2218 318 2260 habeo;
333 2218 421 2261 pollicetur
434 2229 481 2262 opes,
493 2218 554 2261 quibus
567 2228 603 2251 non
616 2218 685 2262 indigeo
697 2229 729 2253 nec
744 2229 773 2253 eas
786 2226 824 2250 con-

124 2267 198 2310 cupisco.
220 2269 269 2301 Deus
281 2274 338 2301 autem
349 2268 411 2311 estqui
423 2270 470 2301 solus
477 2268 541 2301 vtiliter
551 2269 584 2301 hec
595 2268 622 2301 cui
634 2275 651 2302 et
659 2270 733 2311 quando,
741 2266 825 2311 quomodo

124 2324 141 2352 et
149 2323 233 2361 quantum
243 2318 279 2350 uult
286 2317 366 2351 vniuersa
377 2317 451 2359 largitur,
460 2323 477 2351 et
487 2317 566 2351 fidelibus
577 2317 612 2351 suis
622 2319 733 2362 expediencia
743 2318 826 2351 ministrat

123 2368 147 2401 ad
154 2367 304 2400 habundanciam.’
326 2368 350 2399 Et
360 2367 393 2399 hiis
402 2367 457 2407 dictis,
463 2377 557 2400 conuersus
565 2369 588 2400 ad
595 2368 676 2401 nuncium
683 2369 726 2401 dixit
733 2378 737 2400 :
749 2364 826 2399 ‘Recede

96 2426 115 2458 45
124 2416 197 2451 festinus
208 2421 226 2448 et
236 2414 307 2449 domino
317 2421 347 2449 tuo
357 2415 401 2449 refer
408 2416 454 2457 quod
464 2416 520 2457 legem
531 2416 594 2449 Christi
604 2417 696 2458 professus,
706 2426 738 2459 pro
746 2415 774 2449 illa
784 2410 825 2446 mon'

124 2471 194 2511 paratus
207 2475 251 2508 sum,
264 2465 310 2499 vnde
321 2465 387 2500 nouerit
400 2465 447 2507 quod
461 2464 495 2499 nisi
509 2464 556 2509 prius
569 2466 639 2500 effectus
654 2465 704 2500 fuerit
719 2464 826 2500 christianus,

124 2527 157 2552 nec
171 2527 200 2551 me
214 2526 246 2551 nec
261 2516 343 2560 populum
358 2516 387 2550 dei
400 2516 491 2560 prophano
506 2515 545 2551 duci
561 2516 650 2551 subiciam.
672 2517 696 2550 Et
711 2516 726 2550 si
740 2516 826 2549 thesauros
