1762 2803
66 127 149 169 usna]
252 119 298 176 me
313 118 447 181 penitentia
462 97 574 174 aureati

65 241 143 270 uarietate
150 241 241 278 contexte¹,
248 242 268 272 de
275 242 333 281 quibus
341 242 383 281 ciphi
392 247 408 273 et
415 242 473 280 phiale,
481 247 497 273 et
503 241 608 273 tintinnabula
615 245 631 273 et
638 241 708 278 cimbala,
716 247 732 273 et
738 243 770 274 lilia

66 291 82 317 et
89 288 152 325 spemle
159 289 250 328 pendebant
256 298 309 320 auree.
324 289 368 320 Inter
375 299 414 327 quas
418 289 501 320 multitudo
506 289 574 320 maxima
581 288 673 320 uersabatur
679 289 770 327 angelorum

66 334 154 366 uolancium
165 340 182 366 et
192 345 248 367 aureas
259 336 291 367 alas
302 336 402 373 habencium,
413 337 439 375 qui
450 337 482 368 leui
493 337 546 368 uolatu
556 337 598 367 inter
607 336 682 367 cathenas
692 337 771 374 uolentes,

65 383 175 414 suauissimum
186 389 234 422 atque
247 384 353 414 dulcissimum
364 385 463 415 audientibus
475 385 562 415 reddebant
573 394 634 415 sonum.
676 376 719 414 Cum
732 394 771 422 ergo

65 429 146 462 Tundalus
153 431 240 462 delectatus
247 432 295 461 uellet
302 432 323 461 ibi
330 436 378 467 stare,
385 432 425 462 dixit
433 433 448 462 ei
455 432 531 470 angelus:
543 431 632 470 ‘Respice‘
653 432 673 462 Et
684 432 770 470 respiciens
779 437 788 469 5

65 478 105 507 uidit
112 488 159 508 unam
166 479 238 508 arborem
247 480 331 508 maximam
341 484 357 508 et
367 480 464 515 latissimam,
471 480 552 509 frondibus
562 479 673 508 uiridissimam
683 483 700 508 et
707 479 771 508 [loribus

65 523 186 561 pulcherrimam
193 526 294 564 omniumque
304 526 381 555 fructuum
391 526 476 563 generibus
484 525 604 562 fertilissimam
614 526 630 555 in
638 526 682 556 cuius
689 525 771 555 frondibus

64 581 103 601 anes
114 572 164 603 multe
175 573 274 604 diuersorum
285 572 355 603 colorum
365 577 382 603 et
390 574 488 603 diuersarum
499 582 556 604 uocum
567 573 651 611 generibus
662 577 744 603 cantantes
754 578 770 603 et

65 620 174 656 organizantes
184 620 302 659 moraba[n]tur‚
310 620 339 650 sub
346 620 391 651 cuius
398 620 445 651 ramis
454 620 487 651 lilia
494 624 510 651 et
516 629 553 651 rose
561 625 577 651 et
587 624 677 651 cunctarum
686 620 769 651 herbarum

65 667 185 706 specierumque
191 668 304 699 odoriiemrum
309 677 368 706 genera
374 669 469 699 edebantur.
486 668 569 708 Etlerant]
574 668 612 698 'sub
617 669 673 698 eadem
678 668 735 698 arbme
740 668 770 698 uiri
780 673 799 695 ιο

65 714 110 745 multi
115 715 213 746 etieminein
219 715 263 746 cellis
268 715 321 746 aurcis
326 715 609 754 eteburneis,semper-benedicentes
615 720 631 746 et
637 715 770 746 laudantesdeum

65 771 94 799 pro
101 762 180 793 uniuersis
186 763 267 793 beneficiis
274 762 328 793 suiset
335 763 386 792 donis.
408 763 429 792 Et
435 763 502 793 habebat
509 764 618 800 unusquisque
625 772 699 793 coronam
706 771 770 793 auream
803 766 805 768 '

65 809 82 838 in
92 809 144 847 capite
154 819 184 840 suo
194 809 285 840 mirabiliter
294 813 368 845 ornatam¹
378 813 394 840 ct
403 814 483 849 sceptrum
493 819 559 840 aureum
569 810 586 840 iu
596 819 643 840 manu
653 819 687 847 sua,
698 813 715 840 et
724 814 771 840 erant

65 857 118 886 uestiti
129 858 186 886 talibus
195 857 318 896 in[d]umentis³
325 857 382 894 quibus
392 858 417 886 usi
427 857 474 886 sunt·
481 856 559 887 monachi.
585 857 630 886 Tunc
641 856 663 886 ait
673 856 740 894 angelus
749 857 770 886 acl

64 902 164 934 Tundalum:
175 904 220 933 'Hec
228 904 276 933 arbor
284 903 386 942 [typus]²est
394 908 450 933 sancte
459 904 537 940 ecclesie,
547 904 570 933 bii
577 904 604 941 qui
614 903 644 932 sub
654 913 673 932 ea
682 906 725 939 sunt,
733 913 770 932 con·
780 908 798 939 15

64 953 153 980 structores
159 955 196 981 sunt
203 955 220 980 et
227 950 320 980 defensores
331 951 438 989 ecclesiarum,
446 954 462 981 et
468 961 498 990 pro
505 951 586 982 beneficiis
594 960 625 990 que
632 950 691 981 sanctis
698 949 770 982 ecclesiis

64 998 116 1035 largiti
126 1004 169 1035 sunt,
179 999 292 1029 fraternitatem
303 998 372 1036 ipsorum
384 998 465 1029 consecuti
475 1003 518 1034 sunt,
527 999 564 1037 quia
575 1008 605 1037 per
613 997 675 1029 illorum
685 998 771 1029 commoni-

64 1046 126 1076 cionem
135 1045 222 1076 secularem
233 1045 302 1075 habitum
311 1045 408 1083 reliquerunt
419 1050 436 1075 et
445 1047 518 1083 religiose
528 1046 612 1077 nituerunt·
650 1039 726 1083 Cumque
732 1045 770 1075 inde

65 1093 131 1130 proiecti
142 1097 201 1129 essent,
212 1092 286 1123 uiderunt
296 1101 357 1122 murum
368 1092 456 1128 altitudine,
466 1093 570 1131 pulcritudine
584 1097 600 1122 et
614 1092 700 1129 splendore
713 1092 770 1122 ceteris

65 1140 161 1171 dissimilem.
184 1140 221 1170 Erat
230 1148 299 1178 namque
306 1148 326 1169 ex
334 1139 403 1169 omnium
410 1140 478 1177 lapidum
487 1140 594 1178 preciosorum
604 1139 713 1170 constructus³
720 1139 769 1170 uariis
779 1144 798 1166 πο

64 1187 149 1224 coloribus,
160 1187 227 1218 metallis
241 1186 344 1225 interpositis,
355 1187 377 1217 ita
391 1191 408 1217 ut
420 1187 478 1218 habere
490 1187 571 1217 uideretur
582 1195 637 1216 aurum
649 1196 679 1225 pro
689 1190 767 1217 cemento.

65 1235 133 1273 Lapides
144 1235 178 1265 eius
188 1238 234 1264 erant
245 1233 329 1271 cristallus,
340 1234 424 1270 crisolitus,
434 1234 504 1270 berillus,
514 1234 568 1272 iaspis,
578 1234 660 1270 iacinctus,
670 1234 768 1271 smaragdus,

64 1283 143 1321 saphirus,
147 1281 404 1322 onichlin]us,topasius,sardius.
409 1281 624 1321 crisop[r]assus,ametistus,
631 1280 769 1320 tintachus⁸atque

64 1334 144 1368 granatus.
171 1329 207 1359 iliis
218 1333 234 1359 et
243 1328 334 1368 si(milibus)
342 1329 436 1367 splendebat
445 1338 499 1359 murus
506 1330 557 1364 ualde,
565 1333 581 1359 et
588 1333 650 1359 mentes
657 1328 769 1367 (intucn)cium

64 1377 130 1406 multum
147 1377 164 1405 in
180 1385 199 1405 se
212 1375 312 1412 prouocabat.
339 1375 458 1414 Ascend(entes
473 1376 527 1414 igitur)
541 1384 603 1404 murum
618 1375 701 1415 [uidere]²
714 1375 769 1413 procul
778 1381 797 1411 ²5

64 1424 112 1452 dubio
119 1424 162 1462 quod
169 1422 231 1462 (oculus
238 1431 271 1451 non
279 1422 319 1451 uidit
325 1424 362 1461 nec)
373 1423 415 1453 auris
424 1422 484 1454 audiuit
493 1431 523 1453 nec
532 1423 548 1453 in
558 1430 586 1453 cor
595 1422 670 1460 (hominis
681 1422 769 1458 descendit,

64 1470 104 1512 que)
111 1470 201 1510 preparauit
208 1470 247 1500 deus
254 1470 355 1509 diligentibus
365 1479 387 1501 se.
410 1470 494 1510 (Viderunt
503 1470 524 1501 ibi
532 1470 597 1509 noluem
606 1470 670 1501 ordines
677 1469 769 1509 angelorum

64 1524 81 1549 et
87 1519 169 1550 beatorum
176 1518 258 1556 spirituum
268 1527 303 1548 cum
314 1518 344 1548 illis
355 1519 466 1554 immixtomm,
473 1522 489 1548 et
499 1519 583 1548 audieruut
593 1517 614 1548 ibi
623 1518 671 1548 uerba
678 1517 769 1549 ineffabilia,

63 1577 95 1605 que
105 1577 138 1597 non
148 1570 201 1605 potest
211 1566 302 1601 humanae
312 1565 350 1596 licet
359 1566 423 1602 homini,
434 1567 481 1604 loqui.
503 1567 548 1596 Dixit
558 1566 634 1603 arrgelus:
649 1565 701 1596 *Audi
711 1566 743 1596 iilia
753 1570 769 1596 et

64 1615 101 1644 uide
108 1618 124 1644 et
134 1614 192 1644 inclina
201 1622 255 1643 aurem
266 1618 309 1643 tuam
318 1618 334 1643 et
344 1613 437 1643 obliuiscere
446 1613 522 1650 populum
531 1618 575 1643 tuum
584 1618 600 1642 et
608 1614 672 1642 domum
682 1613 731 1650 patris
740 1613 769 1648 tui,
777 1619 798 1648 30

64 1665 80 1691 et
87 1661 188 1698 concupiscet
195 1669 224 1689 rex
234 1660 307 1689 decorem
315 1664 365 1691 tuum,
386 1660 427 1690 Ecce
436 1664 479 1697 patet
489 1665 547 1698 quanta
556 1660 577 1689 sit
586 1660 668 1696 amenitas,
675 1659 769 1694 iocunditas,

64 1708 139 1745 dignitas,
147 1707 238 1742 sublimitas,
246 1707 324 1737 interesse
333 1706 385 1737 choris
394 1707 486 1744 angelomum
495 1711 512 1736 et
522 1707 591 1736 omnium
599 1711 695 1743 sanctorum,
703 1711 719 1736 et
726 1708 769 1744 quod

64 1764 112 1785 omne
119 1753 191 1793 precellit
201 1754 280 1792 gaudium,
288 1763 324 1784 eum
332 1754 359 1791 qui
369 1754 415 1792 panis
423 1760 448 1784 est
457 1753 549 1791 angelorum
557 1764 576 1784 ac
584 1754 617 1783 uita
627 1754 702 1789 omniurn,
709 1754 769 1783 sentire

63 1801 157 1832 clementem
165 1805 181 1831 et
188 1800 241 1840 pium.¹
261 1801 286 1830 Ab
296 1800 323 1831 illo
330 1801 372 1831 enim
379 1801 414 1831 loco
424 1801 440 1830 in
448 1811 480 1840 quo
487 1806 525 1831 tunc
533 1801 601 1837 stabant,
609 1811 641 1831 non
647 1801 698 1831 solum
705 1810 769 1831 omnem

64 1859 110 1887 quam
115 1853 152 1879 ante
157 1848 304 1886 uiderantgloriam,
309 1858 363 1878 uerum
368 1852 384 1878 et
388 1849 459 1887 predicta
463 1848 539 1887 supplicia
544 1848 646 1885 uidebant,et,
650 1848 692 1886 quud
697 1848 769 1887 [magis]²
777 1854 795 1884 35

64 1898 151 1927 mirandum
158 1900 188 1931 cst,
195 1896 246 1933 ipsum
253 1896 307 1925 orbem
317 1900 394 1925 ten-arum
404 1896 449 1933 quasi
459 1896 489 1924 sub
499 1904 531 1924 uno
540 1896 579 1924 solis
589 1896 633 1925 radio
640 1895 720 1930 uidebant,
727 1895 769 1925 sicut

64 1943 140 1981 scriptum
148 1946 182 1972 est:
192 1942 273 1971 ‘Cernent
280 1946 337 1971 terram
346 1942 366 1971 de
373 1940 431 1980 longe)
451 1942 488 1972 Non
498 1942 539 1972 enim
547 1945 599 1980 potest
607 1941 689 1980 quicquam
696 1945 768 1972 creature

64 1991 116 2020 uisum
123 1990 217 2025 obtundere,
224 1990 249 2019 cui
256 1989 306 2019 semel
314 1998 406 2019 concessum
414 1993 438 2019 est
447 1989 515 2020 omnium
525 1993 611 2019 creatorem
619 1988 679 2019 uidere.
700 1988 721 2019 Et
728 1990 768 2020 miro

64 2039 112 2067 modo
122 2047 157 2067 cum
167 2041 228 2067 starent
238 2037 254 2066 in
265 2036 322 2066 eodem
332 2037 368 2066 loco
378 2037 395 2065 in
405 2046 437 2075 quo
447 2037 491 2075 prius
499 2041 583 2072 steterant,
590 2046 622 2067 non
633 2046 651 2066 se
660 2040 742 2067 uertentes
751 2037 768 2067 in

64 2085 132 2122 aliquam
139 2088 205 2122 partem,
212 2088 278 2114 cunctos
288 2088 341 2114 tamen
352 2093 373 2113 ex
380 2085 436 2114 eodem
445 2084 481 2114 loco
491 2088 528 2114 ante
539 2088 555 2113 et
566 2088 609 2113 retro
619 2084 680 2123 positos
687 2083 767 2115 uidebant.
776 2091 797 2121 40

64 2133 101 2161 Non
112 2132 164 2162 solum
175 2136 228 2162 autern
240 2132 288 2168 uisus,
300 2140 355 2161 uemm
366 2131 415 2161 eciam
426 2140 479 2161 rerum
488 2131 558 2161 sciencia
565 2131 631 2161 dabatur
640 2131 708 2172 insolita,
719 2131 768 2161 itaut

64 2188 97 2208 non
105 2182 148 2208 esset
158 2178 179 2207 ibi
190 2187 230 2216 opus
240 2178 339 2214 interrogare
348 2178 415 2214 amplius
425 2177 482 2215 aliqua,
489 2181 514 2207 set
524 2178 577 2207 omnia
587 2177 647 2207 sciebat
657 2177 678 2207 ibi
687 2177 769 2207 Tundalus

63 2229 119 2263 aperte
130 2229 146 2255 et
156 2225 219 2262 integre
229 2233 322 2262 quecunque
333 2224 401 2255 uolebat.
443 2216 487 2255 Cum
497 2228 550 2254 autem
561 2224 584 2254 ita
595 2228 639 2254 essct
650 2223 672 2254 ibi
681 2224 768 2260 Tundalus,

64 2272 108 2303 assuit
122 2271 153 2303 ibi⁷
164 2275 229 2303 sanctus
240 2271 327 2303 Ruadanus
341 2270 427 2307 consessor,
438 2281 473 2302 cum
488 2281 545 2310 magun
555 2271 608 2303 leticia
617 2271 688 2303 salutans
699 2280 741 2308 eum,
751 2276 768 2302 et

64 2321 162 2358 amplectens
168 2320 224 2349 intime
234 2319 303 2349 caritatis
312 2320 400 2350 uisceribus
409 2319 441 2350 aitr
452 2319 541 2350 ‘Dominus
549 2320 626 2350 custodiat
635 2319 716 2350 introitum
724 2323 768 2349 tuum
775 2326 794 2358 45

64 2372 81 2397 et
88 2368 147 2397 exitum
154 2372 198 2397 tuum
206 2367 263 2396 exhoc
270 2376 313 2396 nunc
320 2371 336 2396 et
343 2367 417 2404 usquein
424 2366 499 2398 seculum.
514 2367 549 2404 Ego
555 2376 590 2396 sum
598 2368 685 2396 Ruadanus
691 2370 768 2404 patronus

64 2418 107 2449 tuus,
113 2413 164 2454 [cui]⁶
169 2413 203 2443 iure
211 2413 297 2443 debitores
304 2413 396 2451 sepulture.'
413 2414 434 2443 Et
441 2423 476 2444 cum
481 2415 512 2444 hoc
517 2414 589 2449 ditasset,
594 2414 638 2443 stetit
645 2413 693 2443 nichil
700 2413 768 2451 amplius

64 2462 124 2490 dicens.
147 2461 229 2490 Tuudalus
239 2464 292 2490 autem
304 2460 396 2498 respiciens,
406 2461 446 2491 uidit
459 2464 530 2491 sanctum
542 2460 626 2491 Patricium
636 2460 767 2490 Hiberniensium

84 2526 229 2559 ¹Sch.contextis.
288 2525 336 2557 ¹om.
393 2526 427 2558 ³T.
436 2527 549 2559 instrumentis.
607 2526 765 2558 ⁴VB.antenisim.

63 2567 217 2600 ⁸T.constructum.
257 2566 375 2598 ‘atturmtus
413 2566 479 2600 'atei
520 2568 600 2607 'Regu
