1762 2803
248 122 294 177 mo
308 119 409 173 bonno
425 118 558 171 delumbe.
713 134 754 166 201

55 243 97 276 dam
109 243 183 277 diuitem
194 245 217 278 de
227 244 281 278 malis
292 244 330 278 suis
342 244 446 287 corriperet,
454 249 472 278 et
483 243 514 277 ille
525 242 662 288 paruipendens
674 248 757 277 sanetum

55 296 182 340 subsannaret,
190 298 218 331 vir
226 298 255 331 dci
263 299 299 332 ait:
312 297 393 331 ‘Inimici
400 298 427 331 tui
434 297 526 341 periment
533 302 551 331 te
559 296 578 330 in
587 295 669 330 cubiculo
676 300 708 330 tuo
716 305 758 330 cum

55 350 150 382 meretrice
162 352 264 392 cubantem,
276 356 294 384 et
306 350 394 383 demones
406 351 428 383 ad
440 351 480 384 loca
492 359 582 393 penarum
594 350 666 392 rapient
678 348 758 382 animam

55 402 115 434 tuam.⁵
133 401 156 434 Et
168 402 193 435 ita
204 402 271 436 sactum
282 394 439 436 est-quenis
450 401 509 435 adhuc
520 402 600 444 discens,
611 411 652 434 cum
664 401 727 434 vinum
739 400 757 433 in

55 453 112 487 missa
123 455 215 498 deficeret,
225 461 339 500 assumptam
351 465 417 500 aquam
429 456 522 489 benedixit
534 461 551 489 et
562 454 581 489 in
593 455 656 489 vinum
669 455 775 498 optimum5

56 507 149 542 conuertit.
169 508 226 543 Poma
233 509 328 543 cuiusdam
336 508 406 543 arboris
414 519 481 551 amara,
489 509 616 543 benedictione
624 518 658 543 sua
666 507 684 542 in
693 508 758 542 miram

56 560 171 595 dulcedinem
185 563 245 595 subito
256 572 311 597 versa
325 567 372 597 sunt
396 562 516 597 Diuersorum
528 572 601 606 quoque
616 562 715 605 languores
730 561 758 595 in·

56 613 150 648 firmorum
163 616 247 650 inuocato
261 616 328 651 Christi
342 616 416 650 nomine
430 616 511 651 sanauit:
528 615 575 650 Nam
589 621 620 650 aut
635 625 701 650 manus
716 624 757 660 pro-

56 670 139 701 tensione
144 667 155 710 ¹,
164 674 194 702 aut
202 680 249 712 aqua
258 670 281 702 ab
291 680 313 703 eo
322 669 417 703 benedicta
425 669 482 713 egroti
492 669 555 712 plures
562 669 639 712 aspersi,
647 674 678 702 aut
686 668 758 702 limbrie

56 720 95 752 eius
109 725 162 760 tactu,
172 726 202 754 aut
216 731 263 763 pane
275 721 371 754 benedicto
384 726 402 754 et
414 721 489 763 limphis
502 721 578 753 intincto
590 725 670 763 accepto,
682 720 757 762 plenam
767 726 786 748 10

56 771 152 805 credentes
163 773 240 807 salutem
249 779 385 817 recuperarunt.
430 765 484 806 Libri
496 773 519 805 de
531 783 586 805 manu
598 773 657 805 sancti
669 772 758 805 Columbe

56 824 125 868 scripti,
137 825 156 858 in
168 828 220 869 aquis
232 836 277 870 sepe
290 827 387 868 submersi,
400 826 430 859 dei
441 827 508 859 virtute
521 830 609 869 operante
621 826 713 868 eorrumpi
724 835 758 858 nec

57 876 93 910 ledi
102 878 192 912 vllatenus
202 883 305 922 potuerunt.
351 871 457 913 Deficiente
468 888 516 921 aqua
527 878 550 911 ad
561 877 690 921 baptizandum
702 888 759 922 quen-

56 930 98 964 dam
107 941 190 974 puerum,
198 932 245 965 sacta
255 932 336 966 oratione
346 941 411 976 rupem
420 931 522 975 percussit:
534 936 552 965 et
563 940 610 974 aqua
620 930 759 964 habundanter¹

56 982 133 1017 ebullire
149 985 200 1027 cepit.
247 977 270 1018 In
286 984 378 1028 prouintia
393 983 485 1017 Pictorum
497 984 520 1017 de
533 983 612 1030 quodam
627 983 677 1017 fonte
690 983 758 1017 audiuit
768 991 787 1022 15

57 1046 112 1078 quem
121 1036 175 1080 plebs
185 1037 259 1080 gentilis
271 1037 322 1080 quasi
334 1037 389 1070 deum
398 1037 531 1070 venerabatur:
544 1036 591 1069 Nam
600 1037 624 1069 de
634 1037 700 1070 eodem
710 1036 759 1070 sonte

56 1087 140 1122 bibentes
152 1094 183 1123 aut
194 1099 260 1123 manus
271 1089 301 1123 vel
313 1089 371 1132 pedes
382 1088 471 1131 lauantes,
479 1088 586 1122 demoniaca
597 1089 632 1122 deo
642 1088 760 1132 permittente

56 1146 95 1173 arte
107 1143 195 1185 percussi,
203 1147 234 1176 aut
243 1142 311 1185 leprosi
322 1147 352 1176 aut
363 1142 409 1175 lusci
418 1146 448 1175 aut
456 1142 527 1176 debiles
537 1146 567 1175 aut
576 1141 616 1175 aliis
624 1141 759 1175 infirmitatibus

57 1193 127 1227 detenti
139 1200 201 1237 erant;
218 1195 241 1228 ob
252 1195 287 1229 hoc
300 1195 370 1228 seducti
381 1194 461 1238 gentiles
472 1194 555 1229 diuinum
567 1194 656 1228 honorem
670 1194 715 1228 sonti
728 1194 760 1228 de·

57 1245 145 1280 ferebant.
167 1248 197 1281 Ad
213 1258 268 1291 quem
282 1248 311 1282 vir
327 1248 356 1281 dei
375 1248 470 1290 accedens,
486 1257 527 1281 cum
546 1248 660 1281 inuocatione
679 1247 759 1281 nominis
768 1256 787 1278 ιο

58 1298 125 1333 Christi
137 1299 206 1334 sontem
218 1302 300 1345 signans,
308 1311 374 1334 manus
384 1305 402 1334 et
411 1301 469 1344 pedes
480 1300 523 1334 lauit
532 1306 550 1334 et
562 1311 603 1333 cum
615 1301 669 1334 sociis
677 1301 700 1333 de
712 1310 759 1345 aqua

57 1352 112 1387 bibit:
124 1353 154 1387 Ab
162 1354 194 1388 illo
203 1354 232 1388 die
240 1355 340 1388 demonum
350 1354 441 1388 infestatio
450 1365 461 1387 a
471 1353 511 1387 loco
521 1354 553 1387 illo
563 1354 653 1395 discessit,
661 1359 679 1387 et
691 1354 759 1388 infirmi

57 1406 109 1439 multi
121 1417 154 1450 per
165 1409 245 1441 eundem
257 1407 326 1441 sontem
338 1407 396 1440 sanati
408 1412 456 1441 sunt.
506 1399 530 1440 In
540 1416 607 1449 magna
615 1407 759 1450 maristempes-

57 1462 93 1492 tate
106 1458 196 1504 nauigans
206 1459 234 1494 vir
247 1465 326 1503 sanctus,
338 1460 402 1494 eadem
414 1458 459 1493 hora
470 1469 506 1503 qua
516 1459 535 1493 in
547 1469 603 1504 prora
614 1464 665 1494 stans
677 1459 760 1494 extensis

57 1512 80 1545 ad
90 1512 149 1546 celum
158 1514 243 1547 manibus
253 1514 308 1547 deum
318 1518 402 1546 exoraret
407 1511 419 1555 ³,
426 1513 474 1546 <licto
482 1513 535 1546 citius
545 1518 647 1556 tempestas
655 1513 734 1555 sedatur,
742 1518 760 1546 et
769 1521 788 1552 25

58 1565 179 1609 tranquillitas
189 1565 277 1601 redditur.
328 1559 428 1600 Maleficus
437 1566 511 1610 quidam
521 1576 582 1600 coram
591 1566 630 1600 viro
640 1565 669 1600 dei
680 1566 703 1600 de
713 1566 760 1600 boue

58 1618 140 1652 masculo
148 1625 186 1654 arte
195 1619 283 1653 diabolica
291 1619 318 1653 lac
326 1619 428 1663 expressit:
440 1620 463 1653 ad
471 1620 583 1662 presentiam
591 1624 652 1653 tamen
661 1619 694 1653 viri
703 1619 761 1654 sancti

58 1671 86 1704 lac
97 1672 142 1705 illud
154 1673 233 1713 allatum,
241 1673 260 1706 in
272 1679 356 1706 naturam
367 1674 471 1716 propriam⁴
479 1673 574 1716 sanguinis
582 1679 667 1706 mutatur.
714 1665 761 1707 Per-

58 1730 152 1759 secutores
172 1726 290 1760 ecclesiarum
304 1726 333 1759 vir
348 1726 377 1760 dei
396 1726 571 1767 excommunicauit;
591 1735 668 1769 quorum
687 1726 761 1769 quidam

58 1777 145 1809 instinctu
157 1778 223 1810 diaboli
234 1789 276 1810 cum
287 1779 339 1811 hasta
351 1779 429 1819 irruens,
443 1784 527 1811 sanctum
539 1779 643 1812 interficere
656 1779 760 1812 conabatur.
770 1786 789 1814 5⁰

59 1829 112 1870 Quod
123 1840 226 1873 precauens
235 1841 284 1864 vnus
295 1841 319 1864 ex
330 1830 422 1872 fratribus,
430 1836 449 1863 et
456 1831 502 1863 mori
510 1841 545 1873 pro
553 1836 616 1864 sancto
624 1836 704 1874 paratus,
713 1832 760 1864 eius-

59 1892 94 1925 que
110 1882 180 1917 cuculla
194 1883 274 1925 indutus,
289 1883 398 1918 intercessit.
420 1882 443 1917 Et
457 1893 499 1917 ecce
514 1883 562 1917 beati
574 1883 609 1917 viri
620 1883 677 1917 vestis
683 1882 694 1925 ³,
708 1883 760 1927 quasi

59 1937 137 1979 quedam
154 1937 298 1980 impenetrabilis
317 1937 378 1979 lorica,
395 1935 435 1971 forti
454 1936 565 1980 impulsione
584 1936 689 1971 acutissime
708 1936 760 1971 haste

58 1990 141 2033 transfigi
156 2000 194 2023 non
209 1990 271 2033 potuit,
285 1990 318 2024 sed
332 1990 384 2023 illesa
399 1990 506 2033 permansit,
518 1995 537 2023 et
549 1990 580 2034 qui
595 1999 617 2023 ea
629 1989 703 2023 indutus
715 1995 760 2031 erat,

58 2043 155 2076 incolumis
163 2043 194 2076 illa
200 2047 252 2076 veste
259 2047 352 2086 protectus
360 2049 393 2077 est.
416 2042 466 2077 Infra
477 2053 546 2077 annum
556 2042 656 2077 sceleratus
665 2042 696 2076 ille
706 2043 760 2076 hasta
768 2048 787 2080 35

58 2097 159 2129 transfixus
171 2095 244 2129 interiit.
289 2088 340 2130 Cum
353 2096 412 2128 adhue
424 2096 497 2128 iuuenis
510 2094 529 2128 in
543 2096 604 2129 Scotia
615 2101 760 2136 conuersaretur,

59 2148 159 2182 sceleratus
179 2148 252 2193 quidam
270 2147 370 2193 lugientem
389 2148 469 2191 puellam
487 2148 636 2192 persequebatur.
659 2147 699 2190 Que
718 2158 760 2182 cum

59 2202 167 2244 magistrum
182 2202 229 2235 beati
246 2201 334 2235 Columbe
349 2201 368 2235 in
387 2211 452 2245 campo
471 2200 563 2244 legentem
578 2200 660 2242 vidisset,
675 2200 699 2235 ad
717 2210 760 2235 eum

59 2253 166 2296 quantocius
182 2253 238 2298 sugit;
256 2254 389 2297 superueniens
404 2259 466 2288 tamen
482 2258 589 2297 persecutor
603 2253 684 2297 puellam
696 2253 760 2288 lancea

58 2306 150 2351 iugulauit.
173 2307 196 2342 Et
204 2307 228 2341 ait
233 2307 321 2342 Columba
328 2308 415 2352 magistro
423 2317 467 2341 suo:
480 2306 561 2341 ‘Eadem
569 2306 614 2340 hora
622 2316 658 2352 qua
665 2306 760 2341 interfecte
768 2314 789 2345 40

59 2362 82 2394 ab
93 2372 116 2395 eo
127 2362 188 2405 puelle
199 2362 259 2396 anima
270 2362 293 2395 ad
304 2361 354 2395 celos
367 2360 455 2403 ascendit,
464 2360 525 2395 anima
536 2360 595 2405 ipsius
605 2360 727 2396 interfectoris
737 2362 760 2396 ad

59 2414 129 2460 inferos
139 2414 249 2448 descendet!
272 2414 295 2448 Et
307 2413 354 2447 dicto
364 2414 416 2447 citius
428 2424 469 2447 cum
480 2413 543 2456 verbo,
551 2413 598 2448 sicut
606 2412 690 2448 Ananias
700 2425 761 2449 coram

60 2467 120 2511 Petro,
135 2468 161 2501 sic
176 2473 194 2502 et
208 2468 238 2502 ille
253 2467 343 2512 iugulator
357 2477 418 2502 coram
433 2467 491 2502 oculis
508 2466 566 2502 sancti
580 2466 652 2503 iuuenis
668 2479 762 2511 corruens,

59 2547 226 2617 ⁵1¹3Eptrotentione.
267 2547 410 2579 “Tabundanlen
451 2546 497 2577 3Αᾱ.
506 2547 582 2578 exoravit.
633 2547 761 2587 *Eproprium

91 2597 128 2618 .ves
136 2596 158 2617 es.
