<?xml version="1.0" encoding="UTF-8"?>
<!DOCTYPE html PUBLIC "-//W3C//DTD XHTML 1.0 Transitional//EN"
    "http://www.w3.org/TR/xhtml1/DTD/xhtml1-transitional.dtd">
<html xmlns="http://www.w3.org/1999/xhtml" xml:lang="en" lang="en">
 <head>
  <title>
</title>
<meta http-equiv="Content-Type" content="text/html;charset=utf-8" />
  <meta name='ocr-system' content='tesseract 3.04.00' />
  <meta name='ocr-capabilities' content='ocr_page ocr_carea ocr_par ocr_line ocrx_word'/>
</head>
<body>
  <div class='ocr_page' id='page_1' title='image "./MN5111ucmf_0/MN5111ucmf_0_0417.png"; bbox 0 0 1762 2803; ppageno 0'>
   <div class='ocr_carea' id='block_1_1' title="bbox 136 129 768 191">
    <p class='ocr_par' dir='ltr' id='par_1_1' title="bbox 136 129 768 191">
     <span class='ocr_line' id='line_1_1' title="bbox 136 129 768 191; baseline -0.016 -6"><span class='ocrx_word' id='word_1_1' title='bbox 136 131 182 187; x_wconf 64' lang='lat' dir='ltr'>br</span> <span class='ocrx_word' id='word_1_2' title='bbox 197 129 296 182; x_wconf 58' lang='lat' dir='ltr'>aanor</span> <span class='ocrx_word' id='word_1_3' title='bbox 313 129 446 181; x_wconf 73' lang='lat' dir='ltr'>uomunoo</span> <span class='ocrx_word' id='word_1_4' title='bbox 461 137 519 190; x_wconf 70' lang='lat' dir='ltr'>tior</span> <span class='ocrx_word' id='word_1_5' title='bbox 534 130 559 181; x_wconf 73' lang='lat' dir='ltr'>rt</span> <span class='ocrx_word' id='word_1_6' title='bbox 573 132 689 191; x_wconf 66' lang='lat' dir='ltr'>mertare.</span> <span class='ocrx_word' id='word_1_7' title='bbox 723 144 768 187; x_wconf 76' lang='lat'>327</span> 
     </span>
    </p>
   </div>
   <div class='ocr_carea' id='block_1_2' title="bbox 59 248 794 2403">
    <p class='ocr_par' dir='ltr' id='par_1_2' title="bbox 59 248 794 2403">
     <span class='ocr_line' id='line_1_2' title="bbox 66 248 767 296; baseline -0.006 -10"><span class='ocrx_word' id='word_1_8' title='bbox 66 261 143 296; x_wconf 84' lang='lat' dir='ltr'>regnum</span> <span class='ocrx_word' id='word_1_9' title='bbox 151 249 240 295; x_wconf 90' lang='lat' dir='ltr'>promittit</span> <span class='ocrx_word' id='word_1_10' title='bbox 248 251 297 294; x_wconf 91' lang='lat' dir='ltr'>quod</span> <span class='ocrx_word' id='word_1_11' title='bbox 305 250 374 292; x_wconf 78' lang='lat' dir='ltr'>habeo3</span> <span class='ocrx_word' id='word_1_12' title='bbox 386 259 432 293; x_wconf 91' lang='lat' dir='ltr'>opes</span> <span class='ocrx_word' id='word_1_13' title='bbox 440 249 524 284; x_wconf 90' lang='lat' dir='ltr'>conferre</span> <span class='ocrx_word' id='word_1_14' title='bbox 535 248 658 293; x_wconf 88' lang='lat' dir='ltr'>cupitquibus</span> <span class='ocrx_word' id='word_1_15' title='bbox 665 259 702 283; x_wconf 91' lang='lat' dir='ltr'>non</span> <span class='ocrx_word' id='word_1_16' title='bbox 711 250 767 292; x_wconf 70' lang='lat' dir='ltr'>egeo)</span> 
     </span>
     <span class='ocr_line' id='line_1_3' title="bbox 66 300 768 345; baseline -0.004 -7"><span class='ocrx_word' id='word_1_17' title='bbox 66 304 89 338; x_wconf 89' lang='lat' dir='ltr'>Et</span> <span class='ocrx_word' id='word_1_18' title='bbox 97 303 209 338; x_wconf 87' lang='lat' dir='ltr'>conuersus¹</span> <span class='ocrx_word' id='word_1_19' title='bbox 219 304 242 337; x_wconf 90' lang='lat' dir='ltr'>ad</span> <span class='ocrx_word' id='word_1_20' title='bbox 252 302 329 337; x_wconf 78' lang='lat' dir='ltr'>nuncIos</span> <span class='ocrx_word' id='word_1_21' title='bbox 339 302 374 337; x_wconf 88' lang='lat' dir='ltr'>ait:</span> <span class='ocrx_word' id='word_1_22' title='bbox 387 301 495 336; x_wconf 86' lang='lat' dir='ltr'>‘Madefacti</span> <span class='ocrx_word' id='word_1_23' title='bbox 505 312 571 337; x_wconf 89' lang='lat' dir='ltr'>cruore</span> <span class='ocrx_word' id='word_1_24' title='bbox 580 311 670 343; x_wconf 87' lang='lat' dir='ltr'>meorum,</span> <span class='ocrx_word' id='word_1_25' title='bbox 678 300 768 345; x_wconf 89' lang='lat' dir='ltr'>supplicio</span> 
     </span>
     <span class='ocr_line' id='line_1_4' title="bbox 66 353 767 401; baseline -0.001 -12"><span class='ocrx_word' id='word_1_26' title='bbox 66 356 115 401; x_wconf 83' lang='lat' dir='ltr'>digni</span> <span class='ocrx_word' id='word_1_27' title='bbox 128 356 184 398; x_wconf 66' lang='lat' dir='ltr'>estis,</span> <span class='ocrx_word' id='word_1_28' title='bbox 199 357 232 389; x_wconf 89' lang='lat' dir='ltr'>sed</span> <span class='ocrx_word' id='word_1_29' title='bbox 245 356 300 399; x_wconf 91' lang='lat' dir='ltr'>plane</span> <span class='ocrx_word' id='word_1_30' title='bbox 312 354 380 389; x_wconf 87' lang='lat' dir='ltr'>Christi</span> <span class='ocrx_word' id='word_1_31' title='bbox 392 355 428 389; x_wconf 91' lang='lat' dir='ltr'>mei</span> <span class='ocrx_word' id='word_1_32' title='bbox 442 355 549 398; x_wconf 83' lang='lat' dir='ltr'>exemplum</span> <span class='ocrx_word' id='word_1_33' title='bbox 560 359 641 397; x_wconf 89' lang='lat' dir='ltr'>secutus,</span> <span class='ocrx_word' id='word_1_34' title='bbox 655 353 698 388; x_wconf 92' lang='lat' dir='ltr'>nolo</span> <span class='ocrx_word' id='word_1_35' title='bbox 711 363 767 398; x_wconf 87' lang='lat' dir='ltr'>puras</span> 
     </span>
     <span class='ocr_line' id='line_1_5' title="bbox 65 405 767 452; baseline -0.003 -10"><span class='ocrx_word' id='word_1_36' title='bbox 65 408 156 443; x_wconf 85' lang='lat' dir='ltr'>maculare</span> <span class='ocrx_word' id='word_1_37' title='bbox 166 419 237 450; x_wconf 92' lang='lat' dir='ltr'>manus,</span> <span class='ocrx_word' id='word_1_38' title='bbox 248 408 279 452; x_wconf 90' lang='lat' dir='ltr'>qui</span> <span class='ocrx_word' id='word_1_39' title='bbox 288 418 322 451; x_wconf 87' lang='lat' dir='ltr'>pro</span> <span class='ocrx_word' id='word_1_40' title='bbox 334 408 373 441; x_wconf 92' lang='lat' dir='ltr'>eius</span> <span class='ocrx_word' id='word_1_41' title='bbox 384 407 459 441; x_wconf 87' lang='lat' dir='ltr'>nominc</span> <span class='ocrx_word' id='word_1_42' title='bbox 471 407 549 441; x_wconf 83' lang='lat' dir='ltr'>libenter</span> <span class='ocrx_word' id='word_1_43' title='bbox 560 413 635 451; x_wconf 89' lang='lat' dir='ltr'>paratus</span> <span class='ocrx_word' id='word_1_44' title='bbox 647 417 688 440; x_wconf 92' lang='lat' dir='ltr'>sum</span> <span class='ocrx_word' id='word_1_45' title='bbox 700 405 767 441; x_wconf 83' lang='lat' dir='ltr'>vestris</span> 
     </span>
     <span class='ocr_line' id='line_1_6' title="bbox 65 459 784 504; baseline -0.004 -8"><span class='ocrx_word' id='word_1_46' title='bbox 65 461 106 496; x_wconf 87' lang='lat' dir='ltr'>telis</span> <span class='ocrx_word' id='word_1_47' title='bbox 120 461 233 495; x_wconf 87' lang='lat' dir='ltr'>occumbere.</span> <span class='ocrx_word' id='word_1_48' title='bbox 257 460 298 495; x_wconf 89' lang='lat' dir='ltr'>Hec</span> <span class='ocrx_word' id='word_1_49' title='bbox 307 460 382 494; x_wconf 88' lang='lat' dir='ltr'>domino</span> <span class='ocrx_word' id='word_1_50' title='bbox 389 465 451 494; x_wconf 90' lang='lat' dir='ltr'>vestro</span> <span class='ocrx_word' id='word_1_51' title='bbox 459 460 561 504; x_wconf 74' lang='lat' dir='ltr'>perferatis,</span> <span class='ocrx_word' id='word_1_52' title='bbox 571 460 661 494; x_wconf 82' lang='lat' dir='ltr'>addentes</span> <span class='ocrx_word' id='word_1_53' title='bbox 673 459 722 503; x_wconf 90' lang='lat' dir='ltr'>quod</span> <span class='ocrx_word' id='word_1_54' title='bbox 733 469 784 504; x_wconf 82' lang='lat' dir='ltr'>pro5</span> 
     </span>
     <span class='ocr_line' id='line_1_7' title="bbox 64 512 768 557; baseline -0.004 -9"><span class='ocrx_word' id='word_1_55' title='bbox 64 524 127 548; x_wconf 83' lang='lat' dir='ltr'>amore</span> <span class='ocrx_word' id='word_1_56' title='bbox 134 514 171 547; x_wconf 92' lang='lat' dir='ltr'>vite</span> <span class='ocrx_word' id='word_1_57' title='bbox 182 512 288 557; x_wconf 89' lang='lat' dir='ltr'>temporalis</span> <span class='ocrx_word' id='word_1_58' title='bbox 297 512 408 547; x_wconf 84' lang='lat' dir='ltr'>christianus</span> <span class='ocrx_word' id='word_1_59' title='bbox 415 524 449 547; x_wconf 81' lang='lat' dir='ltr'>rex</span> <span class='ocrx_word' id='word_1_60' title='bbox 458 512 566 548; x_wconf 86' lang='lat' dir='ltr'>Edmundus</span> <span class='ocrx_word' id='word_1_61' title='bbox 575 513 617 547; x_wconf 89' lang='lat' dir='ltr'>duci</span> <span class='ocrx_word' id='word_1_62' title='bbox 629 522 666 546; x_wconf 90' lang='lat' dir='ltr'>non</span> <span class='ocrx_word' id='word_1_63' title='bbox 677 512 768 547; x_wconf 87' lang='lat' dir='ltr'>subdetur</span> 
     </span>
     <span class='ocr_line' id='line_1_8' title="bbox 64 564 767 609; baseline 0 -11"><span class='ocrx_word' id='word_1_64' title='bbox 64 575 140 609; x_wconf 83' lang='lat' dir='ltr'>pagano,</span> <span class='ocrx_word' id='word_1_65' title='bbox 154 565 190 598; x_wconf 91' lang='lat' dir='ltr'>nisi</span> <span class='ocrx_word' id='word_1_66' title='bbox 205 565 256 608; x_wconf 89' lang='lat' dir='ltr'>prius</span> <span class='ocrx_word' id='word_1_67' title='bbox 272 565 359 599; x_wconf 78' lang='lat' dir='ltr'>effectus²</span> <span class='ocrx_word' id='word_1_68' title='bbox 374 565 427 599; x_wconf 80' lang='lat' dir='ltr'>fuerit</span> <span class='ocrx_word' id='word_1_69' title='bbox 439 564 558 599; x_wconf 68' lang='lat' dir='ltr'>christianus)</span> <span class='ocrx_word' id='word_1_70' title='bbox 582 565 624 598; x_wconf 90' lang='lat' dir='ltr'>Hoc</span> <span class='ocrx_word' id='word_1_71' title='bbox 635 565 703 606; x_wconf 88' lang='lat' dir='ltr'>audito,</span> <span class='ocrx_word' id='word_1_72' title='bbox 715 564 767 599; x_wconf 87' lang='lat' dir='ltr'>iussu</span> 
     </span>
     <span class='ocr_line' id='line_1_9' title="bbox 64 616 767 662; baseline 0.003 -12"><span class='ocrx_word' id='word_1_73' title='bbox 64 616 167 662; x_wconf 84' lang='lat' dir='ltr'>impiissimi</span> <span class='ocrx_word' id='word_1_74' title='bbox 178 617 270 661; x_wconf 84' lang='lat' dir='ltr'>Hynguar</span> <span class='ocrx_word' id='word_1_75' title='bbox 281 622 355 651; x_wconf 85' lang='lat' dir='ltr'>sanctus</span> <span class='ocrx_word' id='word_1_76' title='bbox 364 616 472 652; x_wconf 90' lang='lat' dir='ltr'>Edmundus</span> <span class='ocrx_word' id='word_1_77' title='bbox 483 617 561 652; x_wconf 91' lang='lat' dir='ltr'>inermis</span> <span class='ocrx_word' id='word_1_78' title='bbox 572 617 648 661; x_wconf 91' lang='lat' dir='ltr'>capitur,</span> <span class='ocrx_word' id='word_1_79' title='bbox 659 622 677 652; x_wconf 91' lang='lat' dir='ltr'>et</span> <span class='ocrx_word' id='word_1_80' title='bbox 688 616 767 652; x_wconf 89' lang='lat' dir='ltr'>vinculis</span> 
     </span>
     <span class='ocr_line' id='line_1_10' title="bbox 64 669 766 716; baseline -0.001 -10"><span class='ocrx_word' id='word_1_81' title='bbox 64 670 182 706; x_wconf 79' lang='lat' dir='ltr'>arctioribus³</span> <span class='ocrx_word' id='word_1_82' title='bbox 189 676 258 706; x_wconf 88' lang='lat' dir='ltr'>artatus</span> <span class='ocrx_word' id='word_1_83' title='bbox 264 670 406 716; x_wconf 80' lang='lat' dir='ltr'>constringitur3</span> <span class='ocrx_word' id='word_1_84' title='bbox 414 676 457 706; x_wconf 90' lang='lat' dir='ltr'>ante</span> <span class='ocrx_word' id='word_1_85' title='bbox 463 671 528 705; x_wconf 91' lang='lat' dir='ltr'>ducem</span> <span class='ocrx_word' id='word_1_86' title='bbox 535 670 609 714; x_wconf 89' lang='lat' dir='ltr'>sistitur,</span> <span class='ocrx_word' id='word_1_87' title='bbox 614 675 633 706; x_wconf 91' lang='lat' dir='ltr'>et</span> <span class='ocrx_word' id='word_1_88' title='bbox 639 669 700 705; x_wconf 91' lang='lat' dir='ltr'>multis</span> <span class='ocrx_word' id='word_1_89' title='bbox 706 669 766 705; x_wconf 89' lang='lat' dir='ltr'>modis</span> 
     </span>
     <span class='ocr_line' id='line_1_11' title="bbox 63 723 794 768; baseline 0.001 -10"><span class='ocrx_word' id='word_1_90' title='bbox 63 723 150 766; x_wconf 80' lang='lat' dir='ltr'>illuditur,</span> <span class='ocrx_word' id='word_1_91' title='bbox 157 729 175 758; x_wconf 86' lang='lat' dir='ltr'>et</span> <span class='ocrx_word' id='word_1_92' title='bbox 183 725 257 758; x_wconf 88' lang='lat' dir='ltr'>tandem</span> <span class='ocrx_word' id='word_1_93' title='bbox 265 723 367 768; x_wconf 85' lang='lat' dir='ltr'>fustigatus,</span> <span class='ocrx_word' id='word_1_94' title='bbox 375 730 394 759; x_wconf 87' lang='lat' dir='ltr'>et</span> <span class='ocrx_word' id='word_1_95' title='bbox 402 725 425 758; x_wconf 88' lang='lat' dir='ltr'>ad</span> <span class='ocrx_word' id='word_1_96' title='bbox 433 725 524 768; x_wconf 84' lang='lat' dir='ltr'>quandam</span> <span class='ocrx_word' id='word_1_97' title='bbox 532 725 616 759; x_wconf 84' lang='lat' dir='ltr'>arborem</span> <span class='ocrx_word' id='word_1_98' title='bbox 625 724 697 768; x_wconf 86' lang='lat' dir='ltr'>ligatus,</span> <span class='ocrx_word' id='word_1_99' title='bbox 703 725 765 768; x_wconf 83' lang='lat' dir='ltr'>flagris</span> <span class='ocrx_word' id='word_1_100' title='bbox 776 739 794 759; x_wconf 85' lang='grc' dir='ltr'>ιο</span> 
     </span>
     <span class='ocr_line' id='line_1_12' title="bbox 64 775 766 820; baseline 0.003 -11"><span class='ocrx_word' id='word_1_101' title='bbox 64 776 167 810; x_wconf 89' lang='lat' dir='ltr'>durissimis</span> <span class='ocrx_word' id='word_1_102' title='bbox 183 776 285 810; x_wconf 83' lang='lat' dir='ltr'>diutissime</span> <span class='ocrx_word' id='word_1_103' title='bbox 300 777 420 811; x_wconf 80' lang='lat' dir='ltr'>verberatur:</span> <span class='ocrx_word' id='word_1_104' title='bbox 436 787 471 811; x_wconf 86' lang='lat' dir='ltr'>nec</span> <span class='ocrx_word' id='word_1_105' title='bbox 481 775 566 817; x_wconf 88' lang='lat' dir='ltr'>vincitur,</span> <span class='ocrx_word' id='word_1_106' title='bbox 581 787 656 820; x_wconf 91' lang='lat' dir='ltr'>semper</span> <span class='ocrx_word' id='word_1_107' title='bbox 671 776 766 812; x_wconf 77' lang='lat' dir='ltr'>Christum</span> 
     </span>
     <span class='ocr_line' id='line_1_13' title="bbox 63 828 766 873; baseline 0.001 -11"><span class='ocrx_word' id='word_1_108' title='bbox 63 829 138 863; x_wconf 89' lang='lat' dir='ltr'>vocibus</span> <span class='ocrx_word' id='word_1_109' title='bbox 154 829 245 863; x_wconf 86' lang='lat' dir='ltr'>flebilibus</span> <span class='ocrx_word' id='word_1_110' title='bbox 260 829 368 864; x_wconf 87' lang='lat' dir='ltr'>inuocando.</span> <span class='ocrx_word' id='word_1_111' title='bbox 390 829 498 863; x_wconf 85' lang='lat' dir='ltr'>Aduersarii</span> <span class='ocrx_word' id='word_1_112' title='bbox 513 829 568 873; x_wconf 82' lang='lat' dir='ltr'>igitur</span> <span class='ocrx_word' id='word_1_113' title='bbox 579 829 599 863; x_wconf 90' lang='lat' dir='ltr'>in</span> <span class='ocrx_word' id='word_1_114' title='bbox 614 828 695 863; x_wconf 90' lang='lat' dir='ltr'>furorem</span> <span class='ocrx_word' id='word_1_115' title='bbox 710 828 766 870; x_wconf 87' lang='lat' dir='ltr'>versi,</span> 
     </span>
     <span class='ocr_line' id='line_1_14' title="bbox 63 881 766 925; baseline 0.003 -12"><span class='ocrx_word' id='word_1_116' title='bbox 63 881 115 923; x_wconf 82' lang='lat' dir='ltr'>quasi</span> <span class='ocrx_word' id='word_1_117' title='bbox 129 881 210 914; x_wconf 91' lang='lat' dir='ltr'>ludendo</span> <span class='ocrx_word' id='word_1_118' title='bbox 222 882 245 914; x_wconf 88' lang='lat' dir='ltr'>ad</span> <span class='ocrx_word' id='word_1_119' title='bbox 258 882 331 925; x_wconf 83' lang='lat' dir='ltr'>signum</span> <span class='ocrx_word' id='word_1_120' title='bbox 344 892 386 915; x_wconf 90' lang='lat' dir='ltr'>eum</span> <span class='ocrx_word' id='word_1_121' title='bbox 399 887 438 915; x_wconf 92' lang='lat' dir='ltr'>toto</span> <span class='ocrx_word' id='word_1_122' title='bbox 453 892 530 925; x_wconf 91' lang='lat' dir='ltr'>corpore</span> <span class='ocrx_word' id='word_1_123' title='bbox 543 881 650 925; x_wconf 79' lang='lat' dir='ltr'>sagittarum</span> <span class='ocrx_word' id='word_1_124' title='bbox 666 881 707 915; x_wconf 88' lang='lat' dir='ltr'>telis</span> <span class='ocrx_word' id='word_1_125' title='bbox 723 892 766 915; x_wconf 88' lang='lat' dir='ltr'>eon-</span> 
     </span>
     <span class='ocr_line' id='line_1_15' title="bbox 63 932 766 977; baseline 0 -11"><span class='ocrx_word' id='word_1_126' title='bbox 63 932 139 975; x_wconf 86' lang='lat' dir='ltr'>fodiunt,</span> <span class='ocrx_word' id='word_1_127' title='bbox 158 938 176 967; x_wconf 92' lang='lat' dir='ltr'>et</span> <span class='ocrx_word' id='word_1_128' title='bbox 194 934 270 968; x_wconf 87' lang='lat' dir='ltr'>vulnera</span> <span class='ocrx_word' id='word_1_129' title='bbox 285 933 392 969; x_wconf 90' lang='lat' dir='ltr'>vulneribus</span> <span class='ocrx_word' id='word_1_130' title='bbox 411 934 547 977; x_wconf 83' lang='lat' dir='ltr'>imprimebant,</span> <span class='ocrx_word' id='word_1_131' title='bbox 566 935 611 968; x_wconf 90' lang='lat' dir='ltr'>dum</span> <span class='ocrx_word' id='word_1_132' title='bbox 629 933 688 967; x_wconf 87' lang='lat' dir='ltr'>iacula</span> <span class='ocrx_word' id='word_1_133' title='bbox 702 933 766 967; x_wconf 88' lang='lat' dir='ltr'>iaculis</span> 
     </span>
     <span class='ocr_line' id='line_1_16' title="bbox 63 985 793 1029; baseline 0.001 -11"><span class='ocrx_word' id='word_1_134' title='bbox 63 986 123 1019; x_wconf 91' lang='lat' dir='ltr'>locum</span> <span class='ocrx_word' id='word_1_135' title='bbox 137 986 209 1020; x_wconf 84' lang='lat' dir='ltr'>dabant.</span> <span class='ocrx_word' id='word_1_136' title='bbox 232 985 300 1029; x_wconf 88' lang='lat' dir='ltr'>Sicque</span> <span class='ocrx_word' id='word_1_137' title='bbox 315 985 427 1029; x_wconf 88' lang='lat' dir='ltr'>spiculorum</span> <span class='ocrx_word' id='word_1_138' title='bbox 442 986 510 1020; x_wconf 81' lang='lat' dir='ltr'>aculeis</span> <span class='ocrx_word' id='word_1_139' title='bbox 526 986 657 1020; x_wconf 78' lang='lat' dir='ltr'>circumfossus</span> <span class='ocrx_word' id='word_1_140' title='bbox 669 985 766 1029; x_wconf 87' lang='lat' dir='ltr'>palpitans,</span> <span class='ocrx_word' id='word_1_141' title='bbox 776 999 793 1029; x_wconf 79' lang='lat'>¹5</span> 
     </span>
     <span class='ocr_line' id='line_1_17' title="bbox 62 1037 765 1083; baseline 0.001 -12"><span class='ocrx_word' id='word_1_142' title='bbox 62 1037 111 1071; x_wconf 91' lang='lat' dir='ltr'>velut</span> <span class='ocrx_word' id='word_1_143' title='bbox 119 1038 196 1073; x_wconf 91' lang='lat' dir='ltr'>heritius</span> <span class='ocrx_word' id='word_1_144' title='bbox 204 1044 235 1073; x_wconf 90' lang='lat' dir='ltr'>aut</span> <span class='ocrx_word' id='word_1_145' title='bbox 244 1039 303 1083; x_wconf 88' lang='lat' dir='ltr'>spinis</span> <span class='ocrx_word' id='word_1_146' title='bbox 314 1039 373 1073; x_wconf 86' lang='lat' dir='ltr'>hirtus</span> <span class='ocrx_word' id='word_1_147' title='bbox 383 1039 462 1073; x_wconf 90' lang='lat' dir='ltr'>carduus</span> <span class='ocrx_word' id='word_1_148' title='bbox 470 1038 546 1073; x_wconf 86' lang='lat' dir='ltr'>similis⁴</span> <span class='ocrx_word' id='word_1_149' title='bbox 554 1038 613 1072; x_wconf 88' lang='lat' dir='ltr'>factus</span> <span class='ocrx_word' id='word_1_150' title='bbox 624 1043 659 1072; x_wconf 91' lang='lat' dir='ltr'>est.</span> <span class='ocrx_word' id='word_1_151' title='bbox 682 1037 765 1082; x_wconf 87' lang='lat' dir='ltr'>Cumque</span> 
     </span>
     <span class='ocr_line' id='line_1_18' title="bbox 62 1090 766 1136; baseline 0.001 -12"><span class='ocrx_word' id='word_1_152' title='bbox 62 1101 96 1125; x_wconf 90' lang='lat' dir='ltr'>nec</span> <span class='ocrx_word' id='word_1_153' title='bbox 103 1091 129 1125; x_wconf 90' lang='lat' dir='ltr'>sic</span> <span class='ocrx_word' id='word_1_154' title='bbox 138 1091 223 1136; x_wconf 84' lang='lat' dir='ltr'>Hinguar</span> <span class='ocrx_word' id='word_1_155' title='bbox 230 1102 273 1127; x_wconf 92' lang='lat' dir='ltr'>eum</span> <span class='ocrx_word' id='word_1_156' title='bbox 281 1092 316 1127; x_wconf 92' lang='lat' dir='ltr'>sibi</span> <span class='ocrx_word' id='word_1_157' title='bbox 324 1092 415 1127; x_wconf 89' lang='lat' dir='ltr'>assentire</span> <span class='ocrx_word' id='word_1_158' title='bbox 423 1092 544 1136; x_wconf 84' lang='lat' dir='ltr'>conspiceret,</span> <span class='ocrx_word' id='word_1_159' title='bbox 552 1092 586 1126; x_wconf 87' lang='lat' dir='ltr'>sed</span> <span class='ocrx_word' id='word_1_160' title='bbox 595 1090 689 1126; x_wconf 85' lang='lat' dir='ltr'>Christum</span> <span class='ocrx_word' id='word_1_161' title='bbox 699 1091 766 1136; x_wconf 85' lang='lat' dir='ltr'>iugiter</span> 
     </span>
     <span class='ocr_line' id='line_1_19' title="bbox 62 1144 765 1190; baseline 0.003 -13"><span class='ocrx_word' id='word_1_162' title='bbox 62 1145 191 1179; x_wconf 86' lang='lat' dir='ltr'>inclamantem</span> <span class='ocrx_word' id='word_1_163' title='bbox 199 1145 275 1187; x_wconf 85' lang='lat' dir='ltr'>videret,</span> <span class='ocrx_word' id='word_1_164' title='bbox 285 1145 343 1180; x_wconf 86' lang='lat' dir='ltr'>lictori</span> <span class='ocrx_word' id='word_1_165' title='bbox 354 1145 438 1190; x_wconf 90' lang='lat' dir='ltr'>protinus</span> <span class='ocrx_word' id='word_1_166' title='bbox 449 1145 525 1179; x_wconf 89' lang='lat' dir='ltr'>mandat</span> <span class='ocrx_word' id='word_1_167' title='bbox 535 1151 554 1180; x_wconf 82' lang='lat' dir='ltr'>vt</span> <span class='ocrx_word' id='word_1_168' title='bbox 563 1150 646 1189; x_wconf 89' lang='lat' dir='ltr'>amputet</span> <span class='ocrx_word' id='word_1_169' title='bbox 655 1150 710 1189; x_wconf 87' lang='lat' dir='ltr'>caput</span> <span class='ocrx_word' id='word_1_170' title='bbox 720 1144 765 1179; x_wconf 86' lang='lat' dir='ltr'>eius.</span> 
     </span>
     <span class='ocr_line' id='line_1_20' title="bbox 62 1196 765 1242; baseline 0.003 -12"><span class='ocrx_word' id='word_1_171' title='bbox 62 1196 135 1241; x_wconf 86' lang='lat' dir='ltr'>Sicque,</span> <span class='ocrx_word' id='word_1_172' title='bbox 144 1198 252 1233; x_wconf 90' lang='lat' dir='ltr'>duodecimo</span> <span class='ocrx_word' id='word_1_173' title='bbox 260 1199 349 1233; x_wconf 82' lang='lat' dir='ltr'>kalendas</span> <span class='ocrx_word' id='word_1_174' title='bbox 358 1199 467 1240; x_wconf 89' lang='lat' dir='ltr'>decembris,</span> <span class='ocrx_word' id='word_1_175' title='bbox 475 1198 535 1241; x_wconf 86' lang='lat' dir='ltr'>capite</span> <span class='ocrx_word' id='word_1_176' title='bbox 543 1203 643 1239; x_wconf 88' lang='lat' dir='ltr'>truncatus,</span> <span class='ocrx_word' id='word_1_177' title='bbox 651 1208 693 1232; x_wconf 91' lang='lat' dir='ltr'>curn</span> <span class='ocrx_word' id='word_1_178' title='bbox 703 1197 765 1242; x_wconf 87' lang='lat' dir='ltr'>palma</span> 
     </span>
     <span class='ocr_line' id='line_1_21' title="bbox 62 1250 792 1294; baseline 0.004 -12"><span class='ocrx_word' id='word_1_179' title='bbox 62 1250 144 1293; x_wconf 87' lang='lat' dir='ltr'>martyrii</span> <span class='ocrx_word' id='word_1_180' title='bbox 156 1261 190 1285; x_wconf 82' lang='lat' dir='ltr'>rex</span> <span class='ocrx_word' id='word_1_181' title='bbox 200 1256 218 1284; x_wconf 89' lang='lat' dir='ltr'>et</span> <span class='ocrx_word' id='word_1_182' title='bbox 228 1256 298 1294; x_wconf 88' lang='lat' dir='ltr'>martyr</span> <span class='ocrx_word' id='word_1_183' title='bbox 308 1251 393 1294; x_wconf 87' lang='lat' dir='ltr'>migrauit</span> <span class='ocrx_word' id='word_1_184' title='bbox 405 1252 428 1285; x_wconf 88' lang='lat' dir='ltr'>ad</span> <span class='ocrx_word' id='word_1_185' title='bbox 438 1251 538 1285; x_wconf 84' lang='lat' dir='ltr'>dominum.</span> <span class='ocrx_word' id='word_1_186' title='bbox 561 1250 621 1294; x_wconf 87' lang='lat' dir='ltr'>Caput</span> <span class='ocrx_word' id='word_1_187' title='bbox 632 1255 693 1285; x_wconf 82' lang='lat' dir='ltr'>autem</span> <span class='ocrx_word' id='word_1_188' title='bbox 706 1250 763 1285; x_wconf 89' lang='lat' dir='ltr'>sancti</span> <span class='ocrx_word' id='word_1_189' title='bbox 774 1264 792 1285; x_wconf 76' lang='grc' dir='ltr'>ω</span> 
     </span>
     <span class='ocr_line' id='line_1_22' title="bbox 61 1302 764 1348; baseline 0.003 -13"><span class='ocrx_word' id='word_1_190' title='bbox 61 1302 111 1346; x_wconf 82' lang='lat' dir='ltr'>regis</span> <span class='ocrx_word' id='word_1_191' title='bbox 134 1303 181 1337; x_wconf 90' lang='lat' dir='ltr'>Dani</span> <span class='ocrx_word' id='word_1_192' title='bbox 203 1314 266 1338; x_wconf 91' lang='lat' dir='ltr'>secum</span> <span class='ocrx_word' id='word_1_193' title='bbox 287 1303 405 1338; x_wconf 76' lang='lat' dir='ltr'>auferentes³</span> <span class='ocrx_word' id='word_1_194' title='bbox 423 1303 455 1337; x_wconf 68' lang='lat' dir='ltr'>infl</span> <span class='ocrx_word' id='word_1_195' title='bbox 473 1303 526 1348; x_wconf 84' lang='lat' dir='ltr'>sylua</span> <span class='ocrx_word' id='word_1_196' title='bbox 545 1304 569 1337; x_wconf 91' lang='lat' dir='ltr'>de</span> <span class='ocrx_word' id='word_1_197' title='bbox 590 1302 697 1347; x_wconf 82' lang='lat' dir='ltr'>Heglesdoit</span> <span class='ocrx_word' id='word_1_198' title='bbox 715 1303 764 1338; x_wconf 83' lang='lat' dir='ltr'>inter</span> 
     </span>
     <span class='ocr_line' id='line_1_23' title="bbox 62 1355 763 1400; baseline 0.003 -12"><span class='ocrx_word' id='word_1_199' title='bbox 62 1355 120 1389; x_wconf 88' lang='lat' dir='ltr'>densa</span> <span class='ocrx_word' id='word_1_200' title='bbox 134 1355 219 1400; x_wconf 89' lang='lat' dir='ltr'>veprium</span> <span class='ocrx_word' id='word_1_201' title='bbox 237 1355 314 1391; x_wconf 84' lang='lat' dir='ltr'>frutecta</span> <span class='ocrx_word' id='word_1_202' title='bbox 328 1356 450 1400; x_wconf 87' lang='lat' dir='ltr'>proiecerunt.</span> <span class='ocrx_word' id='word_1_203' title='bbox 474 1355 554 1391; x_wconf 87' lang='lat' dir='ltr'>Reddita</span> <span class='ocrx_word' id='word_1_204' title='bbox 573 1356 647 1391; x_wconf 89' lang='lat' dir='ltr'>tandem</span> <span class='ocrx_word' id='word_1_205' title='bbox 666 1361 715 1390; x_wconf 89' lang='lat' dir='ltr'>terre</span> <span class='ocrx_word' id='word_1_206' title='bbox 731 1356 763 1390; x_wconf 92' lang='lat' dir='ltr'>ali-</span> 
     </span>
     <span class='ocr_line' id='line_1_24' title="bbox 61 1408 764 1453; baseline 0.003 -13"><span class='ocrx_word' id='word_1_207' title='bbox 61 1412 129 1449; x_wconf 89' lang='lat' dir='ltr'>quanta</span> <span class='ocrx_word' id='word_1_208' title='bbox 144 1418 195 1450; x_wconf 84' lang='lat' dir='ltr'>pace,</span> <span class='ocrx_word' id='word_1_209' title='bbox 208 1414 296 1451; x_wconf 88' lang='lat' dir='ltr'>ceperunt</span> <span class='ocrx_word' id='word_1_210' title='bbox 310 1408 403 1443; x_wconf 89' lang='lat' dir='ltr'>christiani</span> <span class='ocrx_word' id='word_1_211' title='bbox 418 1410 442 1443; x_wconf 91' lang='lat' dir='ltr'>de</span> <span class='ocrx_word' id='word_1_212' title='bbox 454 1409 534 1443; x_wconf 87' lang='lat' dir='ltr'>latibulis</span> <span class='ocrx_word' id='word_1_213' title='bbox 547 1419 666 1452; x_wconf 86' lang='lat' dir='ltr'>consurgere,</span> <span class='ocrx_word' id='word_1_214' title='bbox 678 1414 696 1442; x_wconf 90' lang='lat' dir='ltr'>et</span> <span class='ocrx_word' id='word_1_215' title='bbox 709 1415 764 1453; x_wconf 84' lang='lat' dir='ltr'>caput</span> 
     </span>
     <span class='ocr_line' id='line_1_25' title="bbox 60 1458 764 1505; baseline 0.006 -14"><span class='ocrx_word' id='word_1_216' title='bbox 60 1458 80 1491; x_wconf 91' lang='lat' dir='ltr'>in</span> <span class='ocrx_word' id='word_1_217' title='bbox 95 1458 148 1503; x_wconf 87' lang='lat' dir='ltr'>sylua</span> <span class='ocrx_word' id='word_1_218' title='bbox 162 1459 259 1503; x_wconf 85' lang='lat' dir='ltr'>diligenter</span> <span class='ocrx_word' id='word_1_219' title='bbox 271 1460 369 1504; x_wconf 83' lang='lat' dir='ltr'>inquirere.</span> <span class='ocrx_word' id='word_1_220' title='bbox 393 1461 477 1504; x_wconf 86' lang='lat' dir='ltr'>Cumque</span> <span class='ocrx_word' id='word_1_221' title='bbox 488 1460 508 1494; x_wconf 90' lang='lat' dir='ltr'>in</span> <span class='ocrx_word' id='word_1_222' title='bbox 522 1461 574 1504; x_wconf 81' lang='lat' dir='ltr'>sylua</span> <span class='ocrx_word' id='word_1_223' title='bbox 586 1460 698 1495; x_wconf 88' lang='lat' dir='ltr'>densissima</span> <span class='ocrx_word' id='word_1_224' title='bbox 710 1466 764 1505; x_wconf 90' lang='lat' dir='ltr'>caput</span> 
     </span>
     <span class='ocr_line' id='line_1_26' title="bbox 61 1511 791 1559; baseline 0.003 -14"><span class='ocrx_word' id='word_1_225' title='bbox 61 1511 197 1547; x_wconf 89' lang='lat' dir='ltr'>sanctissimum</span> <span class='ocrx_word' id='word_1_226' title='bbox 206 1513 301 1548; x_wconf 86' lang='lat' dir='ltr'>lustrando</span> <span class='ocrx_word' id='word_1_227' title='bbox 310 1519 415 1559; x_wconf 87' lang='lat' dir='ltr'>pergerent,</span> <span class='ocrx_word' id='word_1_228' title='bbox 423 1519 441 1548; x_wconf 90' lang='lat' dir='ltr'>et</span> <span class='ocrx_word' id='word_1_229' title='bbox 449 1513 553 1549; x_wconf 86' lang='lat' dir='ltr'>alternatim</span> <span class='ocrx_word' id='word_1_230' title='bbox 565 1513 591 1557; x_wconf 76' lang='lat' dir='ltr'>(vt</span> <span class='ocrx_word' id='word_1_231' title='bbox 601 1512 658 1548; x_wconf 84' lang='lat' dir='ltr'>moris</span> <span class='ocrx_word' id='word_1_232' title='bbox 669 1514 705 1557; x_wconf 85' lang='lat' dir='ltr'>est)</span> <span class='ocrx_word' id='word_1_233' title='bbox 716 1512 764 1548; x_wconf 90' lang='lat' dir='ltr'>inter</span> <span class='ocrx_word' id='word_1_234' title='bbox 773 1526 791 1557; x_wconf 77' lang='lat'>²5</span> 
     </span>
     <span class='ocr_line' id='line_1_27' title="bbox 62 1565 764 1611; baseline 0.004 -13"><span class='ocrx_word' id='word_1_235' title='bbox 62 1575 82 1598; x_wconf 91' lang='lat' dir='ltr'>se</span> <span class='ocrx_word' id='word_1_236' title='bbox 93 1565 193 1599; x_wconf 88' lang='lat' dir='ltr'>clamarent</span> <span class='ocrx_word' id='word_1_237' title='bbox 202 1566 242 1600; x_wconf 88' lang='lat' dir='ltr'>‘vbi</span> <span class='ocrx_word' id='word_1_238' title='bbox 254 1568 302 1608; x_wconf 84' lang='lat' dir='ltr'>es?&#39;‚</span> <span class='ocrx_word' id='word_1_239' title='bbox 313 1578 356 1601; x_wconf 87' lang='lat' dir='ltr'>ecce</span> <span class='ocrx_word' id='word_1_240' title='bbox 366 1567 450 1602; x_wconf 87' lang='lat' dir='ltr'>mirabile</span> <span class='ocrx_word' id='word_1_241' title='bbox 460 1566 523 1601; x_wconf 90' lang='lat' dir='ltr'>auditu</span> <span class='ocrx_word' id='word_1_242' title='bbox 537 1571 591 1610; x_wconf 89' lang='lat' dir='ltr'>caput</span> <span class='ocrx_word' id='word_1_243' title='bbox 605 1566 692 1610; x_wconf 90' lang='lat' dir='ltr'>martyris</span> <span class='ocrx_word' id='word_1_244' title='bbox 705 1566 764 1611; x_wconf 89' lang='lat' dir='ltr'>patria</span> 
     </span>
     <span class='ocr_line' id='line_1_28' title="bbox 61 1617 764 1663; baseline 0.006 -13"><span class='ocrx_word' id='word_1_245' title='bbox 61 1617 123 1662; x_wconf 87' lang='lat' dir='ltr'>lingua</span> <span class='ocrx_word' id='word_1_246' title='bbox 131 1619 254 1662; x_wconf 89' lang='lat' dir='ltr'>respondebat</span> <span class='ocrx_word' id='word_1_247' title='bbox 265 1618 339 1654; x_wconf 88' lang='lat' dir='ltr'>dicens:</span> <span class='ocrx_word' id='word_1_248' title='bbox 351 1619 414 1654; x_wconf 86' lang='lat' dir='ltr'>‘Heer</span> <span class='ocrx_word' id='word_1_249' title='bbox 423 1624 426 1663; x_wconf 81' lang='grc' dir='ltr'>Ι</span> <span class='ocrx_word' id='word_1_250' title='bbox 436 1619 481 1654; x_wconf 88' lang='lat' dir='ltr'>heer</span> <span class='ocrx_word' id='word_1_251' title='bbox 490 1622 493 1663; x_wconf 80' lang='lat' dir='ltr'>l</span> <span class='ocrx_word' id='word_1_252' title='bbox 503 1618 557 1654; x_wconf 85' lang='lat' dir='ltr'>heer&#39;</span> <span class='ocrx_word' id='word_1_253' title='bbox 567 1619 570 1662; x_wconf 79' lang='lat' dir='ltr'>l</span> <span class='ocrx_word' id='word_1_254' title='bbox 580 1619 628 1663; x_wconf 91' lang='lat' dir='ltr'>quod</span> <span class='ocrx_word' id='word_1_255' title='bbox 636 1623 665 1653; x_wconf 92' lang='lat' dir='ltr'>est</span> <span class='ocrx_word' id='word_1_256' title='bbox 673 1618 764 1663; x_wconf 90' lang='lat' dir='ltr'>interpre-</span> 
     </span>
     <span class='ocr_line' id='line_1_29' title="bbox 61 1671 764 1717; baseline 0.006 -14"><span class='ocrx_word' id='word_1_257' title='bbox 61 1675 118 1704; x_wconf 88' lang='lat' dir='ltr'>tatum</span> <span class='ocrx_word' id='word_1_258' title='bbox 138 1671 310 1715; x_wconf 75' lang='lat' dir='ltr'>‘Hiclhiclhic&#39;r</span> <span class='ocrx_word' id='word_1_259' title='bbox 330 1683 365 1706; x_wconf 87' lang='lat' dir='ltr'>nec</span> <span class='ocrx_word' id='word_1_260' title='bbox 379 1683 461 1717; x_wconf 88' lang='lat' dir='ltr'>vnquam</span> <span class='ocrx_word' id='word_1_261' title='bbox 480 1673 545 1707; x_wconf 84' lang='lat' dir='ltr'>eadem</span> <span class='ocrx_word' id='word_1_262' title='bbox 564 1672 666 1716; x_wconf 85' lang='lat' dir='ltr'>repetendo</span> <span class='ocrx_word' id='word_1_263' title='bbox 684 1672 764 1707; x_wconf 88' lang='lat' dir='ltr'>clamare</span> 
     </span>
     <span class='ocr_line' id='line_1_30' title="bbox 61 1723 764 1769; baseline 0.004 -14"><span class='ocrx_word' id='word_1_264' title='bbox 61 1723 135 1763; x_wconf 89' lang='lat' dir='ltr'>destitit,</span> <span class='ocrx_word' id='word_1_265' title='bbox 143 1734 239 1767; x_wconf 88' lang='lat' dir='ltr'>quousque</span> <span class='ocrx_word' id='word_1_266' title='bbox 248 1735 314 1758; x_wconf 89' lang='lat' dir='ltr'>omnes</span> <span class='ocrx_word' id='word_1_267' title='bbox 325 1726 348 1758; x_wconf 86' lang='lat' dir='ltr'>ad</span> <span class='ocrx_word' id='word_1_268' title='bbox 361 1735 382 1758; x_wconf 91' lang='lat' dir='ltr'>se</span> <span class='ocrx_word' id='word_1_269' title='bbox 393 1725 484 1768; x_wconf 78' lang='lat' dir='ltr'>perduxit.</span> <span class='ocrx_word' id='word_1_270' title='bbox 507 1725 609 1768; x_wconf 87' lang='lat' dir='ltr'>Palpitabat</span> <span class='ocrx_word' id='word_1_271' title='bbox 619 1729 692 1759; x_wconf 89' lang='lat' dir='ltr'>mortue</span> <span class='ocrx_word' id='word_1_272' title='bbox 702 1725 764 1769; x_wconf 82' lang='lat' dir='ltr'>lingue</span> 
     </span>
     <span class='ocr_line' id='line_1_31' title="bbox 61 1773 792 1821; baseline 0.004 -14"><span class='ocrx_word' id='word_1_273' title='bbox 61 1773 150 1817; x_wconf 86' lang='lat' dir='ltr'>plectrum</span> <span class='ocrx_word' id='word_1_274' title='bbox 165 1774 224 1809; x_wconf 78' lang='lat' dir='ltr'>intra⁷</span> <span class='ocrx_word' id='word_1_275' title='bbox 240 1782 312 1810; x_wconf 86' lang='lat' dir='ltr'>meatus</span> <span class='ocrx_word' id='word_1_276' title='bbox 328 1776 412 1818; x_wconf 92' lang='lat' dir='ltr'>faucium,</span> <span class='ocrx_word' id='word_1_277' title='bbox 425 1776 546 1811; x_wconf 89' lang='lat' dir='ltr'>manifestans</span> <span class='ocrx_word' id='word_1_278' title='bbox 563 1776 611 1811; x_wconf 90' lang='lat' dir='ltr'>illius</span> <span class='ocrx_word' id='word_1_279' title='bbox 626 1776 717 1819; x_wconf 82' lang='lat' dir='ltr'>magnalia</span> <span class='ocrx_word' id='word_1_280' title='bbox 732 1776 763 1821; x_wconf 93' lang='lat' dir='ltr'>qui</span> <span class='ocrx_word' id='word_1_281' title='bbox 772 1790 792 1819; x_wconf 81' lang='lat'>30</span> 
     </span>
     <span class='ocr_line' id='line_1_32' title="bbox 61 1827 764 1874; baseline 0.003 -14"><span class='ocrx_word' id='word_1_282' title='bbox 61 1827 145 1861; x_wconf 76' lang='lat' dir='ltr'>rudenti³</span> <span class='ocrx_word' id='word_1_283' title='bbox 153 1828 208 1862; x_wconf 88' lang='lat' dir='ltr'>aselle</span> <span class='ocrx_word' id='word_1_284' title='bbox 217 1829 297 1863; x_wconf 91' lang='lat' dir='ltr'>humana</span> <span class='ocrx_word' id='word_1_285' title='bbox 304 1829 396 1874; x_wconf 87' lang='lat' dir='ltr'>compegit</span> <span class='ocrx_word' id='word_1_286' title='bbox 403 1829 465 1864; x_wconf 89' lang='lat' dir='ltr'>verba.</span> <span class='ocrx_word' id='word_1_287' title='bbox 488 1828 577 1863; x_wconf 87' lang='lat' dir='ltr'>lmrnanis</span> <span class='ocrx_word' id='word_1_288' title='bbox 587 1827 636 1862; x_wconf 89' lang='lat' dir='ltr'>enim</span> <span class='ocrx_word' id='word_1_289' title='bbox 646 1827 701 1873; x_wconf 91' lang='lat' dir='ltr'>lupus</span> <span class='ocrx_word' id='word_1_290' title='bbox 709 1834 764 1874; x_wconf 91' lang='lat' dir='ltr'>caput</span> 
     </span>
     <span class='ocr_line' id='line_1_33' title="bbox 60 1879 763 1925; baseline 0.003 -13"><span class='ocrx_word' id='word_1_291' title='bbox 60 1879 108 1913; x_wconf 90' lang='lat' dir='ltr'>inter</span> <span class='ocrx_word' id='word_1_292' title='bbox 118 1880 192 1914; x_wconf 89' lang='lat' dir='ltr'>brachia</span> <span class='ocrx_word' id='word_1_293' title='bbox 203 1882 311 1925; x_wconf 84' lang='lat' dir='ltr'>complexus</span> <span class='ocrx_word' id='word_1_294' title='bbox 321 1882 457 1925; x_wconf 84' lang='lat' dir='ltr'>procumbebat,</span> <span class='ocrx_word' id='word_1_295' title='bbox 466 1882 552 1915; x_wconf 84' lang='lat' dir='ltr'>excubias</span> <span class='ocrx_word' id='word_1_296' title='bbox 562 1880 639 1925; x_wconf 87' lang='lat' dir='ltr'>martyri</span> <span class='ocrx_word' id='word_1_297' title='bbox 646 1881 763 1925; x_wconf 85' lang='lat' dir='ltr'>impendens.</span> 
     </span>
     <span class='ocr_line' id='line_1_34' title="bbox 61 1932 762 1980; baseline 0.004 -15"><span class='ocrx_word' id='word_1_298' title='bbox 61 1932 179 1977; x_wconf 85' lang='lat' dir='ltr'>Accipientes</span> <span class='ocrx_word' id='word_1_299' title='bbox 187 1934 248 1980; x_wconf 87' lang='lat' dir='ltr'>itaque</span> <span class='ocrx_word' id='word_1_300' title='bbox 256 1935 306 1978; x_wconf 86' lang='lat' dir='ltr'>illud,</span> <span class='ocrx_word' id='word_1_301' title='bbox 313 1940 331 1969; x_wconf 88' lang='lat' dir='ltr'>et</span> <span class='ocrx_word' id='word_1_302' title='bbox 339 1936 411 1979; x_wconf 90' lang='lat' dir='ltr'>corpori</span> <span class='ocrx_word' id='word_1_303' title='bbox 419 1939 531 1979; x_wconf 88' lang='lat' dir='ltr'>coaptantes,</span> <span class='ocrx_word' id='word_1_304' title='bbox 537 1934 637 1969; x_wconf 88' lang='lat' dir='ltr'>honorifice</span> <span class='ocrx_word' id='word_1_305' title='bbox 643 1933 762 1978; x_wconf 88' lang='lat' dir='ltr'>sepelierunt.</span> 
     </span>
     <span class='ocr_line' id='line_1_35' title="bbox 61 1986 763 2032; baseline 0.006 -13"><span class='ocrx_word' id='word_1_306' title='bbox 61 1987 107 2020; x_wconf 88' lang='lat' dir='ltr'>Cum</span> <span class='ocrx_word' id='word_1_307' title='bbox 122 1993 184 2022; x_wconf 86' lang='lat' dir='ltr'>autern</span> <span class='ocrx_word' id='word_1_308' title='bbox 199 1995 263 2032; x_wconf 90' lang='lat' dir='ltr'>postea</span> <span class='ocrx_word' id='word_1_309' title='bbox 276 2000 344 2032; x_wconf 90' lang='lat' dir='ltr'>corpus</span> <span class='ocrx_word' id='word_1_310' title='bbox 359 1989 413 2023; x_wconf 91' lang='lat' dir='ltr'>huius</span> <span class='ocrx_word' id='word_1_311' title='bbox 428 1987 539 2022; x_wconf 87' lang='lat' dir='ltr'>sanctissimi</span> <span class='ocrx_word' id='word_1_312' title='bbox 555 1987 648 2022; x_wconf 86' lang='lat' dir='ltr'>Edmundi</span> <span class='ocrx_word' id='word_1_313' title='bbox 663 1986 763 2031; x_wconf 80' lang='lat' dir='ltr'>martyris⁰</span> 
     </span>
     <span class='ocr_line' id='line_1_36' title="bbox 61 2039 789 2086; baseline 0.004 -14"><span class='ocrx_word' id='word_1_314' title='bbox 61 2039 156 2074; x_wconf 81' lang='lat' dir='ltr'>transferri</span> <span class='ocrx_word' id='word_1_315' title='bbox 164 2041 245 2082; x_wconf 86' lang='lat' dir='ltr'>deberet,</span> <span class='ocrx_word' id='word_1_316' title='bbox 253 2041 360 2076; x_wconf 82' lang='lat' dir='ltr'>inuiolatum</span> <span class='ocrx_word' id='word_1_317' title='bbox 368 2047 463 2086; x_wconf 87' lang='lat' dir='ltr'>repertum</span> <span class='ocrx_word' id='word_1_318' title='bbox 473 2047 502 2075; x_wconf 86' lang='lat' dir='ltr'>est</span> <span class='ocrx_word' id='word_1_319' title='bbox 511 2047 529 2075; x_wconf 92' lang='lat' dir='ltr'>et</span> <span class='ocrx_word' id='word_1_320' title='bbox 538 2041 671 2084; x_wconf 90' lang='lat' dir='ltr'>incorruptum,</span> <span class='ocrx_word' id='word_1_321' title='bbox 678 2050 699 2074; x_wconf 87' lang='lat' dir='ltr'>ac</span> <span class='ocrx_word' id='word_1_322' title='bbox 707 2046 762 2085; x_wconf 88' lang='lat' dir='ltr'>caput</span> <span class='ocrx_word' id='word_1_323' title='bbox 771 2053 789 2083; x_wconf 78' lang='lat'>35</span> 
     </span>
     <span class='ocr_line' id='line_1_37' title="bbox 61 2092 762 2139; baseline 0.003 -14"><span class='ocrx_word' id='word_1_324' title='bbox 61 2092 133 2136; x_wconf 90' lang='lat' dir='ltr'>corpori</span> <span class='ocrx_word' id='word_1_325' title='bbox 143 2092 293 2138; x_wconf 84' lang='lat' dir='ltr'>redintegratum,</span> <span class='ocrx_word' id='word_1_326' title='bbox 301 2094 383 2139; x_wconf 90' lang='lat' dir='ltr'>nihilque</span> <span class='ocrx_word' id='word_1_327' title='bbox 392 2093 467 2128; x_wconf 91' lang='lat' dir='ltr'>omnino</span> <span class='ocrx_word' id='word_1_328' title='bbox 474 2093 562 2136; x_wconf 88' lang='lat' dir='ltr'>vulneris,</span> <span class='ocrx_word' id='word_1_329' title='bbox 570 2093 615 2127; x_wconf 93' lang='lat' dir='ltr'>nihil</span> <span class='ocrx_word' id='word_1_330' title='bbox 622 2092 707 2138; x_wconf 86' lang='lat' dir='ltr'>apparuit</span> <span class='ocrx_word' id='word_1_331' title='bbox 715 2092 762 2128; x_wconf 89' lang='lat' dir='ltr'>cica-</span> 
     </span>
     <span class='ocr_line' id='line_1_38' title="bbox 60 2144 761 2190; baseline 0.006 -14"><span class='ocrx_word' id='word_1_332' title='bbox 60 2144 115 2177; x_wconf 88' lang='lat' dir='ltr'>tricis.</span> <span class='ocrx_word' id='word_1_333' title='bbox 127 2145 207 2179; x_wconf 92' lang='lat' dir='ltr'>Tantum</span> <span class='ocrx_word' id='word_1_334' title='bbox 214 2146 287 2180; x_wconf 89' lang='lat' dir='ltr'>enimin</span> <span class='ocrx_word' id='word_1_335' title='bbox 294 2147 333 2181; x_wconf 89' lang='lat' dir='ltr'>eius</span> <span class='ocrx_word' id='word_1_336' title='bbox 339 2147 385 2181; x_wconf 87' lang='lat' dir='ltr'>collo</span> <span class='ocrx_word' id='word_1_337' title='bbox 390 2148 413 2180; x_wconf 91' lang='lat' dir='ltr'>ob</span> <span class='ocrx_word' id='word_1_338' title='bbox 419 2147 491 2190; x_wconf 85' lang='lat' dir='ltr'>signum</span> <span class='ocrx_word' id='word_1_339' title='bbox 496 2146 572 2180; x_wconf 85' lang='lat' dir='ltr'>martirii</span> <span class='ocrx_word' id='word_1_340' title='bbox 578 2146 630 2180; x_wconf 90' lang='lat' dir='ltr'>rubet</span> <span class='ocrx_word' id='word_1_341' title='bbox 635 2156 671 2180; x_wconf 91' lang='lat' dir='ltr'>vna</span> <span class='ocrx_word' id='word_1_342' title='bbox 676 2146 761 2180; x_wconf 86' lang='lat' dir='ltr'>tenuissi-</span> 
     </span>
     <span class='ocr_line' id='line_1_39' title="bbox 60 2196 762 2241; baseline 0.007 -13"><span class='ocrx_word' id='word_1_343' title='bbox 60 2205 90 2228; x_wconf 89' lang='lat' dir='ltr'>ma</span> <span class='ocrx_word' id='word_1_344' title='bbox 95 2196 155 2240; x_wconf 80' lang='lat' dir='ltr'>ruga¹⁰</span> <span class='ocrx_word' id='word_1_345' title='bbox 159 2197 178 2230; x_wconf 94' lang='lat' dir='ltr'>in</span> <span class='ocrx_word' id='word_1_346' title='bbox 183 2198 258 2232; x_wconf 91' lang='lat' dir='ltr'>modum</span> <span class='ocrx_word' id='word_1_347' title='bbox 264 2198 289 2232; x_wconf 94' lang='lat' dir='ltr'>fili</span> <span class='ocrx_word' id='word_1_348' title='bbox 294 2198 383 2233; x_wconf 86' lang='lat' dir='ltr'>coccinei:</span> <span class='ocrx_word' id='word_1_349' title='bbox 391 2198 437 2234; x_wconf 91' lang='lat' dir='ltr'>sicut</span> <span class='ocrx_word' id='word_1_350' title='bbox 442 2198 505 2233; x_wconf 92' lang='lat' dir='ltr'>testari</span> <span class='ocrx_word' id='word_1_351' title='bbox 510 2204 548 2233; x_wconf 90' lang='lat' dir='ltr'>erat</span> <span class='ocrx_word' id='word_1_352' title='bbox 554 2197 607 2232; x_wconf 88' lang='lat' dir='ltr'>solita</span> <span class='ocrx_word' id='word_1_353' title='bbox 611 2198 690 2241; x_wconf 89' lang='lat' dir='ltr'>quedam</span> <span class='ocrx_word' id='word_1_354' title='bbox 695 2198 762 2233; x_wconf 84' lang='lat' dir='ltr'>deuota</span> 
     </span>
     <span class='ocr_line' id='line_1_40' title="bbox 59 2249 761 2296; baseline 0.006 -14"><span class='ocrx_word' id='word_1_355' title='bbox 59 2249 128 2283; x_wconf 82' lang='lat' dir='ltr'>femina</span> <span class='ocrx_word' id='word_1_356' title='bbox 137 2250 231 2285; x_wconf 89' lang='lat' dir='ltr'>Oswenna</span> <span class='ocrx_word' id='word_1_357' title='bbox 236 2251 248 2271; x_wconf 86' lang='lat'>¹¹</span> <span class='ocrx_word' id='word_1_358' title='bbox 256 2257 325 2293; x_wconf 87' lang='lat' dir='ltr'>vocata,</span> <span class='ocrx_word' id='word_1_359' title='bbox 333 2263 370 2296; x_wconf 88' lang='lat' dir='ltr'>que</span> <span class='ocrx_word' id='word_1_360' title='bbox 380 2251 400 2285; x_wconf 90' lang='lat' dir='ltr'>in</span> <span class='ocrx_word' id='word_1_361' title='bbox 411 2252 477 2286; x_wconf 84' lang='lat' dir='ltr'>eodem</span> <span class='ocrx_word' id='word_1_362' title='bbox 486 2251 526 2286; x_wconf 86' lang='lat' dir='ltr'>loco</span> <span class='ocrx_word' id='word_1_363' title='bbox 537 2249 609 2285; x_wconf 91' lang='lat' dir='ltr'>ieiuniis</span> <span class='ocrx_word' id='word_1_364' title='bbox 621 2254 640 2285; x_wconf 90' lang='lat' dir='ltr'>et</span> <span class='ocrx_word' id='word_1_365' title='bbox 648 2249 761 2286; x_wconf 86' lang='lat' dir='ltr'>orationibus</span> 
     </span>
     <span class='ocr_line' id='line_1_41' title="bbox 60 2303 790 2349; baseline 0.003 -14"><span class='ocrx_word' id='word_1_366' title='bbox 60 2312 127 2337; x_wconf 86' lang='lat' dir='ltr'>vacans</span> <span class='ocrx_word' id='word_1_367' title='bbox 142 2304 209 2338; x_wconf 91' lang='lat' dir='ltr'>multos</span> <span class='ocrx_word' id='word_1_368' title='bbox 222 2310 336 2349; x_wconf 85' lang='lat' dir='ltr'>transegerat</span> <span class='ocrx_word' id='word_1_369' title='bbox 344 2316 413 2340; x_wconf 81' lang='lat' dir='ltr'>annos:</span> <span class='ocrx_word' id='word_1_370' title='bbox 425 2305 459 2347; x_wconf 88' lang='lat' dir='ltr'>cui,</span> <span class='ocrx_word' id='word_1_371' title='bbox 469 2304 531 2339; x_wconf 86' lang='lat' dir='ltr'>diuina</span> <span class='ocrx_word' id='word_1_372' title='bbox 542 2304 654 2338; x_wconf 89' lang='lat' dir='ltr'>reuelatlone</span> <span class='ocrx_word' id='word_1_373' title='bbox 664 2309 695 2338; x_wconf 87' lang='lat' dir='ltr'>aut</span> <span class='ocrx_word' id='word_1_374' title='bbox 705 2303 762 2340; x_wconf 89' lang='lat' dir='ltr'>nimia</span> <span class='ocrx_word' id='word_1_375' title='bbox 770 2316 790 2347; x_wconf 78' lang='lat'>⁴0</span> 
     </span>
     <span class='ocr_line' id='line_1_42' title="bbox 60 2354 762 2403; baseline 0.009 -15"><span class='ocrx_word' id='word_1_376' title='bbox 60 2354 161 2400; x_wconf 87' lang='lat' dir='ltr'>deuotione,</span> <span class='ocrx_word' id='word_1_377' title='bbox 168 2368 209 2392; x_wconf 90' lang='lat' dir='ltr'>mos</span> <span class='ocrx_word' id='word_1_378' title='bbox 217 2357 292 2393; x_wconf 87' lang='lat' dir='ltr'>inoleuit</span> <span class='ocrx_word' id='word_1_379' title='bbox 297 2363 317 2393; x_wconf 88' lang='lat' dir='ltr'>vt</span> <span class='ocrx_word' id='word_1_380' title='bbox 324 2358 414 2403; x_wconf 84' lang='lat' dir='ltr'>patefacto</span> <span class='ocrx_word' id='word_1_381' title='bbox 419 2357 432 2378; x_wconf 73' lang='lat'>¹²</span> <span class='ocrx_word' id='word_1_382' title='bbox 439 2357 487 2393; x_wconf 87' lang='lat' dir='ltr'>beati</span> <span class='ocrx_word' id='word_1_383' title='bbox 493 2356 574 2393; x_wconf 88' lang='lat' dir='ltr'>martiris</span> <span class='ocrx_word' id='word_1_384' title='bbox 580 2356 678 2402; x_wconf 89' lang='lat' dir='ltr'>sepulchro</span> <span class='ocrx_word' id='word_1_385' title='bbox 684 2356 762 2403; x_wconf 83' lang='lat' dir='ltr'>singulis</span> 
     </span>
    </p>
   </div>
   <div class='ocr_carea' id='block_1_3' title="bbox 58 2447 762 2607">
    <p class='ocr_par' dir='ltr' id='par_1_3' title="bbox 58 2447 762 2607">
     <span class='ocr_line' id='line_1_43' title="bbox 79 2447 762 2484; baseline 0.006 -4"><span class='ocrx_word' id='word_1_386' title='bbox 79 2447 211 2482; x_wconf 86' lang='lat' dir='ltr'>¹E.conuersos.</span> <span class='ocrx_word' id='word_1_387' title='bbox 249 2453 356 2484; x_wconf 63' lang='lat' dir='ltr'>‘assectae</span> <span class='ocrx_word' id='word_1_388' title='bbox 394 2452 523 2483; x_wconf 77' lang='lat' dir='ltr'>³T.areioribus.</span> <span class='ocrx_word' id='word_1_389' title='bbox 564 2451 762 2484; x_wconf 76' lang='lat' dir='ltr'>¹S.similisSebastiono</span> 
     </span>
     <span class='ocr_line' id='line_1_44' title="bbox 59 2491 762 2527; baseline 0.009 -10"><span class='ocrx_word' id='word_1_390' title='bbox 59 2491 129 2527; x_wconf 81' lang='lat' dir='ltr'>martyri.</span> <span class='ocrx_word' id='word_1_391' title='bbox 171 2492 302 2523; x_wconf 75' lang='lat' dir='ltr'>⁵E.all&#39;erentes.</span> <span class='ocrx_word' id='word_1_392' title='bbox 347 2493 457 2523; x_wconf 77' lang='lat' dir='ltr'>⁸T.E.etiu.</span> <span class='ocrx_word' id='word_1_393' title='bbox 497 2491 608 2523; x_wconf 63' lang='lat' dir='ltr'>&#39;reinna</span> <span class='ocrx_word' id='word_1_394' title='bbox 649 2492 762 2524; x_wconf 78' lang='lat' dir='ltr'>³E.rudente.</span> 
     </span>
     <span class='ocr_line' id='line_1_45' title="bbox 58 2527 761 2607; baseline 0.004 -47"><span class='ocrx_word' id='word_1_395' title='bbox 58 2527 94 2597; x_wconf 50' lang='lat' dir='ltr'>:th</span> <span class='ocrx_word' id='word_1_396' title='bbox 100 2530 203 2607; x_wconf 48' lang='lat' dir='ltr'>edlrlildcslgad</span> <span class='ocrx_word' id='word_1_397' title='bbox 210 2532 228 2561; x_wconf 90' lang='lat' dir='ltr'>of</span> <span class='ocrx_word' id='word_1_398' title='bbox 236 2533 282 2561; x_wconf 90' lang='lat' dir='ltr'>huius</span> <span class='ocrx_word' id='word_1_399' title='bbox 289 2536 338 2561; x_wconf 87' lang='lat' dir='ltr'>sanet.</span> <span class='ocrx_word' id='word_1_400' title='bbox 346 2533 364 2562; x_wconf 84' lang='lat' dir='ltr'>E.</span> <span class='ocrx_word' id='word_1_401' title='bbox 371 2541 391 2562; x_wconf 90' lang='lat' dir='ltr'>m.</span> <span class='ocrx_word' id='word_1_402' title='bbox 440 2532 451 2549; x_wconf 77' lang='lat'>¹⁰</span> <span class='ocrx_word' id='word_1_403' title='bbox 462 2532 478 2562; x_wconf 88' lang='lat' dir='ltr'>S.</span> <span class='ocrx_word' id='word_1_404' title='bbox 487 2532 587 2569; x_wconf 75' lang='lat' dir='ltr'>riga=linea</span> <span class='ocrx_word' id='word_1_405' title='bbox 634 2531 644 2550; x_wconf 87' lang='lat'>¹¹</span> <span class='ocrx_word' id='word_1_406' title='bbox 656 2532 674 2562; x_wconf 84' lang='lat' dir='ltr'>E.</span> <span class='ocrx_word' id='word_1_407' title='bbox 681 2532 761 2563; x_wconf 85' lang='lat' dir='ltr'>ofwenna.</span> 
     </span>
    </p>
   </div>
   <div class='ocr_carea' id='block_1_4' title="bbox 0 0 886 2803">
    <p class='ocr_par' dir='ltr' id='par_1_4' title="bbox 0 0 886 2803">
     <span class='ocr_line' id='line_1_46' title="bbox 0 0 886 2803; baseline 0 2"><span class='ocrx_word' id='word_1_408' title='bbox 0 0 886 2803; x_wconf 95' lang='lat' dir='ltr'> </span> 
     </span>
    </p>
   </div>
  </div>
 </body>
</html>
