1762 2803
106 124 150 169 618
252 125 253 128 ’
369 119 494 180 duumuir
512 121 544 167 11.

106 261 127 285 ac
145 252 182 285 sine
201 251 297 294 calumpnia
312 250 365 283 fuisse
383 250 405 283 ab
420 249 499 283 omnibus
514 249 651 283 antecessoribus
666 249 719 293 ipsius
734 252 808 297 Amasti,

106 304 235 336 demonstrasse
253 312 320 345 quoque
338 301 397 334 testati
416 307 455 334 sunt
473 302 569 343 predictum
587 302 672 342 abbatem,
688 304 809 337 monasterium

106 364 156 387 suum
164 353 261 387 dedicatum
272 353 294 386 ab
305 353 403 394 Agelnotho
414 352 542 394 archiepiscopo
550 352 678 391 dorobernensi,
687 363 738 394 seque
749 360 809 395 postea

106 404 187 436 abbatem
200 408 318 436 consecratum
329 402 382 436 fuisse
396 413 407 434 a
421 402 552 445 metropolitano
565 402 642 435 eiusdem
656 401 714 444 sedis3
731 409 809 437 anteces-

89 460 97 490 5
106 464 163 487 sorum
175 454 229 488 eciam
240 453 293 495 ipsius
301 454 373 487 alterum
384 454 406 486 ab
415 453 452 495 ipso
464 452 577 494 londoniensi,
585 454 657 485 alterum
668 462 678 485 a
689 454 756 494 presule
768 455 809 488 uin·

106 504 179 538 toniensi
198 504 297 544 ordinat0s3
318 504 412 537 monachos
431 515 498 546 quoque
517 503 542 537 sui
560 503 660 536 monasterii
678 514 689 536 a
707 504 810 546 quibuslibet

107 555 191 598 episcopis
203 555 225 587 ad
234 555 311 587 diuersos
323 555 391 587 ordines
399 561 486 597 promotos
499 555 535 587 sine
546 554 683 587 contradiceione
690 555 810 589 thetfordensis

107 606 134 638 vel
149 605 252 638 elmanensis
268 605 349 648 episcopi,
364 605 438 646 eleganti
457 605 555 638 testimonio
572 605 697 646 comprobasse.
717 605 810 638 ¹Discussa

107 655 178 689 tandem
191 653 300 698 calumpnia¹
315 655 376 698 prefati
392 654 472 688 Herberti
488 652 613 697 honestisfque]
627 653 725 687 nacionibus
737 655 810 689 refutata

82 718 100 739 10
108 717 138 749 per
150 707 237 740 decretum
247 705 348 739 vniuersalis
359 705 431 746 consilii,
439 717 461 739 ne
474 705 535 738 mutire
548 705 617 748 quidem
629 716 680 738 ausus
692 711 719 738 est
729 705 810 749 deinceps

108 764 168 791 contra
175 756 265 791 ecclesiam
273 756 327 790 sancti
335 756 423 789 Edmundi
430 757 487 799 quoad
495 755 564 798 uixerat,
573 762 590 790 et
598 755 648 790 sicin
655 766 708 789 causa
716 767 746 789 sua
754 756 810 790 minus

108 811 157 853 iusta,
165 810 230 845 meritis
238 809 292 843 sancti
300 810 387 843 Edmundi
394 810 445 852 plane
453 809 520 843 defecit.
543 811 582 843 Hec
589 809 684 843 Marianus.

180 971 234 1008 lea
246 979 310 1005 ronuo
322 979 344 1004 m
357 972 423 1004 lanum
434 979 446 1003 a
459 978 542 1005 ommno
554 978 645 1004 raucone
656 978 737 1004 snuuro.

271 1043 346 1084 Empore
353 1041 398 1084 regis
405 1041 486 1074 Willelmi
495 1041 550 1084 primi,
556 1041 610 1074 abbas
617 1040 732 1081 Baldewinus,
737 1041 810 1073 Romam

292 1091 409 1134 proficiscens,
414 1092 436 1124 de
445 1091 515 1124 camisia
523 1091 576 1124 sancti
585 1090 673 1126 Edmundi
679 1097 746 1133 partem
752 1101 817 1127 secum,

83 1152 100 1182 15
109 1141 203 1184 assumpsit
211 1142 233 1175 ad
241 1142 373 1184 propagandum
380 1142 463 1174 honorem
470 1141 549 1182 martiris,
555 1141 638 1183 religiosis
645 1152 683 1174 eam
690 1141 811 1174 distributurus

109 1192 192 1234 personis.
216 1193 294 1235 Cumque
306 1191 394 1224 ciuitatem
408 1192 457 1225 ltalie
470 1203 504 1235 que
518 1193 574 1225 Lucas
587 1192 649 1225 dicitur
663 1191 811 1234 apprehendisset,

109 1067 226 1111 Sa[m]pson².

109 1249 175 1285 partem
184 1243 254 1276 camisie
262 1243 366 1286 quibusdam
374 1243 452 1276 fidelibus
460 1243 531 1285 largitus
539 1250 564 1276 est
572 1255 576 1285 ;
588 1242 633 1276 vnde
640 1243 705 1276 factum
713 1247 739 1275 est
747 1248 764 1275 vt
772 1253 812 1275 mox

109 1293 127 1325 in
139 1293 211 1325 basilica
223 1293 278 1326 sancti
292 1292 363 1326 Martini
377 1293 400 1325 ad
413 1294 496 1325 honorem
509 1293 554 1325 beati
569 1292 656 1325 Edmundi
669 1291 744 1324 martiris
759 1292 812 1324 altare

109 1348 241 1376 consecraretur.
269 1343 359 1376 Predictus
374 1349 432 1376 autem
447 1344 501 1375 abbas
516 1342 599 1385 expeditis
614 1342 689 1384 negociis
704 1351 735 1384 pro
750 1341 812 1384 quibus

83 1405 102 1426 20
110 1395 184 1428 Romam
196 1394 265 1436 adierat,
277 1404 359 1436 prospere
373 1394 390 1426 in
403 1393 484 1435 Angliam
496 1404 576 1426 reuersus
591 1398 622 1427 est.
652 1394 690 1425 Nec
704 1392 759 1425 multo
773 1397 812 1434 post

109 1449 186 1486 tempore
195 1444 274 1477 Edfricus
281 1443 354 1477 ecclesie
361 1443 407 1476 beati
419 1443 508 1476 Edmundi
518 1443 620 1486 prepositus,
628 1448 644 1476 et
653 1442 733 1476 sacerdos
742 1441 812 1484 quidam

110 1493 197 1527 Sirrardus
212 1494 286 1535 nomine,
301 1494 333 1526 iter
348 1493 394 1526 idem
406 1493 539 1535 aggrediuntur;
559 1500 611 1536 atque
627 1499 666 1535 post
681 1492 770 1525 diuturnos
785 1490 812 1524 uie

110 1545 177 1577 labores
185 1544 203 1576 in
211 1545 294 1586 prefatam
302 1544 406 1576 diuertentes
414 1544 506 1585 ciuitatem,
510 1544 599 1576 cuiusdam
607 1543 652 1576 Petri
660 1544 734 1575 subeunt
741 1542 812 1574 domici-

110 1593 157 1627 lium.
180 1595 247 1636 Quibus
260 1600 299 1636 post
310 1593 403 1626 exhibitam
414 1593 536 1636 hospitalitatis
548 1593 672 1626 humanitatem
684 1593 747 1634 hospes
760 1591 811 1624 dixit:

84 1654 102 1684 25
111 1643 157 1678 ‘Viri
165 1644 231 1686 fratres,
240 1643 303 1687 quibus
311 1644 333 1677 ab
341 1643 375 1677 oris
383 1644 426 1677 fines
434 1649 501 1677 nostros
509 1643 611 1686 penetrastis
617 1643 630 1677 l'
646 1644 670 1677 At
677 1642 700 1676 illi
707 1654 711 1677 :
719 1641 812 1682 ‘Nacione‚

111 1693 211 1738 inqui[un]t,
219 1695 275 1736 Angli,
284 1693 389 1737 professione
397 1694 487 1727 monachi)
504 1694 533 1727 Ad
541 1705 583 1736 quos
591 1693 629 1727 ille:
643 1694 647 1711 ¹
654 1693 719 1733 Nostis,
727 1692 755 1733 ait,
763 1692 812 1735 quip-

110 1746 157 1787 piam
165 1747 187 1778 de
195 1751 254 1778 sancto
262 1744 396 1787 Edmundo,qui
404 1745 481 1777 eiusdem
489 1744 557 1786 [insule]
566 1756 595 1777 rex
603 1755 634 1786 pro
642 1744 675 1776 fide
684 1743 747 1776 Christi
753 1741 812 1775 martir

111 1795 181 1829 effectus
189 1800 215 1828 est
221 1795 235 1828 i'
250 1794 335 1837 ‘Optime‚
343 1794 427 1836 inquiunt,
435 1805 475 1827 nam
483 1794 515 1827 sub
523 1794 559 1827 eius
567 1793 598 1827 alis
606 1793 678 1833 educati,
684 1792 761 1826 eiusdem
769 1802 812 1824 mar-

111 1845 148 1877 tiris
156 1845 233 1887 alumpni
241 1846 310 1877 sumus?
323 1846 347 1877 At
355 1845 382 1877 ille
390 1845 476 1877 subiunxit
485 1856 488 1877 :
501 1844 531 1876 ‘ln
539 1845 572 1877 hac
580 1844 655 1884 ciuitate,
662 1844 679 1876 in
686 1844 758 1876 ecclesia
766 1842 812 1874 beati

85 1911 104 1940 30
112 1895 188 1937 Martini,
193 1897 246 1928 altare
254 1896 331 1928 titulatur
338 1896 369 1927 sub
377 1896 442 1928 honore
450 1895 504 1927 sancti
512 1894 612 1936 Edmundi3
625 1895 647 1927 ad
656 1895 701 1937 quod
708 1893 733 1926 vir
743 1892 812 1936 quidam

112 1945 170 1980 multis
179 1947 245 1989 pollens
259 1945 326 1978 diuiciis
339 1945 393 1978 filium
405 1956 454 1978 suum
465 1945 534 1978 vnicum
548 1945 614 1978 diutino
626 1946 695 1987 langore
708 1954 813 1987 percussum,

111 2001 150 2037 post
158 1996 262 2029 medicinam
272 1995 384 2037 multiplicem
395 1996 491 2028 adhibitam
499 2002 516 2027 et
524 2001 622 2028 sanctorum
630 1995 711 2035 suffragia
721 1994 813 2036 implorata

111 2045 151 2078 fecit
163 2044 235 2078 adduci:
247 2044 277 2077 vbi
289 2044 342 2077 cereis
354 2044 430 2077 accensis
442 2055 481 2077 cum
492 2050 573 2086 parentes
585 2044 621 2077 eius
633 2043 695 2086 vigiliis
707 2050 724 2077 et
735 2043 814 2085 precibus

112 2095 201 2135 instarent,
216 2094 331 2138 im[m]inente
350 2095 384 2128 iam
400 2088 500 2137 crepusculo
517 2105 578 2137 sopore
593 2100 697 2136 merguntur,
713 2094 741 2137 qui
756 2102 814 2126 rursus

85 2157 104 2187 35
113 2146 231 2190 expergefacti,
247 2157 318 2189 puerum
337 2157 399 2179 sanum
418 2146 504 2189 reperiunt
523 2152 540 2179 et
557 2147 637 2187 alacrem,
655 2146 683 2189 qui
700 2145 766 2178 diucius
785 2154 814 2176 en·

113 2197 182 2231 cleticus
197 2198 252 2231 fuerat
267 2208 288 2230 ac
301 2197 367 2230 debilis.
391 2198 411 2230 ln
425 2202 543 2239 argumentum
557 2196 597 2230 fidei
609 2207 652 2240 puer
663 2207 715 2229 sanus
728 2202 745 2230 et
758 2195 815 2241 alacer

113 2248 185 2291 publicis
197 2247 294 2289 aspectibus
306 2253 418 2289 presentatur,
430 2248 468 2280 laus
481 2246 553 2280 creatori
569 2248 675 2288 decantatur,
690 2247 708 2279 in
724 2254 815 2279 commuue

113 2298 188 2330 martiris
195 2297 292 2338 triumphus
300 2296 387 2329 attollitur.
411 2297 467 2329 Huius
475 2297 533 2338 gracia
541 2296 619 2329 miraculi
627 2297 700 2338 populus
708 2296 753 2328 illius
760 2293 815 2337 patrie

113 2346 209 2381 annualiter
216 2347 290 2380 eandem
298 2347 394 2389 frequentat
402 2346 498 2387 ecclesiam,
506 2347 529 2380 ad
537 2346 605 2379 laudem
615 2347 642 2380 dei
650 2345 815 2386 veneracionemque

85 2410 105 2440 40
113 2400 168 2433 sancti
176 2398 250 2433 martiris
258 2397 357 2431 Edmundi!
376 2399 415 2432 Hec
424 2399 484 2431 Petrus
491 2399 556 2440 prefate
563 2398 610 2432 vrbis
622 2398 664 2432 ciuis
672 2398 703 2431 sub
712 2397 751 2430 fidei
759 2392 815 2429 retulit

113 2449 215 2490 testimonie,
224 2459 329 2491 puerumque
337 2449 446 2489 languentem
457 2459 478 2480 ac
488 2448 598 2490 postmodum
609 2448 679 2481 sanitati
689 2447 786 2481 restitutum
797 2454 815 2477 se

113 2500 177 2534 vidisse
184 2499 296 2532 sacramentis
304 2498 381 2540 plurimis
389 2498 466 2531 asseruit.

213 2587 219 2606 ¹
229 2587 263 2618 MS.
270 2586 391 2628 calumpniaque.
560 2587 566 2606 ²
576 2587 601 2618 Cf.
608 2587 640 2618 Tit.
647 2586 673 2616 fol.
682 2595 716 2617 101.
