1762 2803
159 140 217 211 356Ἰ
348 137 428 189 tauta
444 135 560 198 bromos
575 134 669 197 unalia

159 257 209 292 rioso
224 258 301 302 coniuge
315 263 377 292 vestro
392 263 469 302 paterna
487 259 566 292 charitas
581 258 658 293 sollicite
676 257 803 302 perquisisset,
819 268 861 301 cog-

159 310 244 345 nouimus
249 311 298 354 quod
306 316 382 345 eatenus
390 310 530 346 abhominandis
538 311 591 346 idolis
599 310 688 352 seruiens,
694 311 717 345 ad
725 310 861 355 suscipiendam

159 374 223 398 vocem
238 363 372 407 predicatorum
387 374 439 398 suam
454 364 544 399 distulerit
559 364 681 399 obedientiam
697 363 790 398 exhibere.
821 363 862 405 Qua

159 428 183 451 ex
195 428 215 451 re
227 428 263 450 non
276 417 347 450 modica
360 417 413 451 nobis
428 417 529 451 amaritudo
543 423 630 462 congesta
642 422 676 458 est,
687 417 710 451 ab
723 428 745 450 eo
758 417 807 460 quod
818 427 862 460 pars

142 469 242 512 5corporis
252 469 309 503 vestri
321 469 343 502 ab
355 469 448 513 agnitione
460 481 532 504 summe
544 476 562 504 et
573 470 666 504 indiuidue
678 468 763 504 trinitatis
774 468 862 502 remansit

159 526 253 557 extranea.
286 522 341 557 Vnde
363 523 445 567 paternis
468 522 533 558 officiis
553 528 615 558 vestre
635 522 714 567 gloriose
736 521 862 557 christianitati

159 580 241 608 nostram
255 575 416 609 commonitionem
428 586 466 609 non
478 576 582 610 distulimus
593 576 730 617 conserendam,
742 576 861 609 adhortantes

159 627 245 671 quatinus
257 627 318 661 diuine
330 627 456 671 inspirationis
468 628 538 662 imbuta
549 628 635 663 subsidiis
645 629 656 672 ¹,
668 628 772 672 importune
782 633 800 662 et
808 638 862 672 opor-

159 684 203 713 tune
214 680 306 722 agendum
317 690 355 713 non
364 680 444 722 differas,
452 685 472 714 vt
479 685 497 714 et
505 681 551 724 ipse,
560 681 656 715 saluatoris
664 681 722 714 nostri
730 680 799 714 domini
807 680 862 713 ihesu

132 745 151 764 10
160 730 228 765 Christi
243 737 353 774 cooperante
369 732 456 775 potentia,
469 732 609 767 christianorum
627 744 703 767 numero
719 732 824 776 copuletur3
843 738 863 766 vt

159 783 237 829 perinde
248 784 356 819 intemerato
367 785 459 820 societatis
469 786 533 820 sedere
543 786 583 820 iura
595 791 659 821 teneas
671 785 758 820 maritalis
771 784 863 820 consortii.

159 837 253 881 Scriptum
265 849 345 882 namque
357 844 395 873 est:
408 839 484 872 “Erunt
494 840 530 873 duo
542 839 561 873 in
572 850 628 873 carne
637 841 689 873 vna.”
712 839 807 881 Quomodo
819 849 863 882 ergo

159 890 219 925 vnitas
227 891 280 924 vobis
293 890 425 925 coniunctionis
436 891 498 926 inesse
509 892 545 926 dici
556 892 628 936 poterit,
636 892 652 926 si
660 903 671 926 a
678 897 739 926 vestre
747 891 790 925 fidei
801 891 863 935 splen·

160 943 211 984 dore,
218 942 332 986 interpositis
340 943 453 978 detestabilis
460 944 528 978 erroris
534 943 620 985 tenebris,
626 944 657 978 ille
664 943 774 978 remanserit
781 943 863 978 alienus?

133 1007 151 1036 15
160 994 215 1029 Vnde
226 994 303 1028 orationi
314 996 401 1029 continue
412 995 507 1038 insistens,
514 1007 525 1029 a
536 995 674 1040 longanimitate
684 995 758 1031 celestis
766 995 863 1030 clementie

160 1048 297 1081 illuminationis
308 1048 366 1092 ipsius
382 1049 472 1082 beneficia
487 1050 587 1093 impetrare
601 1061 639 1082 non
655 1049 733 1092 desinas,
745 1054 765 1083 vt
779 1049 864 1083 videlicet

160 1111 206 1145 quos
222 1100 312 1144 copulatio
327 1101 406 1136 carnalis
421 1102 497 1135 affectus
510 1112 567 1136 vnum
583 1103 717 1145 quodammodo
731 1112 797 1146 corpus
813 1102 864 1136 exhi-

160 1152 223 1188 buisse
238 1158 356 1192 monstratur,
368 1154 402 1187 hos
417 1165 490 1197 quoque
505 1154 565 1189 vnitas
579 1154 622 1189 fidei
635 1155 690 1189 ctiam
704 1159 746 1199 post
761 1154 815 1188 huius
826 1154 864 1190 vite

160 1206 257 1240 transitum
272 1206 291 1239 in
306 1211 396 1250 perpetua
411 1206 498 1241 societate
514 1212 616 1241 conseruet.
639 1207 706 1242 Insiste
721 1219 771 1252 ergo,
784 1208 864 1252 gloriosa

134 1271 153 1292 20
161 1257 202 1299 filia,
211 1264 229 1292 ct
240 1258 318 1292 summis
329 1258 424 1293 conatibus
432 1259 517 1293 duritiam
526 1257 587 1294 cordis
596 1260 655 1304 ipsius
664 1260 750 1305 religiosa
760 1260 864 1295 diuinorum

160 1317 290 1355 preceptorum
298 1311 419 1346 insinuatione
429 1312 501 1345 mollire
509 1323 626 1356 summopere
633 1319 709 1355 matura,
715 1313 814 1347 infundens
822 1324 864 1347 sen·

161 1365 212 1399 sibus
227 1364 266 1398 eius
279 1370 367 1408 quantum
382 1365 405 1399 sit
418 1365 521 1408 preclarum
536 1366 584 1408 quod
601 1367 694 1400 credendo
709 1366 805 1409 suscepisti
820 1366 864 1400 mis·

161 1416 232 1457 terium,
245 1421 357 1459 quantumue
372 1416 396 1451 sit
411 1417 518 1451 admirabile
530 1418 579 1460 quod
594 1423 658 1452 renata
672 1418 764 1462 premium
777 1418 864 1462 consequi

161 1468 251 1503 meruisti.
274 1469 399 1512 Frigiditatem
411 1469 472 1504 cordis
487 1468 545 1513 ipsius
560 1470 619 1504 sancti
634 1470 709 1514 spiritus
724 1470 864 1505 annunciatione

135 1535 153 1564 ²5
163 1523 259 1563 succende,
276 1523 362 1565 quatinus
380 1528 441 1556 amoto
459 1528 533 1565 torpore
552 1522 703 1566 perniciosissimi
723 1524 786 1566 cultus,
803 1523 864 1557 diuine

163 1574 206 1609 fidei
218 1574 322 1609 ca10r²eius
332 1575 472 1619 intelligentiam
482 1581 554 1609 tuarum
565 1575 712 1609 adhortationum
720 1576 864 1620 frequentatione

163 1628 268 1670 succendat,
275 1632 295 1662 vt
306 1628 388 1672 profecto
399 1639 452 1662 sacre
463 1628 553 1672 scripture
564 1627 689 1662 testimonium
700 1634 759 1673 perte
770 1629 864 1673 expletum

162 1681 288 1715 indubitanter
294 1681 407 1725 perclareat:
419 1681 535 1715 “saluabitur
542 1681 571 1715 vir
581 1681 661 1716 infidelis
672 1692 706 1725 per
714 1682 809 1716 mulierem
819 1683 864 1717 fide-

163 1734 215 1767 lem.”
238 1733 268 1767 Ad
280 1734 314 1767 hoc
326 1733 375 1767 enim
387 1733 531 1767 misericordiam
545 1733 635 1767 dominice
648 1734 721 1777 pietatis
734 1740 832 1768 consecuta
844 1746 865 1768 es

136 1782 183 1827 3ovt
197 1785 276 1819 fructum
291 1786 335 1819 fidei
350 1786 498 1830 creditorumque
513 1786 545 1819 tibi
560 1786 691 1819 beneficiorum
706 1787 818 1831 redemptori
833 1792 864 1821 tuo

163 1839 283 1883 multiplicem
291 1840 406 1883 resignare53
419 1841 467 1883 quod
475 1840 561 1883 equidem
573 1840 685 1883 suffragante
694 1840 775 1884 presidio
782 1840 864 1884 benigni·

162 1891 204 1927 tatis
215 1892 273 1937 ipsius
280 1898 299 1927 vt
310 1893 386 1937 explere
394 1892 462 1936 valeas,
470 1892 548 1927 assiduis
559 1903 596 1927 non
608 1892 714 1928 desistimus
724 1892 810 1938 precibus
821 1904 864 1938 pos-

162 1946 225 1981 tulare.
248 1946 284 1980 His
297 1957 341 1990 ergo
354 1947 455 1990 premissis,
467 1952 544 1990 paterne
559 1946 624 1980 vobisl
636 1946 739 1980 dilectionis
754 1947 864 1981 exhibentes

162 1998 228 2040 officia,
241 1998 335 2032 hortamur
346 2003 366 2033 vt
378 2010 412 2033 nos
417 1999 429 2041 4,
441 2003 515 2042 reperta
528 1998 622 2042 portitoris
636 1999 737 2040 occasione,
751 2000 774 2033 de
788 1999 817 2033 his
829 2010 865 2043 que

135 2063 154 2093 35
162 2061 197 2096 per
203 2061 237 2085 vos
245 2062 326 2095 superna
337 2053 419 2095 potentia
429 2051 546 2085 mirabiliter⁵
554 2051 573 2084 in
581 2052 701 2085 conuersione
713 2051 795 2096 coniugIs
802 2052 865 2095 vestri,

163 2104 291 2146 submisseque
302 2104 354 2137 vobis
367 2105 432 2147 gentis,
444 2104 530 2146 dignatus
543 2103 598 2136 fuerit
611 2104 689 2146 operari,
700 2105 795 2147 prosperis
808 2116 865 2148 quan-

162 2155 217 2190 totius
232 2154 304 2189 nunciis
316 2155 419 2196 reueletis⁸‚
431 2155 517 2199 quatinus
527 2154 629 2189 sollicitudo
643 2160 710 2196 nostra,
722 2167 758 2199 que
772 2156 796 2189 de
808 2157 865 2190 vestri

162 2213 302 2252 vestrorumque
312 2209 394 2242 omnium
405 2210 465 2242 anime
475 2209 533 2241 salute
544 2208 630 2252 optabilia
638 2208 765 2242 desideranter
775 2215 865 2253 expectat,

162 2261 214 2297 vobis
233 2261 362 2296 nunciantibus
381 2260 492 2303 releuetur⁷‚
509 2261 687 2306 illustrationemque
703 2261 765 2296 diuine
780 2262 865 2306 propitia-

134 2327 155 2358 40
163 2314 217 2349 tionis
231 2314 250 2348 in
260 2314 314 2349 vobis
327 2314 413 2348 diffusam
427 2314 531 2359 opulentius
545 2320 671 2358 agnoscentes,
685 2314 737 2349 hilari
750 2315 866 2351 confessione

163 2367 243 2411 largitori
258 2368 340 2402 omnium
355 2369 445 2402 bonorum
461 2368 496 2402 deo
508 2373 526 2401 et
540 2368 593 2402 beato
610 2368 664 2402 Petro
675 2368 799 2412 apostolorum
814 2369 865 2413 prin·

163 2420 199 2465 cipi
214 2421 280 2454 uberes
299 2421 364 2454 merito
380 2420 448 2464 gratias
465 2421 588 2454 exsoluamus.
618 2420 705 2454 Preterea
719 2421 865 2455 benedictionem

163 2472 271 2517 protectoris
276 2473 332 2507 vestri
337 2473 343 2491 ⁸
349 2473 397 2507 beati
404 2473 453 2507 Petri
459 2473 583 2517 apostolorum
590 2472 678 2517 principis
686 2473 752 2517 [vobis]
759 2473 865 2516 direximus,

187 2545 193 2562 ¹
204 2546 221 2576 E.
230 2547 294 2577 subdiis.
386 2547 392 2563 ²
402 2548 419 2578 T.
428 2547 446 2577 E.
454 2547 510 2578 calore.
605 2546 611 2562 ³
622 2547 639 2577 E.
647 2547 697 2577 nobis.
788 2546 794 2565 ⁴
805 2548 823 2579 E.
830 2558 864 2579 vos.

164 2585 305 2618 “Emerabiliten
356 2586 480 2618 ‘alseleuetis
530 2586 564 2617 7Ε,
573 2587 656 2618 reueletur.
708 2587 742 2617 ΙιΕ,
750 2588 805 2618 nostri.
