1762 2803
131 130 173 181 146
320 127 400 179 ianua
415 124 531 187 beamus
546 123 638 187 unalia

104 240 117 291 β’
129 248 148 282 in
156 259 192 292 qua
200 246 272 282 fuerant
282 247 301 281 in
311 259 357 282 cena
365 247 444 281 domini:
459 253 477 281 et
484 247 562 281 occurrit
572 247 608 281 illis
615 247 710 291 predictus
718 252 830 291 procurator,

131 302 204 336 dicens:
221 301 320 335 ‘Mirabilis
335 301 354 334 in
370 302 438 334 sanctis
454 303 493 350 suis
508 303 554 335 deus
570 300 638 334 lsrael:
654 299 695 343 ipse
711 300 761 334 dabit
775 300 831 334 virtu-

130 361 195 390 temet
206 354 330 388 fortitudinem
342 354 402 397 plebi¹
413 364 447 387 sue
460 355 568 389 benedictus
579 354 636 387 deus'
663 353 686 387 Et
696 353 755 387 induit
766 363 831 388 omnes

131 408 184 441 nouis
197 407 290 449 vestibus3
307 412 325 439 et
340 412 415 440 onerata
426 399 534 441 victualibus
548 406 596 449 naui,
609 406 653 448 ²[Et
668 406 759 440 celebrata
775 416 832 449 super

113 460 199 499 5bestia³
212 459 302 492 dominica
314 459 458 501 resurreccione,
471 459 581 503 nauigabant
594 459 617 493 ad
632 458 711 492 insulam
725 459 796 500 auium3
813 464 832 492 et

130 523 194 548 omnes
206 522 250 546 aues
260 512 357 546 cantabant
367 512 420 556 qnasi
432 523 468 547 una
478 523 523 547 uoce
536 513 629 547 dicentes:
643 511 706 546 ‘Salus
720 511 755 546 deo
768 516 831 546 nostro

130 567 201 600 sedenti
210 576 266 608 super
278 571 351 599 tronum
364 570 382 599 et
392 568 449 609 agno?
473 566 496 599 Et
507 566 585 600 iterum:
602 565 703 599 ‘Dominus
715 566 761 601 deus
773 564 832 599 illuxit

129 619 188 667 nobis,
205 618 307 652 constituite
323 619 372 652 diem
387 619 503 663 solempnem
518 618 536 652 in
550 618 649 654 condensis
664 629 723 661 usque
736 619 759 652 ad
774 629 831 660 cornu

129 672 201 707 altaris:
228 671 274 705 Tam
284 662 360 705 uocibus¹
372 682 427 715 quam
438 671 471 706 alis
482 672 593 706 resonabant
604 671 656 715 quasi
669 671 764 705 dimidium
777 671 831 706 unius

103 726 178 759 robore.
202 724 225 760 Et
238 724 339 758 adueniens
355 729 463 768 procurator
474 725 568 768 predictus
583 723 644 758 omnia
656 723 711 757 uictui
726 723 832 758 necessaria

130 789 193 812 secum
201 777 300 812 deferebat.
324 778 347 811 Et
357 789 400 812 ecce
411 778 494 822 predicta
502 777 542 811 auis
550 776 633 811 extensis
642 777 676 811 alis
684 776 781 820 strepitum
789 776 832 811 lecit

130 831 176 863 sicut
184 830 263 863 sonitum
271 830 335 873 organi
343 831 410 873 magni,
419 830 444 871 et]
453 830 509 864 dixit:
523 830 578 862 ‘Post
585 829 752 873 peregrinationem
760 835 832 872 septem

130 893 219 917 annorum
229 882 326 917 inuenietis
337 888 405 917 terram
417 881 565 926 repromissionis
575 893 630 926 quam
638 882 726 926 queritis:
740 886 758 915 et
768 887 832 926 postea

131 937 205 971 reducet
214 947 248 970 vos
258 937 303 970 deus
314 937 337 970 ad
348 941 417 970 terram
427 935 526 970 natiuitatis
533 918 710 995 vestresCumque
719 934 773 979 post*
782 934 832 969 naui-

103 1000 121 1030 15
130 995 200 1033 garent,
215 989 299 1033 apparuit
315 989 350 1024 illis
365 989 423 1024 bestia
441 989 487 1024 mire
506 988 642 1033 magnitudinis,
658 999 694 1033 que
712 988 790 1022 iactabat
809 989 832 1023 de

131 1043 205 1077 naribus
217 1053 298 1085 spumas,
307 1048 325 1076 et
337 1043 418 1077 sulcabat
428 1044 487 1076 vndas
496 1043 612 1077 velocissimo
625 1052 684 1083 cursu,
694 1041 746 1086 quasi
756 1043 779 1075 ad
791 1042 832 1076 illos

130 1096 250 1129 deuorandos.
274 1095 314 1137 Quo
326 1095 371 1136 viso,
385 1096 450 1130 fratres
466 1096 568 1129 clamabant
584 1096 607 1129 ad
623 1094 723 1137 dominum,
739 1093 831 1130 dicentes:

130 1148 207 1181 ‘Libera
217 1158 252 1180 nos
262 1148 341 1189 domine,
350 1159 373 1181 ne
381 1159 415 1182 nos
426 1150 502 1182 deuoret
513 1149 568 1182 belua
576 1148 622 1181 ista)
646 1148 669 1180 Et
680 1148 792 1182 confortabat
799 1158 832 1181 eos

131 1201 244 1240 Brendanus,
250 1201 314 1234 dicens
322 1213 326 1235 :
339 1203 343 1220 ‘
351 1201 411 1235 Nolite
419 1212 551 1245 expauescere,
556 1200 641 1234 minimel
647 1200 690 1234 fidei
697 1211 701 1235 ι
713 1201 759 1233 deus
765 1200 796 1244 qui
804 1206 832 1234 est

102 1268 121 1288 20
129 1263 204 1295 semper
212 1258 275 1286 noster
286 1253 376 1294 defensor,
385 1254 426 1296 ipse
435 1264 470 1287 nos
479 1253 563 1287 liberabit
573 1255 597 1287 de
605 1264 637 1286 ore
646 1253 694 1286 illius
705 1252 769 1293 bestie,
778 1258 796 1286 et
808 1253 831 1287 de

129 1304 195 1339 ceteris
206 1304 303 1348 periculis!
332 1305 354 1339 Et
370 1316 412 1339 cum
426 1305 593 1349 appropinquasset
609 1306 632 1338 ad
648 1315 685 1347 eos,
698 1305 831 1339 antecedebant

129 1359 177 1392 vnde
190 1357 236 1392 mire
247 1357 347 1392 altitudinis
359 1369 417 1402 usque
428 1360 451 1392 ad
465 1369 538 1392 nauem.
561 1358 645 1401 Cumque
661 1358 726 1391 fratres
740 1357 799 1401 magis
811 1368 832 1392 ac

129 1411 187 1454 magis
208 1410 299 1452 timerent,
318 1411 428 1445 Brendanus
448 1412 530 1445 extensis
549 1412 634 1445 manibus
653 1410 672 1444 in
691 1410 756 1451 celum,
776 1410 831 1446 dixit:

130 1463 224 1504 ‘Domine,
238 1462 295 1496 libera
308 1474 372 1497 seruos
387 1469 434 1504 tuos
446 1463 492 1497 sicut
504 1463 586 1497 liberasti
598 1463 658 1497 Dauid
672 1463 695 1496 de
709 1473 764 1495 manu
774 1462 832 1505 Golie,

102 1527 120 1556 25
130 1520 148 1549 et
156 1515 220 1550 Ionam
228 1516 251 1548 de
258 1520 323 1549 ventre
335 1515 370 1549 ceti
381 1515 453 1559 magni!
478 1515 513 1549 His
522 1515 580 1558 dictis,
589 1515 685 1549 confestim
693 1515 747 1548 belua
754 1516 777 1548 ab
785 1515 832 1548 occi-

130 1569 185 1601 dente
195 1569 246 1601 iuxta
258 1568 298 1601 illos
306 1568 395 1601 transibat
405 1574 423 1601 et
431 1567 482 1601 irruit
494 1579 551 1611 super
559 1567 615 1609 illam,
623 1567 648 1601 ita
655 1573 675 1601 vt
682 1566 744 1610 ignem
751 1567 832 1602 mitteret

130 1621 153 1654 ab
172 1631 204 1654 ore
222 1630 267 1654 suo:
286 1625 304 1653 et
321 1620 416 1654 interfecta
431 1626 459 1655 est
474 1620 527 1654 belua
543 1631 579 1663 que
594 1620 740 1663 persequebatur
754 1619 832 1655 lamulos
877 1657 880 1661 ,

131 1673 203 1714 Christi,
219 1677 237 1705 et
255 1673 274 1705 in
289 1677 327 1706 tres
345 1678 408 1715 partes
424 1672 487 1706 diuisa,
511 1673 593 1714 Quarum
611 1678 683 1715 partem
701 1682 762 1713 unam,
780 1673 832 1707 iussu

131 1724 229 1765 Brendani‚
237 1729 355 1767 sumpserunt
364 1724 430 1758 fratres
441 1730 458 1758 et
468 1725 491 1758 ad
503 1725 637 1758 comedendum
649 1728 765 1768 parauerunt.
787 1724 832 1759 Visa

102 1790 121 1819 30
130 1782 191 1811 autem
203 1777 281 1821 quadam
294 1776 358 1820 insula,
371 1777 481 1810 Brendanus
493 1777 549 1811 dixit:
563 1777 620 1810 ‘Tres
632 1776 695 1821 populi
709 1781 752 1810 sunt
764 1777 783 1810 in
797 1777 832 1811 ista

129 1831 193 1872 insula,
201 1840 248 1863 unus
256 1840 360 1873 puerorum,
369 1831 415 1863 alius
425 1830 518 1872 iuuenum,
527 1829 592 1864 tertius
600 1840 644 1864 vero
652 1829 751 1864 seniorum.
764 1856 766 1859 ,
774 1830 832 1865 Porro

128 1894 175 1918 vnus
184 1894 207 1918 ex
216 1882 302 1916 fratribus
313 1882 382 1916 nostris
393 1882 430 1917 illic
441 1882 589 1927 peregrinabitur
597 1882 627 1927 qui
639 1893 673 1917 nos
685 1883 777 1917 subsecuti
790 1888 832 1918 sunt

129 1937 152 1970 de
167 1936 278 1971 monasterio
294 1938 366 1970 nostro)
390 1936 434 1970 Erat
450 1942 511 1971 autem
526 1936 587 1971 insula
601 1936 632 1971 illa
647 1936 693 1971 mire
708 1936 797 1980 planiciei‚
812 1942 832 1972 vt

128 1990 198 2033 equalis
213 1989 259 2022 mari
273 1989 376 2030 videretur;
389 1990 429 2023 sine
444 1990 546 2032 arboribus,
562 1995 593 2024 aut
608 1989 669 2033 aliquo
685 1991 733 2032 quod
751 2001 762 2023 a
776 1995 832 2024 vento

101 2054 119 2084 35
129 2046 243 2077 moueretur:
256 2041 314 2075 Valde
325 2041 374 2075 enim
386 2042 469 2086 spaciosa
480 2048 524 2085 erat,
533 2048 619 2087 cooperta
631 2042 692 2077 scaltis
701 2042 747 2077 albis
758 2048 776 2077 et
788 2053 831 2086 pur-

128 2094 196 2138 pureis.
218 2093 308 2127 Viderunt
316 2100 354 2127 tres
366 2100 440 2135 turmas,
452 2100 471 2128 et
481 2095 529 2129 inter
539 2100 619 2129 turmam
628 2101 647 2129 et
658 2100 737 2129 turmam
749 2095 831 2139 spacium

128 2153 168 2180 erat
179 2146 231 2190 quasi
242 2146 300 2179 iactus
312 2146 378 2189 lapidis
390 2149 413 2180 de
424 2147 486 2189 funda,
498 2154 516 2181 et
527 2159 602 2191 semper
613 2148 663 2183 ibant
674 2149 709 2182 huc
720 2154 775 2190 atque
784 2148 831 2183 illuc.

129 2199 152 2232 Et
159 2208 195 2232 vna
205 2203 265 2231 turma
275 2199 358 2231 cantabat
370 2199 436 2232 stando
448 2199 466 2232 in
474 2210 510 2233 vno
521 2200 566 2241 loco,
576 2200 649 2234 dicens:
663 2200 727 2233 ‘lbunt
739 2200 796 2233 sancti
808 2201 831 2234 de

128 2251 194 2285 virtute
205 2250 224 2283 in
234 2250 326 2293 virtutem,
336 2256 354 2284 et
364 2250 452 2286 videbunt
463 2253 518 2285 deum
529 2253 607 2286 deorum
618 2252 638 2285 in
650 2252 712 2295 syon!
737 2251 786 2285 Dum
795 2264 832 2287 vna

100 2317 120 2348 40
128 2309 187 2337 turma
200 2303 250 2337 illum
262 2303 372 2338 versiculum
386 2310 472 2346 cantaret,
484 2305 541 2339 altera
555 2310 615 2339 turma
626 2306 685 2338 stabat
699 2309 717 2338 et
730 2304 830 2350 incipiebat

129 2362 200 2391 cantare
211 2356 315 2400 predictum
327 2367 411 2401 carmen;
429 2362 447 2391 et
459 2357 484 2391 ita
497 2357 588 2392 faciebant
603 2357 643 2391 sine
656 2357 763 2391 cessatione.
787 2358 832 2393 Erat

128 2415 189 2442 autem
199 2409 258 2452 prima
266 2415 325 2443 turma
336 2420 436 2453 puerorum
447 2411 466 2444 in
475 2411 557 2445 vestibus
569 2410 710 2453 candidissimis,
720 2416 738 2444 et
749 2413 831 2447 secunda

128 2461 147 2494 in
159 2461 263 2503 iacinctinis,
272 2467 291 2496 et
301 2463 354 2496 tertia
364 2463 382 2496 in
393 2463 504 2507 purpuress‘
513 2463 619 2497 dalmaticis.
643 2463 695 2497 Hora
706 2469 767 2498 autem
778 2470 831 2500 sexta

148 2529 154 2546 ¹
164 2531 182 2560 T.
191 2531 245 2568 plebis.
321 2533 327 2549 ²
337 2533 371 2560 The
378 2533 460 2570 following
466 2534 480 2561 is
487 2542 517 2563 om.
524 2534 540 2562 in
548 2533 572 2569 E„
580 2534 607 2561 but
615 2537 669 2563 extant
674 2534 690 2562 ln
697 2534 715 2564 T.
723 2535 754 2564 and
762 2536 829 2566 Tanner.

128 2569 280 2600 ³Tannerbestiam.
309 2570 529 2609 ⁴r.posttempusstatutum.
557 2572 662 2604 lalmodiee.
690 2572 810 2612 *Epurpuriis
