1762 2803
124 171 165 200 102
218 187 219 191 ,
313 156 393 208 inuno
408 152 524 216 tremat
540 153 632 216 annito.

123 278 186 320 gratia,
197 281 216 309 et
223 276 289 310 videns
301 287 391 320 capream,
400 276 516 319 molos[s]um
529 287 582 309 suum
594 274 687 320 instigauit
698 280 717 309 vt
728 279 825 319 occuparet

124 341 170 363 eam.
194 329 234 370 Que
246 330 268 363 ad
280 329 337 362 sancti
348 328 401 362 Kebii
411 328 492 362 casulam
503 328 568 370 refugii
578 329 636 370 gratia
644 328 731 362 velociter
741 328 825 368 cucurrit,

124 393 167 427 rege
183 393 225 416 eam
240 387 334 426 sequente.
358 381 381 415 Et
393 381 418 416 ait
430 392 473 415 rex:
487 380 572 415 ‘Dimitte
586 379 645 415 illam.¹
668 380 701 415 Cui
716 381 759 416 ille:
772 380 825 415 ‘Non

124 436 219 477 dimittam,
233 435 268 469 nisi
281 436 353 469 dederis
364 435 380 468 ei
391 434 428 469 vite
441 434 541 478 refugium:
565 434 595 468 ‘Si
608 445 645 468 non
658 434 755 477 dimiseris,
768 434 826 478 inquit

107 499 115 527 5
125 501 164 530 rex,
172 490 195 521 de
202 493 252 521 terra
259 499 301 521 mea
308 494 326 521 te
334 486 414 521 eliciam!
437 486 470 520 Vir
478 486 507 520 dei
515 487 539 520 ait
547 498 551 520 :
564 487 568 504 ‘
576 486 617 520 Non
625 492 654 521 est
664 487 683 520 in
694 492 724 521 tna
735 492 825 531 potestate

124 548 143 576 vt
156 540 217 576 elicias
231 551 261 575 me
273 542 297 574 de
310 546 358 574 terra
370 539 409 582 ista,
424 540 457 574 sed
473 540 491 573 in
507 544 596 584 potestate
612 539 641 574 dei
657 546 690 576 est.
713 540 751 575 Sed
764 545 826 575 tamen

125 594 214 628 dimittam
227 592 259 627 tibi
270 592 325 634 illam,
336 592 352 625 si
363 591 488 626 immolaueris
501 592 535 626 deo
548 592 668 636 omnipotenti
680 598 698 627 et
710 592 755 626 mihi
770 597 826 626 totam

125 652 193 681 terram
205 656 259 689 quarn
272 644 362 680 circuierit
372 649 414 678 ante
426 644 516 679 molosum
528 645 589 678 tuum.¹
613 644 667 687 Quod
679 655 721 679 cum
731 644 827 679 annuisset

125 711 164 743 rex,
175 704 263 744 sequutus
274 703 302 733 est
314 698 395 732 molosus
406 697 456 732 illam
469 708 503 742 per
514 697 599 732 territorii
612 698 712 740 circuitum,
723 703 741 733 et
751 709 827 732 reuersa

98 765 117 785 10
126 759 154 788 est
164 754 187 786 ad
198 753 278 786 casulam
289 751 347 785 sancti
357 751 387 785 dei
398 752 470 784 iterum.
493 751 549 785 Ortus
560 756 588 784 est
598 757 662 795 postea
673 752 768 786 conflictus
779 753 828 786 inter

126 816 189 848 regem
200 810 218 837 et
225 805 284 837 virum
293 804 327 844 dei,
336 804 369 836 sed
378 804 395 836 ei
407 805 494 836 resistere
502 814 539 836 non
549 809 625 847 poterat.
648 804 728 837 Contulit
736 815 780 847 ergo
787 805 827 838 viro

125 858 155 892 dei
161 856 181 901 (l)
190 856 285 890 castellum
298 866 357 897 suum,
365 856 400 889 deo
409 861 427 888 ct
437 861 501 889 sancto
513 855 572 889 chio
581 856 600 889 in
609 861 724 900 perpetuum.
747 855 781 890 Vir
788 861 828 890 tan-

125 911 169 944 dem
177 909 207 944 dei
217 910 236 943 in
244 914 338 943 senectute
346 910 399 951 bona,
408 909 495 952 operibus
503 908 555 942 bonis
563 909 635 953 plenus,
642 915 695 943 sexto
703 910 744 943 idus
752 920 828 943 nouem-

125 963 165 997 bris
173 962 258 1006 migrauit
266 963 289 995 ad
297 960 396 995 dominum.

149 1046 192 1090 [le
200 1046 239 1080 Tib.
248 1047 293 1080 adds
301 1057 305 1080 ε
426 1036 511 1069 Nasmlss’
517 1036 527 1069 ¹¹

100 1112 117 1141 15
150 1093 216 1136 Senex
228 1099 302 1143 quidam
316 1100 384 1134 sedens
399 1099 418 1133 in
434 1099 522 1143 spelunca
538 1098 599 1133 habuit
613 1100 705 1143 quendam
719 1099 828 1144 discipulum

127 1154 229 1196 probatum,
243 1162 298 1194 quem
312 1162 353 1185 cum
366 1151 406 1185 uice
420 1152 499 1195 quadam
513 1153 594 1184 moribus
608 1152 730 1193 instruxisset,
743 1158 829 1196 grauatus

127 1210 155 1238 est
171 1214 254 1246 sompno.
278 1204 324 1237 Cum
343 1208 405 1237 antem
424 1203 454 1237 diu
471 1204 544 1237 sederet
560 1204 666 1247 discipulus,
682 1204 788 1248 compulsus
801 1210 829 1239 est

127 1257 259 1303 cogitacionum
271 1256 354 1291 molestia
362 1257 449 1291 recedere
457 1262 475 1291 et
483 1256 573 1292 dormire:
586 1262 605 1292 et
612 1267 671 1302 usque
682 1257 754 1302 sepcies
764 1257 830 1292 restitit

128 1310 249 1356 (cogi)tacioni
260 1321 298 1344 sue.
321 1310 404 1344 Tandem
415 1310 505 1353 euigilans
516 1321 574 1344 senex
583 1310 653 1344 inuenit
664 1321 706 1344 eum
717 1311 829 1345 assidentem

100 1365 167 1407 ausibi,
183 1369 201 1397 et
216 1364 251 1397 ait:
265 1363 338 1407 ‘Vsque
352 1364 407 1397 modo
421 1374 458 1396 non
472 1363 594 1397 discessistii'
618 1363 640 1398 Et
653 1363 695 1398 ille:
710 1364 772 1407 ‘Non5
788 1366 830 1408 quia

128 1429 158 1451 me
167 1428 203 1450 non
211 1416 313 1458 dimiseras,
321 1417 384 1459 pater)
407 1416 470 1450 Senex
481 1416 537 1450 dixit:
553 1417 625 1458 ‘Quare
635 1428 665 1451 me
676 1428 712 1451 non
725 1417 807 1452 excitasti
814 1419 830 1452 ?’

129 1470 152 1503 Et
168 1469 208 1503 ille:
223 1468 262 1502 ‘Ne
277 1468 324 1501 forte
339 1473 357 1501 te
372 1468 524 1501 contribularem!
548 1468 571 1502 Et
583 1469 651 1503 dimisit
664 1480 707 1503 eum
721 1480 784 1503 senex.
808 1470 830 1503 Et

128 1533 170 1556 cum
183 1523 256 1555 sederet
270 1522 326 1563 solus,
340 1522 398 1555 factus
411 1528 440 1555 est
452 1521 470 1555 in
484 1533 562 1555 excessu
577 1521 655 1556 mentis:
668 1528 686 1556 et
702 1534 744 1556 ecce
757 1522 830 1567 quidam

129 1576 237 1610 ostendebat
251 1575 268 1608 ei
281 1575 341 1609 locum
354 1575 459 1618 gloriosum,
472 1580 490 1609 et
506 1576 569 1609 sedem
584 1575 603 1609 in
619 1587 646 1618 eo,
662 1580 680 1609 et
695 1587 752 1620 super
766 1577 831 1610 sedem

102 1640 120 1668 ²5
130 1632 201 1671 septem
218 1637 300 1661 coronas.
331 1627 457 1671 Interrogabat
473 1632 534 1661 autem
554 1628 605 1661 illum
620 1628 651 1671 qui
667 1629 700 1662 hcc
716 1630 830 1671 ostendebat,

129 1682 181 1716 cuius
197 1685 259 1714 essent
275 1680 314 1713 hcc.
341 1679 365 1713 Et
380 1679 421 1713 ille:
440 1680 540 1723 ‘Discipuli
555 1681 586 1714 tui.
610 1681 633 1714 Et
647 1681 707 1715 locum
722 1681 797 1726 quidem
814 1688 832 1717 et

130 1735 194 1767 sedem
209 1744 243 1775 pro
258 1733 399 1766 conuersacione
413 1743 446 1766 sua
451 1733 462 1774 ²,
474 1734 508 1766 has
521 1733 592 1776 [ιιεῑο]3
603 1740 675 1777 septem
688 1745 765 1769 coronas
779 1741 832 1770 nocte

129 1785 164 1819 ista
172 1784 283 1827 promeruit.y
306 1784 346 1817 Hec
359 1784 440 1825 audiens,
449 1785 525 1819 miratus
537 1791 576 1819 est:
588 1791 606 1820 et
614 1787 730 1821 tremefactus
742 1786 831 1831 discipulo

130 1837 185 1872 dixit:
199 1837 243 1872 ‘Dic
257 1837 311 1871 michi
323 1837 367 1881 quid
379 1836 444 1872 seceris
456 1843 508 1872 nocte
521 1838 565 1873 ista.¹
589 1838 612 1873 Et
623 1838 664 1874 ille:
678 1840 765 1884 ‘Ignosce
777 1840 832 1875 michi

103 1903 121 1931 30
130 1898 187 1936 pater,
200 1892 242 1935 quia
255 1891 310 1926 nichil
322 1891 366 1925 feci!
394 1891 457 1925 Senex
471 1897 532 1926 autem
546 1892 654 1927 existimans
665 1894 707 1937 quia
720 1894 832 1928 humiliando

130 1956 150 1980 se
166 1956 203 1979 non
221 1945 344 1986 confiteretur,
359 1944 415 1979 dixit:
432 1945 506 1987 ‘Crede,
521 1956 558 1980 non
573 1946 647 1990 quiesco
656 1945 691 1981 nisi
700 1946 769 1982 dixeris
777 1946 832 1981 michi

130 1999 174 2043 quid
189 1998 247 2032 fecisti
262 1998 292 2032 uel
307 1999 350 2042 quid
364 1999 446 2042 cogitasti
460 2004 513 2032 nocte
526 2000 571 2033 ista.¹
594 2000 688 2042 ‘Ignosce
701 1999 765 2044 inquit,
778 2000 832 2034 michi

130 2057 187 2093 pater,
200 2050 255 2083 nichil
267 2051 301 2083 feci
313 2050 348 2083 nisi
360 2056 431 2083 tantum
444 2052 493 2093 quod
506 2051 624 2094 compulsus⁴
638 2058 688 2085 motu
701 2053 833 2095 cogitacionum

131 2113 213 2137 mearum
225 2108 244 2136 ut
256 2102 370 2135 discederem
381 2108 399 2135 et
411 2102 510 2136 dormirem
522 2103 598 2147 sepcies,
607 2108 635 2137 set
643 2103 704 2147 quiaa
716 2110 734 2138 te
747 2104 833 2138 dimissus

104 2164 122 2193 35
132 2166 169 2189 non
181 2156 256 2197 fueram,
269 2166 305 2188 non
317 2157 396 2190 recessi!
420 2156 443 2189 Et
456 2155 546 2196 intellexit
557 2168 615 2191 senex
627 2157 757 2202 quiaquociens
769 2158 833 2192 restitit

132 2208 238 2254 cogitacioni
246 2219 284 2251 sue,
294 2208 376 2252 (tociens)
385 2210 506 2244 coronabatur
514 2222 524 2244 a
532 2210 579 2254 deo]

313 2331 328 2368 ‘ll
340 2323 373 2365 Dr
385 2342 456 2366 sanem
468 2332 548 2366 Kamul
559 2334 652 2369 vrnerunl.

136 2402 215 2481 BEata
226 2401 275 2437 enim
288 2402 355 2446 Keyna
366 2402 417 2447 virgo
429 2404 452 2438 de
464 2404 521 2448 regali
532 2405 618 2450 prosapia
631 2406 650 2441 in
664 2406 770 2443 occidentali
782 2411 834 2451 parte

77 2487 81 2497 ,
192 2455 266 2489 Maioris
278 2455 372 2489 Britannie
380 2455 457 2490 oriunda
467 2457 530 2490 extitit.
553 2458 609 2492 Cuius
618 2464 671 2503 pater
683 2472 716 2493 rex
728 2460 834 2505 Bregheno·

152 2525 192 2556 ¹Cs.
199 2525 231 2555 Vit.
239 2525 280 2555 Patr.
288 2534 322 2563 903.
400 2525 448 2555 ²VP.
455 2527 505 2556 adds:
520 2527 585 2556 donauit
591 2528 606 2557 ei
614 2528 658 2558 deus.
744 2529 778 2561 3Τ.
787 2528 834 2558 enim.

132 2566 137 2583 ¹
148 2566 180 2596 VP.
189 2575 240 2602 comp,
247 2574 287 2595 snm.
331 2564 336 2582 ⁵
346 2566 364 2595 T.
372 2565 428 2596 Keina.
479 2566 485 2583 ⁶
495 2567 523 2597 Ed.
531 2567 546 2595 in
554 2568 589 2597 Act.
599 2568 627 2598 SS.
635 2568 676 2599 Boll.
684 2570 693 2598 8
701 2569 736 2599 Oct.
745 2569 771 2600 lV,
778 2579 793 2607 p.
801 2567 834 2605 2Ίὸ-

132 2605 180 2634 Same
188 2609 222 2633 text
229 2605 245 2633 in
253 2604 287 2634 MS.
296 2604 341 2634 Bodl.
350 2614 383 2641 240.
