1762 2803
130 136 172 180 154
316 125 395 177 lanua
411 122 526 186 letenna
542 122 635 186 dontio.

127 245 187 288 istam,
200 257 224 281 ue
237 246 335 290 progenies
350 246 408 290 ipsius
423 257 484 282 meam
499 257 587 291 superare
602 246 694 290 contingat
710 245 828 290 progeniem.⁹

128 299 205 334 Coactus
217 301 291 333 tandem
301 299 377 333 maritus
389 299 460 334 cuidam
472 311 525 343 mago
536 300 617 334 vendidit
630 300 685 334 illam.
709 300 754 334 Nata
768 306 828 335 autem

128 352 217 387 infantula
225 351 303 396 Brigida,
311 352 397 386 viderunt
405 363 487 396 pannum
496 354 633 396 contingentem
641 357 695 397 caput
705 352 744 387 eius
755 352 829 386 flamme

128 406 213 439 incendio
225 406 301 438 ardere:
312 411 331 438 et
338 405 475 447 porrigentibus
485 406 521 440 illis
531 406 618 439 velociter
629 406 659 448 qui
671 407 747 439 aderant
759 416 829 445 manus,

111 457 190 499 5igne1n
201 466 238 490 non
249 456 339 489 viderunt.
378 450 450 491 Sancta
461 462 522 491 autem
534 458 595 501 puella
607 457 657 492 cibos
669 457 717 500 magi
729 457 829 496 fastidiens,

129 510 194 543 cotidie
209 510 298 542 vomitum
315 509 396 542 faciebat.
419 510 476 543 Cuius
493 521 566 544 causam
583 511 701 545 considerans
713 521 783 554 magus,
795 510 829 544 ait:

129 562 248 596 ‘Immundus
263 572 297 606 ego
313 572 359 603 sum,
372 567 390 597 et
402 562 464 607 puella
479 563 514 597 ista
529 563 593 608 spiritu
607 563 636 598 dei
648 564 702 609 plena
718 575 754 598 non
770 568 830 607 potest

129 627 194 659 capere
208 616 268 649 cibum
281 618 354 650 meum.¹
379 617 402 650 Et
416 616 486 660 eligens
498 628 572 650 vaccam
584 619 649 659 albam,
661 618 711 652 dedit
722 618 795 662 puelle:
807 618 830 651 de

129 669 179 704 cuius
195 669 241 702 lacte
259 668 329 711 viuens,
348 679 359 703 a
377 668 458 714 puericia
476 670 566 704 bonarum
585 680 647 705 rerum
666 670 731 705 studiis
750 669 830 705 inoleuit,

102 735 121 756 ιο
129 722 216 757 Pudicitie
225 727 243 755 et
250 722 344 756 sobrietati
356 733 429 766 semper
437 723 511 763 intenta,
520 729 538 757 et
546 725 569 757 de
577 723 630 758 bonis
638 725 661 758 ad
669 723 745 757 meliora
754 733 829 767 semper

129 787 220 817 crescens,
228 775 316 809 virtutum
324 775 381 819 signis
390 775 449 810 extitit
457 775 569 810 admiranda.
592 777 638 810 Cum
647 777 696 811 enim
707 787 771 810 vaccas
782 776 830 819 magi

129 833 218 872 pasceret,
233 827 318 871 quicquid
333 829 356 862 de
369 828 416 862 lacte
429 829 515 871 colligere
530 829 592 873 potuit,
608 829 719 873 pauperibus
734 834 752 863 et
767 828 831 872 egenis

130 881 225 914 distribuit.
245 881 327 923 Cumque
336 891 400 923 magus
410 881 501 914 modicum
509 882 589 915 butirum
597 883 616 915 in
623 892 667 916 vase
675 892 742 924 magno
749 881 831 920 vidisset,

130 933 188 967 iratus
201 937 229 967 est
241 933 299 966 valde.
323 933 363 974 Quo
376 933 421 973 viso,
434 934 486 977 virgo
499 939 563 967 sancta
574 933 620 968 fusis
632 935 655 967 ad
671 935 726 968 deum
741 933 832 977 precibus,

104 1000 121 1030 15
131 986 192 1021 diuina
200 986 267 1021 virtute
274 997 332 1029 vsque
340 986 362 1019 ad
370 997 463 1020 summum
471 997 503 1020 vas
511 986 555 1021 illud
564 987 587 1022 de
595 986 654 1021 butiro
662 987 749 1032 impleuit.
766 986 831 1031 Stupe-

130 1040 188 1075 factus
202 1040 245 1073 inde
259 1050 323 1082 magus
338 1039 356 1073 iu
372 1039 465 1074 Christum
480 1042 564 1081 credens,
579 1041 676 1074 duodecim
690 1051 755 1075 vaccas
770 1040 831 1084 puelle

133 1093 188 1134 dedit,
199 1098 218 1127 et
227 1091 303 1127 liberam
316 1103 357 1126 cum
369 1098 428 1127 matre
439 1094 461 1127 ad
474 1098 545 1137 patrem
555 1093 609 1127 misit.
643 1087 690 1128 Post
702 1094 736 1128 hec
748 1092 832 1136 cogitauit

130 1150 183 1190 pater
194 1145 234 1179 eius
245 1145 296 1178 illam
306 1146 393 1188 vendere,
403 1145 445 1188 quia
456 1146 542 1189 quicquid
553 1147 611 1190 potuit
623 1148 713 1185 auferens,
721 1146 832 1191 pauperibus

131 1199 201 1231 occulte
209 1197 268 1231 dabat.
292 1197 314 1230 Et
320 1197 397 1231 veniens
406 1199 429 1230 ad
437 1208 505 1241 regem,
515 1199 585 1242 rogauit
595 1200 646 1232 illum
658 1205 677 1233 vt
686 1199 742 1232 filiam
753 1209 805 1232 suam
813 1199 832 1231 in

104 1262 122 1284 20
131 1251 238 1284 seruitutem
251 1254 326 1284 emeret.
349 1249 372 1283 Et
385 1249 409 1283 ait
421 1250 444 1283 ad
457 1250 517 1284 illam¹
532 1261 577 1285 rex:
593 1251 643 1293 ‘Qua
658 1252 681 1286 de
697 1261 751 1285 causa
766 1250 832 1285 dedisti

130 1303 207 1346 pauperi
214 1302 295 1346 gladium
306 1302 363 1346 patris
374 1302 422 1336 tuii'
445 1303 479 1337 Cui
489 1303 592 1346 illa:‘Ego
601 1304 643 1338 dedi
651 1304 702 1337 illum
711 1303 789 1338 Christo.
812 1303 833 1337 Si
871 1340 873 1343 ,

131 1355 210 1398 teipsum
223 1359 241 1388 et
253 1360 325 1398 patrem
337 1365 398 1388 meum
412 1355 458 1388 deus
470 1366 523 1389 meus
538 1357 639 1399 postularet
651 1367 662 1389 a
674 1367 711 1396 me,
725 1356 740 1389 si
753 1366 833 1399 possem,

130 1420 163 1442 vos
171 1419 213 1442 cum
221 1407 306 1441 omuibus
314 1419 350 1452 que
361 1407 432 1442 habetis
440 1407 466 1441 illi
477 1408 550 1443 darem’
574 1408 597 1443 Et
607 1409 632 1443 ait
641 1419 685 1444 rex:
697 1408 745 1444 ‘Ista
752 1408 789 1442 filia
797 1413 833 1450 tua,

131 1467 150 1496 vt
162 1463 221 1503 video,
231 1472 298 1504 magna
313 1467 341 1495 est
356 1461 379 1495 ad
394 1463 493 1495 emendum
505 1461 566 1503 michi,
579 1469 597 1497 et
611 1463 669 1497 maior
680 1463 703 1496 ad
715 1463 833 1497 vendendum

105 1525 123 1556 ²5
132 1513 175 1548 tibi!
199 1513 221 1547 Et
237 1513 286 1547 dedit
301 1512 368 1557 virgini
383 1512 468 1557 gladium,
480 1518 499 1547 vt
512 1515 564 1548 daret
576 1514 627 1548 iilum
641 1515 688 1558 patri
699 1525 737 1549 suo.
783 1508 833 1549 Cum

132 1568 212 1611 grauiter
223 1566 245 1599 ab
257 1566 320 1600 amicis
331 1566 354 1599 ad
366 1565 492 1609 accipiendum
504 1567 589 1601 maritum
601 1572 677 1601 artatam
689 1578 710 1601 se
721 1567 796 1609 videret,
804 1577 834 1600 ro-

133 1620 182 1663 gauit
194 1618 289 1653 dominum
300 1624 319 1652 vt
331 1619 410 1661 aliquam
422 1618 555 1653 deformitatem
567 1630 623 1663 super
635 1631 701 1663 corpus
713 1630 767 1653 suum
777 1620 834 1661 daret,

133 1677 152 1706 vt
160 1672 245 1706 homiues
253 1681 293 1706 eam
302 1676 365 1714 petere
373 1676 391 1706 et
399 1670 483 1706 affectare
495 1678 593 1706 cessarent.
617 1672 640 1706 Et
648 1672 708 1707 statim
717 1673 763 1707 alter
771 1672 834 1706 oculus

134 1725 174 1759 eius
186 1724 256 1768 crepuit
269 1728 287 1757 et
300 1723 407 1767 liquefactus
419 1728 447 1757 est
460 1724 479 1757 in
492 1724 551 1768 capite
563 1735 602 1758 suo.
625 1724 648 1758 Et
660 1725 759 1769 assumptis
771 1734 834 1759 secum

106 1788 126 1816 30
134 1777 191 1812 tribus
199 1777 270 1821 puellis,
279 1776 361 1820 perrexit
370 1777 393 1809 ad
403 1777 510 1820 episcopum
522 1777 625 1810 Machillam
631 1778 642 1819 ²,
650 1777 708 1811 sancti
717 1777 789 1810 Patricii
798 1777 834 1810 dis-

133 1830 218 1874 cipulum.
242 1830 265 1862 Et
272 1829 345 1862 intuens
353 1839 394 1862 eam
403 1828 500 1872 episcopus
510 1835 589 1870 sanctus,
598 1830 715 1873 columpnam
723 1829 771 1873 ignis
779 1840 835 1873 super

133 1890 187 1927 caput
193 1884 232 1917 eius
240 1893 330 1926 apparere
336 1882 387 1915 vidit.
410 1882 470 1915 Lectis
476 1882 525 1916 enim
530 1883 641 1916 orationibus
649 1883 722 1926 Brigida
728 1883 787 1926 capite
792 1884 834 1917 sub-

133 1936 190 1971 misso
197 1936 265 1980 pedem
272 1935 335 1969 altaris
344 1935 425 1978 ligneum
433 1945 488 1969 manu
496 1945 529 1969 sua
535 1935 593 1979 tetigit
597 1936 609 1978 ³,
615 1941 633 1970 et
641 1937 664 1970 ab
671 1936 702 1970 illa
710 1936 754 1970 hora
762 1947 796 1980 pes
803 1936 834 1970 ille

132 1988 195 2023 viridis
206 1987 246 2023 sine
258 1987 355 2032 putredine
363 1993 382 2022 et
389 1988 429 2022 sine
437 1988 508 2022 defectu
516 1988 535 2022 in
546 1993 629 2023 eternum
637 1993 704 2025 manet.
727 1989 750 2022 Et
760 1993 835 2032 accepto

106 2051 124 2081 35
133 2042 230 2081 velamine,
236 2040 317 2083 perfecte
325 2040 398 2074 sanitati
405 2041 487 2073 redditur
496 2041 559 2074 oculus
567 2041 611 2074 eius.
646 2034 699 2075 Fecit
705 2047 766 2074 autem
773 2046 835 2074 contra

133 2094 202 2137 pascha
208 2092 305 2126 ceruisiam
313 2094 336 2126 de
344 2103 380 2125 vno
388 2092 443 2126 brasii
452 2092 518 2134 modio,
526 2098 544 2127 et
553 2094 617 2127 decem
625 2098 644 2126 et
652 2098 691 2127 octo
699 2104 733 2136 per
741 2092 834 2127 circuitum

134 2147 216 2181 ecclesiis
224 2145 302 2180 diuisam
311 2145 372 2186 misit;
383 2150 401 2179 et
410 2155 443 2189 per
451 2151 524 2180 octauas
534 2147 602 2189 pasche
613 2146 699 2180 omuibus
709 2145 751 2180 inde
762 2151 835 2189 gustare

133 2200 237 2233 volentibus
250 2198 362 2232 sufficienter
375 2199 479 2232 abundauit.
516 2192 539 2232 ln
550 2200 615 2233 eodem
625 2199 693 2242 pascha
703 2199 753 2232 venit
761 2199 835 2241 quidam

134 2252 219 2295 leprosus
230 2256 248 2284 et
255 2262 266 2284 a
273 2252 327 2284 beata
337 2250 411 2294 Brigida
420 2261 494 2284 vaccam
507 2251 541 2284 sibi
553 2251 592 2284 dari
604 2250 708 2295 postulauit.
731 2250 764 2284 Illa
775 2256 835 2285 autem

107 2314 126 2343 40
134 2315 208 2338 vaccam
219 2314 256 2336 uon
266 2303 341 2345 habens,
352 2303 398 2336 dixit
410 2302 438 2336 ei:
451 2303 492 2337 ‘Vis
502 2308 522 2337 vt
532 2314 619 2347 rogemus
629 2304 684 2337 deum
694 2307 713 2336 vt
724 2313 735 2336 a
745 2303 796 2346 lepra
805 2308 836 2336 tua

134 2368 190 2391 sanus
199 2358 254 2390 fias?'
278 2356 301 2389 Et
309 2357 352 2390 ille:
367 2357 417 2390 ‘Hoc
425 2357 480 2390 michi
491 2357 576 2390 omnibus
586 2356 639 2390 donis
649 2355 714 2390 melius
724 2357 761 2390 est.¹
783 2355 835 2390 Tunc

135 2410 166 2443 illa
171 2421 236 2455 aquam
243 2409 355 2445 benedicens
360 2421 426 2454 corpus
432 2410 500 2454 leprosi
505 2410 593 2454 aspersit:
602 2414 621 2444 et
626 2409 687 2443 statim
693 2419 749 2444 sanus
755 2408 836 2450 effectus,

135 2469 154 2496 et
165 2464 231 2506 gratias
243 2464 277 2497 deo
289 2474 352 2506 agens,
364 2474 422 2507 vsque
433 2464 456 2497 ad
468 2468 546 2497 mortem
557 2473 599 2496 cum
611 2467 674 2496 sancta
684 2462 754 2506 virgine
763 2464 835 2496 mansit.

137 2509 182 2550 Due
189 2515 270 2558 virgines
278 2516 371 2559 paralitice
379 2526 445 2560 aquam
453 2527 464 2549 a
472 2522 536 2549 sancta
544 2515 618 2560 Brigida
625 2525 667 2548 cum
675 2515 713 2548 sale
721 2515 835 2550 benedictam

262 2585 268 2602 ¹
278 2585 296 2612 E.
303 2585 351 2614 illum.
433 2584 439 2601 ²
449 2586 480 2614 Vit.
489 2585 526 2614 Mel,
606 2584 612 2601 ³
622 2584 654 2614 Vit.
662 2584 717 2614 tenuit.
