1762 2803
262 130 308 187 tlt
323 128 423 183 sanctu
438 129 585 187 mutatam.
731 143 775 188 295

72 257 164 295 perantes,
176 262 218 286 ossa
229 252 287 287 sancti
300 252 391 287 Dunstani
404 251 499 287 Glastonie
510 251 635 286 transferrent.
662 250 714 285 Idem
726 250 775 286 enim

72 304 157 338 monachi
168 304 222 340 beato
236 305 332 340 Dunstano
345 305 364 339 in
375 316 431 340 carne
444 306 523 349 degenti,
536 305 605 349 capelle
617 314 651 339 sue
663 303 776 349 complentes

72 356 151 391 officium
159 358 282 392 adherebant:
295 358 325 402 qui
333 357 388 392 etiam
396 368 463 402 corpus
472 358 516 398 eius,
524 359 585 392 anima
593 358 616 392 ad
626 357 676 392 celos
683 357 776 398 translata,

72 411 166 454 sepulture
177 411 301 454 tradiderunt,
313 416 379 456 postea
391 422 463 455 quoque
475 422 517 446 cum
529 421 637 446 successore
647 421 681 445 suo
692 409 776 454 Elphego

72 462 210 508 archiepiscopo
220 475 278 509 vsque
288 463 312 498 ad
324 463 364 499 eius
374 464 482 508 martyrium
495 464 641 499 commanebant.
663 462 794 507 Dicebantur5

72 520 134 549 autem
145 516 211 551 fratres
222 516 259 552 illi:
275 517 389 558 Sebrichtus,
401 516 541 558 Ethelbrichtus,
554 516 636 558 Bursius,
647 516 777 550 Adelwordus.

73 567 190 603 Cantuariam
198 568 253 613 igitur
261 569 381 604 aduenientes
392 569 464 612 fratres,
472 569 537 610 locum,
546 568 592 604 sicut
600 579 611 603 a
619 578 662 613 rege
670 567 777 610 didicerant,

73 621 123 654 omni
135 621 236 655 habitatore
248 624 336 656 nudatum
348 622 450 657 inueniunt.
472 623 584 667 aperientes
596 633 640 666 ergo
652 621 777 665 sepulchrum,

73 684 115 707 ossa
127 674 185 708 sancti
201 676 298 718 Dunstani,
310 680 361 710 tanto
376 676 466 719 temporis
480 685 568 719 processu
582 685 637 709 carne
650 674 736 717 resoluta,
748 685 777 708 re-

73 726 151 770 periunt.
172 727 255 763 Anulum
267 739 311 763 vero
323 728 379 773 digito
390 728 453 772 sancti,
465 739 507 762 cum
521 734 570 763 terre
581 728 689 770 traderetur,
700 726 777 772 imposi-
785 743 805 763 ro

73 785 117 821 tum,
129 791 185 824 quem
196 781 271 815 iuuenili
283 787 331 816 etate
342 781 409 816 secisse
420 781 491 823 dicitur,
502 785 641 825 recognoscunt.
664 780 777 815 Glastoniam

73 832 133 875 igitur,
144 833 230 877 reliquias
244 833 302 868 sancti
314 834 406 868 Dunstani
417 844 480 868 secum
493 834 603 875 deferentes,
616 843 657 867 cum
670 833 737 876 gaudio
749 843 777 867 re-

73 886 152 920 dierunt.
175 886 230 920 Facta
243 892 272 921 est
286 891 346 921 autem
362 886 396 921 hec
411 884 506 920 translatio
518 896 567 920 anno
582 884 652 920 domini
667 885 777 929 supradicto,

73 943 115 982 post
125 938 272 974 interfectionem
284 939 342 973 sancti
354 938 433 982 Elphegi
445 938 532 981 martyris
542 948 592 971 anno
603 939 690 980 seeundo,
699 944 718 972 et
729 948 778 972 anno

73 994 115 1034 post
123 989 253 1025 dormitionem
263 991 321 1025 sancti
333 989 425 1025 Dunstani
432 990 592 1034 vicesimoquarto.
615 990 652 1024 Per
660 989 712 1025 cuius
722 990 779 1024 inter·
788 1001 805 1031 15

73 1042 168 1078 cessiones
176 1050 194 1077 et
202 1044 267 1077 merita
274 1044 320 1078 deus
328 1042 396 1077 ibidem
404 1055 442 1077 non
450 1048 510 1078 cessat
518 1042 590 1088 operari
598 1042 694 1087 magnalia,
701 1042 779 1079 mortuis

73 1096 135 1138 vitam,
142 1097 221 1130 infirmis
229 1097 326 1130 sanitatem
336 1097 419 1131 crebrius
430 1097 549 1139 restituendo,
557 1096 617 1131 brutis
628 1095 684 1130 etiam
695 1096 779 1140 plurimis

73 1149 92 1183 in
101 1149 188 1193 periculis
195 1149 328 1185 subueniendo.

96 1238 144 1282 [lllS¹
153 1239 193 1274 Tib,
200 1240 258 1274 adds:
381 1212 472 1273 Narratio.

95 1307 173 1349 ¹Abbas
181 1314 285 1349 Macharius
293 1315 375 1359 egipcius
385 1315 476 1358 fratribus,
486 1315 509 1349 ab
519 1326 541 1350 eo
552 1325 658 1350 sermonem
668 1314 779 1359 petentibus,

74 1367 108 1402 ait:
122 1368 194 1402 ‘Semel
202 1368 221 1401 in
229 1368 306 1403 heremo
314 1379 400 1412 pergens,
407 1368 471 1403 inueni
479 1373 565 1412 stagnum
573 1378 668 1412 aquarum,
674 1373 692 1401 et
700 1367 779 1402 insulam
788 1379 807 1401 πο

74 1420 93 1454 in
104 1420 164 1456 medio
175 1420 225 1464 eius,
239 1420 338 1455 ueniebant
350 1432 423 1466 quoque
435 1421 509 1456 diuersa
519 1420 605 1455 animalia
616 1420 686 1456 heremi
698 1425 716 1455 et
728 1420 780 1454 bibe-

74 1475 119 1507 bant
132 1485 156 1507 ex
169 1484 197 1507 eo.
220 1473 271 1507 Inter
286 1484 322 1517 que
334 1474 373 1507 uidi
388 1476 434 1508 duos
449 1474 534 1508 homines
549 1475 620 1508 nudos:
640 1479 658 1508 et
673 1475 780 1515 contremui,

74 1531 142 1570 putans
157 1526 200 1570 quia
215 1525 290 1570 spiritus
307 1531 375 1560 essent.
398 1526 482 1571 Cumque
496 1526 587 1560 uidissent
604 1537 635 1560 me
651 1525 780 1570 trepidantem,

75 1580 130 1613 locuti
145 1584 189 1613 sunt
204 1580 227 1613 ad
244 1589 280 1620 me,
296 1579 389 1615 dicentes:
410 1579 468 1614 “Noli
483 1579 560 1614 timere:
581 1590 615 1614 nos
631 1579 681 1614 enim
696 1579 780 1614 homines

75 1643 146 1673 sumus,
160 1636 178 1665 et
191 1632 215 1666 de
227 1631 305 1666 cenobio
317 1632 353 1666 huc
363 1632 455 1674 uenimus,
468 1638 486 1667 et
500 1632 620 1677 quadraginta
633 1631 687 1666 annis
701 1631 731 1666 hic
746 1632 781 1666 deo
789 1653 807 1682 25

75 1685 201 1719 seruiuimus.'’
224 1684 387 1729 interrogauerunt
398 1695 429 1719 me
440 1691 458 1720 et
469 1685 510 1730 ipsi,
521 1685 614 1720 dicentes:
631 1684 743 1728 “Quomodo
752 1691 780 1719 est

75 1739 161 1779 mundus,
169 1742 188 1772 et
196 1738 211 1772 si
222 1737 304 1773 aseendit
312 1749 359 1783 aqua
367 1738 468 1773 secundum
479 1744 553 1783 tempus
562 1749 622 1779 suum,
630 1738 646 1772 si
657 1737 715 1773 eciam
725 1738 781 1772 habet

75 1792 155 1825 mundus
163 1790 297 1825 abundantiam
305 1792 385 1825 suamt”
403 1791 500 1836 Respondi
508 1791 546 1826 eis:
558 1791 654 1826 “Edam''
672 1790 695 1824 Et
702 1791 781 1825 interro-

75 1843 117 1887 gaui
131 1854 164 1877 eos
176 1844 268 1887 quomodo
281 1854 358 1887 possum
373 1843 414 1878 fieri
429 1844 536 1878 monachus.
560 1844 629 1878 Dicunt
640 1843 707 1878 michi:
723 1844 780 1879 “Nisi

75 1896 117 1940 quis
125 1896 260 1930 renunciauerit
268 1896 341 1930 omnia²
348 1907 385 1940 que
392 1897 411 1930 in
419 1897 490 1931 mundo
497 1902 546 1939 sunt,
552 1907 590 1930 non
600 1901 662 1940 potest
670 1896 711 1930 fieri
718 1906 781 1930 mona·
789 1910 809 1940 30

76 1949 137 1984 chus.”
161 1948 232 1991 Quibus
240 1949 289 1983 dixi:
301 1949 357 1993 “Ego
364 1948 449 1983 infirmus
457 1960 498 1984 sum
509 1954 528 1984 et
537 1959 575 1982 non
587 1959 663 1994 possum
673 1948 720 1983 sicut
730 1951 780 1983 uos.¹’

77 2003 232 2047 Responderunt:
245 2002 280 2036 “Si
289 2013 326 2036 non
334 2007 388 2046 potes
396 2002 442 2037 sicut
453 2013 493 2045 nos,
502 2003 547 2037 sede
558 2002 577 2037 in
587 2002 633 2037 cella
643 2008 674 2037 tua
684 2006 702 2037 et
712 2002 781 2047 plange

75 2061 151 2100 peccata
161 2057 218 2090 tua.”'
262 2047 342 2090 ³Senex
352 2056 426 2099 quidam
434 2056 479 2089 uidit
489 2055 508 2088 iu
516 2056 593 2089 heremo
601 2055 695 2089 hominem
703 2055 781 2091 herbam

76 2113 184 2151 pascentem
196 2107 243 2141 sicut
257 2106 345 2140 bestiam:
362 2111 381 2140 et
396 2107 498 2151 fugientem
513 2109 604 2141 currendo
619 2118 706 2151 sequens,
722 2108 781 2143 excla-

76 2160 144 2195 mauit:
159 2159 251 2205 ‘Expecta
260 2170 301 2193 me:
313 2158 355 2204 quia
366 2164 443 2205 propter
451 2161 506 2194 deum
517 2171 585 2205 sequor
594 2161 623 2194 te!
646 2160 670 2194 Et
680 2170 781 2195 conuersus
789 2172 808 2202 35

76 2213 118 2249 ille:
135 2215 164 2248 ‘et
175 2223 216 2258 ego,
227 2212 290 2258 inquit,
302 2217 379 2257 propter
390 2213 445 2248 deum
457 2213 506 2258 fugio
518 2224 528 2248 a
540 2214 568 2249 te.¹
591 2213 638 2249 Cum
649 2218 711 2248 autem
722 2224 780 2249 senex

77 2268 206 2301 indumentum
225 2277 279 2300 suum
297 2265 404 2310 prohiciens
419 2272 534 2311 sequeretur,
548 2266 595 2300 alius
614 2267 718 2310 expectauit
732 2278 781 2310 eum,

77 2319 152 2355 dicens:
166 2319 254 2362 ‘Quando
261 2318 354 2364 proiecisti
360 2318 455 2354 materiam
462 2320 573 2362 mundiale,
581 2324 599 2355 et
606 2329 640 2363 ego
646 2319 743 2363 expectaui
751 2322 780 2355 te'

78 2373 148 2416 ‘Pater,
161 2372 220 2417 inquit
235 2383 298 2414 senex,
311 2372 340 2407 dic
355 2371 410 2407 michi
425 2373 503 2407 uerbum
518 2373 610 2417 quomodo
623 2372 687 2407 saluus
701 2372 781 2408 efficiar!

79 2426 102 2460 Et
111 2426 152 2460 ille:
166 2426 228 2470 ‘Fuge
236 2426 325 2466 homines,
334 2430 353 2460 et
363 2431 413 2459 tace:
430 2432 449 2458 et
458 2425 521 2459 saluus
529 2426 575 2459 eris.¹
619 2418 714 2470 ‘Quidam
722 2437 781 2460 senex
789 2437 809 2465 4⁰

78 2489 160 2523 pergens
170 2478 190 2512 in
199 2479 275 2513 heremo
283 2477 328 2512 uidit
338 2477 414 2512 bubalos
424 2477 525 2519 uenientes,
533 2483 552 2513 et
562 2478 654 2521 quendam
665 2489 741 2513 seruum
751 2479 781 2514 dei

79 2530 185 2565 uenientem
195 2541 237 2565 cum
249 2531 276 2566 eis
288 2532 363 2572 nudum,
374 2531 398 2565 de
408 2530 478 2573 capillis
488 2530 624 2574 cooperientem
637 2541 673 2575 qne
685 2532 783 2566 inhonesta

89 2593 293 2633 ¹ctvit.Patr.p.1006.
333 2593 467 2625 ²VP.omnibus.
506 2592 632 2630 ³vr.p.1oos.
672 2594 773 2634 ⁴v1‘.1009.
