1762 2803
116 142 158 184 312
257 102 517 191 &onustatum
533 124 626 187 annito
733 135 818 176 [usu.

114 250 202 287 apostolum
210 257 245 278 cum
252 257 309 286 magna
317 247 362 277 turba
372 247 488 286 episcoporum,
495 247 537 278 inter
543 257 582 285 quos
592 251 659 285 quatuor
666 247 705 277 uidit
713 246 750 287 [sibi
757 247 818 288 notos]‚

114 296 174 326 seilicet
182 295 280 325 Celestinum
290 295 412 325 ardmachanum
423 295 570 333 (archiepiscopum,
577 299 594 324 et
601 294 693 324 Malachiam
703 294 730 332 qui
737 294 819 324 celestino

114 343 196 379 successit,
208 342 235 379 qui
246 341 314 372 Romam
324 341 392 373 ueniens
402 345 473 380 ternpore
486 341 577 372 innocencii
586 350 632 379 pape,
643 340 705 379 legatus
715 344 731 370 et
741 341 818 380 archiepi-

114 400 172 429 scopus
177 391 196 420 ab
201 389 228 421 illo
234 395 258 420 est
264 390 364 426 constitutus,
370 389 397 427 qui
403 389 456 419 omnia
461 398 492 427 que
497 389 555 419 habere
559 392 621 427 poterat
626 388 694 419 sanctis¹
701 392 718 419 et
723 389 819 427 pauperibus

99 445 107 475 5
115 439 200 468 diuidebat.
221 437 253 467 Hic
260 441 359 467 constructor
365 437 418 466 extitit
424 436 464 466 xliiii
469 436 570 466 cenobiorum
577 436 695 472 monachorum,
702 436 819 474 canonicorum,

115 484 263 523 sanctimonialium,
275 484 332 523 quibus
344 484 396 514 omnia
408 483 498 514 necessaria
509 482 606 521 prouidebat,
619 486 636 512 et
649 483 697 512 nichil
711 483 776 513 omnino
789 483 819 514 sibi

115 533 198 563 retinebat,
221 532 277 568 Ibique
287 533 327 561 uidit
334 531 439 561 Christianum
449 531 565 566 lugdunensem
573 530 671 567 episcopum,
677 530 742 559 fratrem
752 531 819 567 predicti

116 580 194 608 Malachie
202 579 286 614 uterinum,
294 579 333 607 mire
340 577 439 607 continencie
446 577 497 606 uirum
505 580 521 606 et
527 576 616 606 uoluntarie
623 577 720 614 paupertatis
727 582 819 615 amatorem,

117 632 133 657 et
140 627 223 657 Neemiam
233 626 321 656 cluanensis
331 623 398 654 ciuitatis
409 623 499 659 antistitem,
507 623 557 653 uirum
568 622 656 661 simplicem
666 627 713 662 atque
724 624 819 663 modestum,

91 684 109 707 lo
117 675 197 714 sapiencia
208 683 270 713 quoque
285 677 301 704 et
312 673 383 704 castitate
393 681 422 711 pre
434 672 492 702 ceteris
503 671 594 709 fulgentem.
621 671 657 701 Hos
667 675 734 710 quatuor
744 671 820 710 cognouit

117 724 205 762 episcopos.
228 724 296 759 Eratque
306 722 350 750 iuxta
361 730 388 750 eos
399 730 448 749 unum
458 720 508 749 sedile
519 720 611 749 mirabiliter
621 725 699 756 ornatum,
707 721 762 758 inquo
773 731 820 751 nemo

117 772 186 801 sedebat.
213 770 233 799 Et
245 770 284 798 dixit
294 768 385 798 Tundalus:
400 768 461 797 ‘Cuius
475 771 500 797 est
513 768 554 797 istud
565 767 620 802 sedile,
632 771 649 797 et
662 776 712 804 quare
722 768 745 798 sic
756 767 820 799 uaoati'

118 818 208 855 Respondit
220 820 283 845 sanctus
298 814 391 844 Malachias:
406 814 501 843 ‘Cuiusdam
515 815 535 843 de
547 814 621 844 fratribus
633 815 698 851 nostris,
712 816 739 851 qui
749 816 821 845 noudum

118 864 191 901 migrauit
197 874 207 894 a
214 872 287 900 corpore;
297 862 323 892 hic
330 862 388 890 sedibit
395 871 430 890 cum
437 861 538 899 migrauerit'
576 854 620 891 Cum
627 866 679 891 autem
686 862 703 890 in
710 862 741 891 hiis
748 862 821 891 omnibus

91 921 109 950 ¹5
117 911 170 940 anima
179 910 246 940 Tundali
257 910 302 940 ualde
313 908 422 945 delectaretur,
430 909 474 938 affuit
484 909 550 946 angelus
558 908 623 946 domini,
629 909 656 946 qui
667 918 701 939 eam
712 910 821 947 antecedebat,

118 962 135 989 et
144 958 202 989 blande
212 967 246 988 eam
256 957 337 996 alloquens
347 956 380 987 ait:
391 956 458 987 ‘Vidisti
467 956 497 986 hec
507 954 578 987 omnial'
599 956 619 986 Et
630 955 667 986 illa:
678 956 744 995 ‘Video‚
752 957 821 988 domine.

118 1007 194 1041 Obsecro,
207 1006 242 1036 sine
254 1015 279 1035 me
291 1005 316 1035 hie
327 1003 373 1035 esse!
401 1005 431 1034 Cui
442 1005 517 1041 angelus:
532 1005 595 1034 ‘Debes
608 1005 629 1034 ad
640 1013 698 1042 corpus
711 1009 755 1034 tuum
769 1006 821 1035 redire

117 1056 134 1083 et
141 1053 194 1083 omnia
201 1062 232 1092 que
239 1051 291 1081 uidisti
298 1052 318 1082 ad
323 1051 406 1081 utilitatem
411 1052 518 1089 proximorum
522 1051 613 1081 memoriter
617 1051 697 1081 retinere.r
718 1052 754 1088 Quo
761 1053 821 1089 audito,

117 1101 170 1130 anima
179 1101 228 1130 tristis
237 1104 253 1129 et
261 1101 301 1129 tiens
311 1100 404 1138 respondit:
414 1099 498 1134 ‘Domina
506 1099 562 1136 inquit,
569 1099 606 1136 quid
614 1099 652 1128 tanti
660 1099 697 1128 mali
706 1099 731 1137 egi
742 1103 759 1129 ut
767 1100 822 1131 relicta

91 1159 110 1178 ao
118 1152 161 1176 tanta
173 1147 222 1184 gloria
234 1147 254 1175 ad
265 1156 322 1183 corpus
333 1145 415 1176 redeamt’
440 1145 467 1175 Ad
479 1155 525 1182 quam
537 1146 613 1183 angelus:
628 1146 686 1176 ‘Hanc
696 1156 729 1176 non
741 1152 822 1177 merentur

118 1195 177 1225 intrare
184 1194 215 1225 uisi
225 1194 300 1231 uirgines,
308 1193 335 1231 qui
345 1202 412 1231 corpora
421 1202 451 1222 sua
459 1192 479 1222 ab
489 1191 532 1221 omni
542 1192 621 1222 immundo
630 1196 677 1229 tactu,
685 1196 702 1223 et
712 1194 760 1224 corda
766 1202 796 1224 sua
802 1194 822 1224 ab

118 1244 161 1273 omui
168 1243 248 1272 immundo
255 1243 312 1272 affectu
319 1241 416 1278 custodiunt,
424 1245 440 1270 et
449 1241 494 1270 aduri
504 1241 553 1279 magis
562 1241 599 1280 pro)
606 1240 658 1281 tan(ta
666 1241 716 1278 gloria
724 1251 770 1279 quam
777 1242 821 1272 coin·

118 1290 179 1328 quinari
190 1290 243 1326 aliqua
252 1290 294 1327 turpi
303 1288 441 1327 concupisicencia
449 1289 516 1328 (uolunt,
523 1289 565 1325 quod
572 1289 633 1318 scilicet
642 1293 659 1318 tu
668 1289 733 1319 noluisti
743 1289 795 1319 facere
805 1295 822 1320 et

117 1338 177 1374 uerbis)
188 1336 239 1367 meisz
250 1337 328 1376 (eredere,
336 1340 352 1366 et
362 1336 398 1365 ideo
409 1345 442 1365 non
452 1336 511 1374 poteris
521 1336 546 1365 hie
556 1345 624 1365 manere.
646 1336 742 1375 Reuerltere
752 1346 791 1374 ergo
801 1339 822 1368 nd

92 1395 110 1425 ²5
119 1384 183 1422 (corpus
190 1388 233 1413 tuum
244 1388 260 1413 et
269 1384 331 1413 abstine
341 1384 361 1413 ab
369 1383 406 1419 hiis]
416 1392 447 1420 que
458 1388 495 1412 ante
504 1383 584 1421 sa(ciebas.
602 1383 689 1413 Consilium
695 1393 747 1413 meum
755 1388 772 1414 et
778 1384 822 1413 auxi-

118 1431 156 1460 lium
167 1430 202 1469 tibi)
215 1440 248 1459 non
258 1430 315 1467 deerit,
330 1428 362 1467 (set
372 1429 492 1466 presencialiter
504 1433 551 1466 atque
563 1429 630 1459 fideliter
640 1430 675 1468 tibi)
688 1431 768 1461 manebit’
795 1431 823 1470 (Et

119 1488 154 1508 cum
164 1480 194 1508 hoe
202 1478 269 1507 dixisset
278 1477 348 1514 angelus,
356 1487 434 1506 conuersa
442 1477 501 1515 anima)
508 1476 561 1507 statim
570 1476 621 1507 sensit
629 1478 653 1515 (se
661 1477 701 1507 mole
709 1478 779 1516 corporis
786 1487 823 1509 esse

119 1528 207 1563 granatam)
213 1536 218 1560 ς
235 1525 295 1555 nullum
304 1524 411 1564 interluallum
421 1534 451 1554 nec
462 1524 521 1555 ullum³
531 1525 607 1563 temporis
617 1524 714 1563 intercessit)
726 1530 823 1556 momentum

120 1577 145 1603 set
158 1573 181 1613 (in
195 1582 227 1603 uno
241 1573 328 1609 eodemque
339 1572 415 1610 temporis
425 1576 484 1610 puncto
495 1572 564 1610 incelis)
576 1572 669 1609 loquebatur
680 1573 700 1603 ad
714 1573 794 1612 augmina
807 1578 824 1604 et

93 1632 113 1662 30
120 1621 137 1651 in
144 1621 190 1651 terris
196 1631 214 1651 se
220 1620 271 1650 sensit
278 1620 351 1656 induere)
358 1628 415 1657 corpus
422 1629 472 1650 suum.
495 1619 546 1660 (Tunc
553 1619 587 1658 ipsa
594 1620 650 1650 debilis
657 1620 746 1658 corporales
754 1621 823 1660 aperuit)

121 1669 175 1698 oculos
189 1671 206 1698 et
220 1667 308 1706 (suspirans
323 1667 402 1704 nichilque
416 1667 471 1696 dicens
488 1667 563 1706 respexit)
576 1667 643 1697 clericos
657 1668 793 1708 circum(stantes;
808 1673 824 1699 et

120 1715 252 1752 sumpsitcorpus
260 1713 369 1750 dominicum)
379 1713 465 1749 graciarum
475 1714 544 1750 accione,
553 1716 576 1751 (et
585 1715 637 1743 omnia
647 1724 678 1751 que
686 1715 741 1744 habuit
750 1715 825 1752 dispersit

121 1762 144 1798 et)
155 1762 200 1791 dedit
209 1760 310 1798 pauperibus,
319 1762 342 1797 [et
351 1759 413 1797 signum
420 1764 474 1790 sancte
481 1760 531 1790 crucis
538 1761 643 1798 uestimentis)
651 1761 684 1791 suis
691 1761 744 1793 affixit.
766 1762 824 1803 (Cunc-

120 1815 168 1848 taque
178 1819 209 1847 que
221 1809 283 1838 uiderat
295 1812 311 1837 et
324 1807 393 1837 retinere
406 1808 480 1846 poiterat,
492 1806 600 1848 post(modum
612 1808 688 1846 recitauit,
699 1808 756 1840 bonam
768 1809 824 1848 uitam)

94 1868 113 1898 35
121 1859 180 1888 ducere
192 1856 265 1895 mo(nuit‚
276 1855 372 1893 uerbumque
383 1854 410 1884 dei
420 1855 462 1893 quod
474 1859 510 1885 ante
522 1855 605 1896 nescierat)
616 1866 652 1887 eum
662 1865 719 1894 magna
729 1857 824 1898 (deuocione

121 1909 137 1936 et
145 1905 211 1936 utilitate
218 1913 236 1934 ac
243 1903 330 1933 humilitate
338 1906 354 1932 et
361 1902 429 1932 sciencia
435 1902 537 1943 predicabat),

214 2084 229 2123 ti
242 2077 276 2120 Da
287 2093 357 2119 ssucro
370 2075 457 2119 Pluuio
469 2094 555 2120 arrscoco
567 2095 589 2120 ar
601 2095 718 2121 courassona
723 2085 735 2121 ⁴.

163 2169 205 2204 Nno
217 2169 239 2202 ab
248 2167 372 2202 incarnatione
382 2167 451 2202 domiui
460 2168 608 2214 quingentesimo
616 2170 729 2215 octogesimo
737 2171 825 2212 secundo,

184 2222 286 2265 imperante
295 2220 389 2263 Mauricio,
397 2222 497 2265 Gregorius
504 2223 588 2257 eiusdem
595 2224 684 2269 principis
693 2234 742 2259 anno
753 2225 825 2259 decimo

124 2284 201 2308 romane
216 2272 267 2307 sedis
282 2278 368 2317 papatum
383 2275 460 2317 adeptus
477 2280 510 2309 est,
541 2276 578 2310 Hic
596 2276 645 2310 misit
663 2276 788 2320 Augustinum
808 2283 826 2311 et

95 2336 115 2368 40
125 2328 222 2362 Paulinum
230 2337 272 2360 cum
280 2325 345 2360 ceteris
353 2327 376 2360 ad
384 2326 516 2370 predicandum
524 2329 640 2373 euangelium
651 2329 702 2374 genti
709 2329 813 2373 Angiorum
821 2340 825 2364 :

123 2392 207 2426 gensque
222 2379 409 2423 northanhumbrana,
425 2392 461 2425 que
476 2382 499 2415 ad
515 2382 619 2427 aquilonem
638 2382 729 2418 Humbrie
744 2382 826 2418 fluminis

123 2435 197 2479 plagam
209 2432 303 2475 inhabitat,
317 2443 358 2466 cum
375 2444 409 2467 suo
421 2445 465 2478 rege
481 2435 559 2469 Edwino
573 2436 651 2471 verbum
662 2436 706 2480 vite,
719 2436 826 2480 predicante

143 2540 279 2571 ¹Sch.cenobiis.
329 2540 507 2578 ²Sch.seripturarum.
564 2542 679 2575 'Senonum
730 2543 826 2574 'Collected

123 2581 164 2612 from
172 2581 216 2612 Beda
224 2580 244 2611 11.
253 2589 277 2618 14.
286 2580 309 2611 16.
318 2589 345 2618 ²05
357 2580 387 2611 ΙΙΙ,
395 2589 423 2618 14;
433 2582 460 2611 tlte
467 2581 556 2612 Translatio
563 2582 576 2612 is
583 2583 640 2614 added.
