1762 2803
144 101 187 186 368
266 184 267 187 ,
335 129 415 182 tuoto
430 127 547 190 utacum
562 128 655 191 unalia
762 137 846 179 rus-u·

143 252 163 281 de
170 252 227 289 quibus
234 251 308 288 scriptum
315 250 346 288 est]
354 261 358 281 ι
370 250 460 281 “Potentes
468 251 550 290 pote(nter
556 254 633 281 tormenta
639 249 738 288 paciuntur,”
745 250 771 288 qui
779 248 845 287 scilicet)

143 308 177 328 non
187 299 227 328 bene
234 297 259 327 usi
268 297 312 337 (suut
322 299 395 335 potencia
404 298 433 328 sibi
443 308 453 328 a
463 298 494 328 deo
505 297 559 334 data).’
579 298 623 327 Tunc
633 297 685 327 anima
695 297 723 335 (ait
733 297 752 327 ad
763 296 847 334 angelum:

146 346 209 383 'Quare
214 346 294 384 potenlcia
300 355 332 376 non
338 346 383 376 bonis
390 345 446 386 (datur,
453 349 470 375 ut
475 345 516 375 bene
521 343 599 383 presintl'
619 344 708 383 Respondit
715 343 787 383 angelus)
794 353 797 374 :
805 345 810 361 ‘
814 343 847 373 Aut

144 393 249 432 sub(ditorum
255 393 300 431 culpe
305 394 335 423 hoc
342 394 407 430 exigunt
414 397 431 422 ut
437 392 495 431 bonos)
502 393 585 422 doctores1
590 394 629 430 (non
637 393 710 429 habeant,
716 397 743 422 aut
749 392 794 432 ipsis)
800 391 847 421 bonis

128 446 136 476 5
145 441 161 470 in
172 442 203 471 hoc
214 440 286 480 parcitur,
298 445 315 470 ut
326 440 378 481 (saluti
390 440 477 469 animarum
487 438 556 477 suarum>
567 439 623 469 melius
632 439 731 477 prouideant.
753 439 785 469 Hic
795 442 847 469 autem

146 488 212 527 (infelix,
220 488 302 526 princleps
309 488 407 518 tenebrarum
416 487 466 517 dictus
476 491 505 522 est,
513 496 545 516 non
552 491 617 524 propter
623 487 712 525 potenciam
721 496 767 525 quam
774 485 847 523 habeat²,

145 540 170 565 set
184 538 249 574 propter
260 535 342 573 primatum
356 544 403 572 quem
417 533 475 572 [tenet]
490 534 506 562 in
520 535 594 563 tenebris.
617 534 676 563 Omnes
690 538 743 563 autem
757 534 787 563 alie
800 543 847 571 pene,

146 584 218 621 quamuis
228 582 302 622 (maxime
312 582 348 618 sint,
359 581 440 619 respec)tu
451 581 497 611 huius
507 590 536 619 pro
546 581 605 611 nichilo
616 580 735 623 computantur!
756 581 776 611 Et
787 581 847 612 anina:

148 630 214 661 ‘Verum
225 633 267 660 certe
278 634 306 665 est,
317 639 354 659 nam
363 629 418 659 uidere
428 628 535 660 tantummodo
546 628 597 659 locum
608 628 654 659 istum
665 629 715 667 magis
727 638 752 659 me
764 628 821 665 turbat,
832 631 848 658 et

119 683 138 704 10
146 678 212 708 fetorem
223 677 257 706 eius
266 677 344 706 sustinere
354 686 379 706 me
389 676 424 714 plus
436 676 501 715 (grauat,
509 686 556 713 quam
566 676 598 714 pati
609 677 661 706 omnia
671 686 702 714 que
712 681 759 706 antea
769 676 846 713 paciebar.

146 725 192 755 Vnde
199 733 243 761 rogo,
252 725 265 753 si
272 727 324 761 potest
331 724 370 760 fieri,
378 728 395 753 ut
402 724 439 753 hinc
448 733 473 752 me
483 723 566 753 subtrahas
573 723 611 760 cito,
618 727 634 753 et
643 723 668 753 hic
677 733 703 753 me
710 723 777 762 amplius
784 722 848 753 cruciari

147 780 179 800 non
190 771 274 808 permittas.
295 770 326 798 Hic
337 770 379 798 enim
390 770 438 799 uideo
450 770 508 798 multos
519 770 593 806 cognitos
606 774 622 799 et
635 771 698 800 sodales
710 774 727 799 et
738 775 785 800 notos
798 780 848 806 meos,

147 827 187 856 quos
193 826 253 848 mecum
261 817 277 845 in
284 817 338 846 seculo
346 817 432 854 gaudebam
441 816 501 846 habere
507 817 565 853 socios,
572 826 638 854 quorum
645 816 671 846 hic
678 816 776 847 consorcium
783 817 848 847 multum

146 859 245 895 abhorresco.
266 864 313 894 δοίοθ
323 868 375 894 autem
385 874 414 902 pro
426 869 469 894 certo
481 865 523 902 quod
534 865 565 894 nisi
577 865 624 894 michi
635 865 689 893 diuina
699 869 780 894 succurrat
790 864 846 902 gracia,

119 918 137 949 15
146 914 206 944 meritis
213 913 252 942 meis
260 912 359 950 exigentibus
366 922 399 942 non
409 913 461 942 minus
468 913 499 942 ista
508 911 562 950 paciar
569 922 615 950 quam
623 911 663 951 ipsi!
683 912 708 943 Ad
719 922 765 951 quam
772 911 849 949 angelus:

147 960 198 991 ‘Veni
205 971 215 991 o
222 960 260 989 felix
269 960 325 996 anima,
333 964 426 990 conuertere
436 961 452 990 in
463 961 533 998 requiem
544 964 592 998 tuam,
602 960 638 998 quia
649 960 720 990 dominus
731 960 808 990 benefecit
816 960 848 989 tibi.

147 1008 183 1038 Non
191 1007 232 1038 eninr
239 1008 270 1037 hoc
277 1008 348 1045 paciens,
356 1017 407 1046 neque
414 1007 487 1046 amplius,
492 1007 522 1037 uisi
529 1008 639 1045 promerueris,
645 1008 674 1038 ista
681 1008 747 1039 uidebis.
761 1008 849 1046 Hucusque

146 1055 199 1085 uidisti
214 1054 312 1084 inimicorum
328 1054 354 1084 dei
369 1063 451 1090 carcerem,
470 1056 543 1084 ammodo
558 1055 619 1084 uidebis
633 1055 698 1092 gloriam
715 1055 800 1084 amicorum
813 1053 849 1084 dei)

147 1094 232 1132 Conuersa
244 1101 297 1131 anima
309 1102 403 1139 sequebatur
413 1102 487 1139 angelum
497 1102 620 1139 precedentem:
635 1105 652 1131 et
664 1112 699 1131 cum
710 1112 742 1132 nou
754 1103 802 1140 longe
814 1111 849 1140 per·

119 1159 139 1182 uo
147 1154 208 1186 gerent,
219 1149 260 1179 fetor
270 1149 338 1188 euanuit,
351 1149 464 1187 destructisque
474 1149 543 1178 tenebris
554 1149 581 1178 lux
592 1150 668 1187 apparuit.
691 1150 783 1187 fugatoque
793 1151 850 1179 timore

147 1197 222 1227 securitas
229 1196 279 1232 rediit,
287 1200 303 1226 et
310 1196 382 1234 deposita
392 1196 457 1227 tristicia
466 1196 518 1226 anima
528 1196 554 1225 illa
565 1196 625 1234 repleta
636 1201 660 1227 est
670 1197 728 1234 gaudio
739 1202 755 1227 et
764 1197 820 1233 leticia,
828 1198 850 1227 lta

147 1249 164 1275 ut
174 1254 192 1274 se
203 1249 234 1273 tam
245 1244 276 1273 cito
286 1247 360 1274 mutatam
370 1243 457 1279 miraretur,
467 1248 484 1273 et
494 1243 562 1274 diceret:
574 1244 598 1273 ‘0
609 1244 677 1280 domine,
685 1245 766 1282 quomodo
776 1249 808 1275 tam
819 1245 850 1275 cito

147 1296 207 1320 mutata
220 1289 274 1319 sumt’
297 1291 328 1319 Cui
341 1292 417 1327 angelus:
432 1290 531 1319 ‘Benedicta
543 1291 577 1319 sis:
591 1301 613 1320 ne
626 1292 707 1326 timueris:
724 1292 755 1321 hec
769 1295 793 1321 est
807 1292 850 1321 enim

147 1338 215 1367 mutacio
222 1337 288 1367 dextere
295 1338 363 1373 excelsi;
373 1347 402 1375 per
409 1337 454 1367 aliam
464 1343 516 1367 autem
527 1337 568 1365 uiam
579 1337 646 1367 transire
656 1339 732 1368 debemus
742 1337 758 1367 in
769 1337 850 1375 regionem

120 1395 128 1417 a
131 1395 140 1427 5
148 1390 223 1415 nostram.
244 1385 267 1414 Tu
275 1395 313 1422 ergo
321 1385 388 1414 benedic
396 1385 476 1415 dominum
487 1388 503 1415 et
512 1393 579 1421 sequere
588 1383 623 1414 me)
644 1385 704 1416 Euntes
714 1389 766 1416 autem
776 1385 851 1416 uiderunt

148 1443 209 1463 murum
217 1432 263 1463 nimis
273 1433 327 1470 altum,
335 1437 351 1462 et
361 1433 403 1461 intra
413 1443 474 1462 murum
484 1442 505 1462 ex
516 1432 541 1461 illa
552 1436 597 1470 parte
607 1442 638 1470 qua
649 1436 733 1470 uenerunt,
740 1436 774 1463 erat
783 1432 851 1471 plurima

148 1481 232 1511 multitudo
243 1480 311 1510 uirorum
322 1490 340 1510 ac
351 1480 440 1519 mulierum)
452 1481 520 1518 pluuiam
531 1479 554 1519 (et
564 1484 629 1509 uentum
639 1481 762 1511 sustinencium:
779 1485 795 1510 et
806 1484 851 1511 erant

148 1529 201 1566 ualde)
210 1529 268 1562 tristes,
276 1528 339 1563 (fantem
347 1532 363 1556 et
373 1528 416 1557 sitim
426 1529 533 1562 sustinentes;
543 1528 596 1556 lumen
607 1533 659 1557 tamen
669 1528 753 1563 habebant,
761 1532 777 1558 et
785 1528 851 1559 fetorem

149 1585 182 1604 non
195 1573 299 1611 senciebant).
325 1573 369 1604 Tunc
382 1574 405 1604 ait
418 1574 502 1613 anfgelus:
518 1574 555 1604 ‘Isti
567 1575 630 1611 quidern
643 1575 679 1604 mali
693 1575 761 1611 fuerunt,
774 1579 799 1604 set
810 1577 850 1614 non)

122 1630 141 1661 30
150 1623 206 1652 ualde:
217 1620 292 1659 hones(te
302 1621 380 1657 uixerunt,
390 1626 415 1652 set
425 1622 467 1652 bona
477 1621 575 1660 temporalia)
586 1621 681 1659 pauperibus
692 1631 724 1651 non
736 1621 779 1661 (sunt
789 1621 852 1660 largiti:

149 1675 166 1700 et
176 1671 213 1700 ideo
223 1680 252 1707 per
262 1670 322 1707 aliquot
332 1670 389 1710 annos)
401 1671 483 1707 pacientur
494 1669 575 1707 (pluriam,
586 1673 655 1709 uentum,
667 1668 724 1700 famem
734 1673 750 1700 et
760 1669 814 1710 sitim),
826 1674 851 1701 set

149 1723 185 1755 post
191 1718 275 1756 du(centur
282 1718 302 1746 ad
309 1717 366 1747 bonam
374 1717 455 1755 requiem)
497 1709 561 1748 Euntcs
568 1717 661 1755 paullulum,
667 1717 753 1757 uenefrunt
760 1719 779 1748 ad
785 1722 851 1756 portam,

149 1776 180 1803 que
188 1766 228 1795 ultro
239 1768 294 1802 aperta
303 1763 334 1802 est)
345 1765 373 1795 eis.
395 1765 446 1801 Quam
456 1775 492 1794 cum
502 1765 591 1803 intrassent,
600 1764 686 1804 (uiderunt)
694 1774 765 1803 campum
775 1765 850 1804 pulcrum,

149 1813 251 1848 odoriferum,
258 1812 323 1840 floribus
331 1812 408 1850 (plenum,
415 1812 491 1850 luci)dum
502 1816 517 1841 et
527 1813 566 1842 satis
576 1822 654 1848 amenum,
662 1812 678 1841 in
689 1822 720 1849 quo
726 1812 782 1848 (multe
792 1813 850 1851 anime)

121 1867 140 1900 35
149 1865 194 1890 erant
200 1859 282 1896 utriusque
289 1868 337 1889 sexus
345 1859 450 1898 (exultantes;
461 1863 477 1887 et
484 1868 517 1887 nox
524 1859 551 1897 ibi)
558 1868 638 1895 nunquam
645 1858 678 1894 suit,
685 1868 737 1895 neque
745 1859 776 1897 (sol
783 1869 852 1897 unquam

149 1908 211 1944 occidit,
222 1911 238 1937 et
249 1906 279 1944 est)
288 1906 309 1936 ibi
319 1906 355 1936 fons
365 1916 406 1945 aque
416 1907 458 1938 uiue.
479 1906 500 1936 Et
510 1906 550 1936 dixit
560 1906 636 1944 angelus:
647 1906 689 1936 ‘Hic
699 1906 770 1937 habitant
780 1907 817 1937 boni
827 1911 852 1938 set

149 1965 182 1986 non
188 1955 239 1993 ualde,
246 1955 272 1992 qui
280 1955 299 1984 de
307 1955 399 1984 cruciatibus
407 1955 457 1993 erepti
464 1956 534 1984 nondum
541 1958 621 1984 merentur
628 1958 718 1984 sanctorum
725 1955 808 1985 consorcio
815 1965 851 1986 con-

149 2002 198 2039 iungi.
219 2002 261 2031 Fons
272 2001 302 2031 iste
314 2006 380 2031 uocatur
391 2002 457 2032 uiuens:
472 2003 486 2031 si
499 2002 534 2039 quis
545 2011 566 2031 ex
576 2003 606 2031 hac
618 2012 659 2039 aqua
669 2003 761 2039 gustauerit,
773 2004 823 2042 (uiuet
835 2004 851 2033 in

149 2055 221 2078 eternum
232 2048 268 2086 nec)
279 2048 324 2078 siciet
334 2048 385 2078 ultra)
407 2049 435 2088 (Et
445 2049 533 2086 procedens
544 2048 631 2086 paululum)
641 2049 681 2079 uidit
691 2049 739 2079 laicos
752 2050 781 2079 sibi
792 2050 852 2089 (notos,

122 2096 190 2136 ¹qointer
204 2095 249 2132 quos)
265 2099 310 2124 erant
325 2095 409 2124 Concober
425 2100 441 2125 et
457 2094 538 2125 Donatus⁴
552 2104 603 2131 reges.
628 2095 690 2132 Quibus
707 2095 745 2126 uisis
762 2096 784 2125 ait
800 2097 853 2127 anima

150 2145 170 2172 ad
182 2142 265 2179 angelum:
277 2142 359 2178 ‘Domine,
369 2142 406 2179 quid
418 2147 442 2171 est
454 2143 494 2172 hoel
516 2142 544 2171 Isti
556 2142 587 2171 duo
598 2141 629 2171 uiri
640 2146 684 2171 erant
696 2142 713 2171 in
725 2143 758 2172 uita
768 2152 796 2172 sua
806 2143 853 2173 nimis

150 2188 223 2219 crudeles
230 2193 246 2218 et
252 2188 294 2218 inter
302 2198 320 2218 se
327 2189 394 2218 inuicem
404 2190 470 2218 multum
478 2189 546 2219 inimici:
557 2198 588 2226 quo
599 2198 637 2226 ergo
647 2189 703 2218 merito
713 2189 744 2219 huc
755 2189 854 2228 ueneruntl’

151 2236 240 2275 Respondit
250 2236 326 2273 angelus:
337 2237 371 2266 ‘De
381 2238 411 2267 hac
421 2237 504 2267 inimicicia
514 2240 551 2266 ante
561 2240 627 2266 mortem
637 2236 744 2274 penituerunt.
770 2238 854 2269 Concober

150 2289 203 2314 autem
214 2284 240 2313 diu
250 2284 311 2321 languit
319 2288 335 2313 et
343 2289 397 2313 uotum
406 2285 451 2314 uouit
460 2284 502 2322 quod
513 2284 526 2313 si
537 2284 603 2314 uixisset
613 2285 698 2314 monachus
709 2285 759 2315 lieret.
781 2286 853 2316 Donatus

122 2341 142 2372 45
151 2336 203 2362 autem
214 2341 243 2369 per
253 2330 310 2361 multos
322 2340 373 2361 annos
384 2332 401 2361 in
411 2332 478 2362 uinculis
488 2331 567 2369 religatus,
579 2332 631 2363 omnia
642 2341 736 2371 quecunque
746 2332 800 2363 habuit
810 2334 854 2365 dedit

151 2378 250 2416 pauperibus,
257 2382 273 2406 et
283 2378 319 2407 ideo
329 2379 391 2407 iusticia
398 2380 432 2407 eius
440 2383 494 2408 manet
501 2378 517 2407 in
524 2379 594 2408 seculum
604 2380 653 2408 seculi
659 2390 663 2415 ;
674 2385 690 2409 et
696 2384 713 2409 tu
721 2381 792 2410 narrabis
799 2381 853 2411 uiuen-

150 2426 192 2454 tibus
201 2425 253 2453 omnia
263 2423 303 2454 hec!
344 2418 387 2455 Cum
394 2428 447 2453 autem
454 2425 532 2454 modicum
539 2426 649 2462 procederent,
658 2426 731 2456 uiderunt
738 2426 801 2456 domum
808 2428 854 2457 mira-

151 2472 203 2503 biliter
210 2475 286 2509 ornatam,
294 2472 337 2502 cuius
344 2472 413 2510 parietes
422 2477 439 2503 et
449 2472 500 2502 omnis
510 2476 589 2503 structura
599 2483 620 2503 ex
630 2484 669 2503 auro
680 2476 696 2503 et
705 2477 772 2511 argento
782 2477 827 2505 erant
837 2478 854 2505 et

212 2582 248 2614 ¹al.
256 2588 330 2613 rectores.
371 2582 486 2614 ¹T.habebat.
526 2584 629 2617 ³VB.scito.
670 2583 794 2617 *aLDonacus
