1762 2803
240 95 286 151 Ue
301 92 401 148 &antu
416 93 565 147 tttatatanc.
708 103 755 151 413

52 215 90 254 Sed
98 224 140 251 cum
148 213 266 259 omnipotens
274 213 320 249 deus
328 222 372 248 suos
379 213 429 249 omni
437 212 456 249 in
464 212 546 258 periculo
554 211 645 256 defendat,
652 212 756 258 predictum

52 273 136 308 sanctum
144 267 262 305 Walstanum
271 266 380 303 miraculose
386 266 471 310 uisitauit,
479 271 499 302 vt
506 277 563 312 super
570 265 687 303 acutissimos
694 266 757 312 spina·

51 333 92 360 rum
103 322 188 358 stimulos
201 332 222 356 ac
234 320 342 356 tribulorum
354 320 410 356 nudis
421 331 497 356 suorum
508 320 578 365 pedum
589 320 657 365 plantis
668 326 757 365 tanquam

52 386 109 421 super
121 385 186 410 roseos
201 374 257 409 liores
272 375 323 409 omni
336 373 441 409 suauissimi
455 373 516 409 odoris
531 373 631 419 fragrantia
646 373 757 416 redolentes,

52 431 93 465 sine
104 427 165 472 aliqua
179 427 283 471 punctionis
295 427 364 461 lesione
379 428 466 461 audacter
480 431 536 461 staret
549 431 567 461 et
580 426 679 469 insideret,
694 437 727 462 eos
738 426 775 466 ins

52 479 287 528 predictacarectadecenti
293 479 353 523 modo,
359 478 434 516 domino
440 479 543 523 adiuuante,
550 480 576 525 (vt
582 479 685 515 mulierilla
691 480 758 526 obpro·

46 535 114 570 hriosa
126 534 215 578 precepit)
228 534 342 568 coadunauit.
364 534 418 576 Quod
432 533 506 578 quidem
519 533 627 569 miraculum
639 544 681 568 cum
693 534 759 568 mulier

53 587 135 632 predicta
146 586 229 629 vidisset,
237 592 307 621 reatum
318 596 351 621 sue
361 585 462 630 iniquitatis
471 596 592 630 cognoscens,
599 587 622 620 ad
632 587 690 631 pedes
700 586 759 620 sancti

54 638 145 674 Walstani
153 640 219 673 deuote
226 639 323 683 prouoluta
333 638 380 673 susis
389 639 483 673 lachrimis
490 639 564 673 veniam
574 639 679 683 postulauit.
698 638 758 681 Quam

54 693 82 727 vir
95 692 125 726 dei
138 691 217 736 benigne
229 693 288 726 erexit
299 696 318 727 et
331 701 406 726 ornnem
421 690 505 726 iniuriam
517 690 553 726 sibi
564 691 632 727 illatam
643 690 759 727 condonauit.
769 698 788 722 io

54 745 124 780 Videns
139 745 194 789 igitur
208 745 297 789 magister
309 744 367 779 sancti
377 744 470 778 Walstani
481 744 535 789 signa
548 749 566 779 et
579 743 667 779 miracula
677 755 714 789 que
725 754 760 790 per

54 799 116 844 ipsum
134 798 208 843 fiebant,
224 798 259 834 deo
277 798 401 843 permittente,
416 798 504 833 ardenter
522 808 565 834 eum
580 796 649 841 dilexit,
664 804 683 834 et
697 797 759 844 ipsum

54 852 143 887 heredem
150 861 211 894 suum,
218 862 261 887 cum
272 852 373 887 naturalem
381 851 411 886 vel
418 851 527 896 legittimum
537 850 633 896 proprium
642 851 677 886 sibi
686 862 760 888 succes·

55 915 119 939 surum
127 915 165 938 non
177 904 258 946 haberet,
266 905 339 949 publice
348 905 438 939 iacturum
450 904 590 948 protestabatur.
614 905 674 947 Quam
685 905 760 949 quidem

55 956 198 1002 promissionem
206 963 281 993 sanctus
288 957 398 992 Walstanus
405 963 443 992 toto
450 957 548 992 conamine
559 958 644 1002 negauit:
654 958 704 993 vnde
714 958 760 993 nihil
769 967 788 1000 15

55 1011 104 1045 aliud
112 1019 147 1055 pro
154 1011 218 1045 labore
225 1020 260 1045 suo
267 1010 319 1056 petiit
326 1010 362 1046 nisi
369 1011 450 1046 futurum
460 1010 517 1045 fetum
525 1011 620 1045 cuiusdam
628 1021 688 1055 vacce,
695 1016 714 1046 et
725 1011 760 1046 hoc

55 1074 89 1109 pro
97 1064 184 1098 mercede
191 1074 226 1099 sua
232 1064 267 1098 sibi
274 1063 360 1099 sufficere
368 1064 452 1099 asseruit.
474 1063 508 1099 Cui
519 1063 603 1109 petitioni
614 1064 703 1110 magister
713 1075 760 1100 suus

56 1116 103 1151 illico
111 1127 223 1152 consensum
234 1118 313 1161 prebuit.
336 1117 418 1153 Instante
425 1128 469 1153 vero
480 1122 563 1161 tempore
574 1123 670 1160 oportuno,
678 1119 761 1162 predicta

56 1168 408 1212 uaccaduosuitulosmasculosietauit5
419 1180 466 1214 quos
471 1168 658 1204 sanctusWalstanus
663 1170 762 1215 diligenter

56 1231 91 1266 pro
102 1231 158 1266 posse
170 1231 203 1257 suo
215 1222 311 1257 custodiuit
320 1226 339 1257 et
349 1221 409 1266 pauit:
425 1233 463 1256 non
474 1227 552 1266 propter
560 1221 661 1257 humanam
671 1222 759 1268 cupidita·
769 1237 789 1259 aa

56 1280 100 1318 tem,
109 1274 142 1310 sed
149 1280 169 1310 vt
174 1275 259 1310 voluntas
264 1274 294 1310 dei
301 1274 351 1320 [per]
358 1286 390 1311 eos
396 1275 532 1319 adimpleretur,
538 1280 592 1320 prout
598 1286 633 1320 per
637 1276 724 1320 angelum
730 1277 761 1311 dei

57 1326 761 1374 sibidiuinitusadeoeratprenunciatum,videlicetquodpereosmiraculose

57 1381 156 1416 duceretur
169 1382 192 1416 ad
205 1382 265 1416 locum
277 1381 309 1416 vbi
321 1391 370 1417 nunc
382 1392 449 1427 corpus
463 1392 518 1417 suum
531 1381 578 1417 iacet
591 1382 692 1418 humatum.
714 1383 762 1418 Cum

58 1443 102 1468 vero
109 1438 185 1469 sanctus
192 1433 299 1469 Walstanus
307 1435 387 1479 quadam
394 1435 430 1477 die,
437 1433 522 1470 videlicet
530 1434 576 1469 seria
586 1439 643 1476 sexta,
651 1434 671 1469 in
681 1436 762 1479 quodam

58 1490 110 1531 prato
118 1497 160 1522 cum
168 1486 218 1521 socio
226 1498 260 1521 suo
268 1486 349 1530 falcaret,
356 1487 434 1532 angelus
445 1487 475 1522 dei
486 1488 571 1533 apparuit
583 1487 605 1531 ei,
614 1488 688 1524 dicens:
701 1489 762 1524 ‘Wal·
771 1503 790 1535 ²5

59 1546 111 1576 stane
126 1540 283 1582 intentionem
297 1541 371 1576 tertium
384 1542 432 1576 diem
445 1541 552 1585 paradisum
562 1541 658 1584 introibis,’
669 1547 688 1577 et
701 1542 762 1577 statim

58 1594 82 1628 ab
91 1593 149 1628 oeulis
159 1593 198 1629 suis
209 1594 288 1628 euanuit.
311 1593 340 1628 De
351 1603 388 1639 qua
397 1594 554 1639 predestinatione
565 1594 653 1630 diuinitus
663 1594 698 1630 sibi
710 1595 763 1638 sacta,

10 1644 12 1649 '
59 1647 127 1689 gratias
139 1646 174 1680 deo
185 1646 276 1682 reddidit:
299 1652 317 1681 et
334 1647 375 1681 sine
392 1647 479 1681 vlteriore
494 1647 580 1682 dilatione
592 1647 727 1683 confessionem
745 1653 763 1683 et

59 1704 175 1734 sacramenta
182 1699 261 1744 preciosi
269 1700 351 1744 corporis
359 1705 378 1735 et
385 1700 480 1745 sanguinis
488 1700 557 1736 domini
567 1701 624 1736 nostri
631 1700 686 1737 lhesu
695 1701 763 1737 Christi

60 1756 78 1787 et
85 1757 169 1787 extreme
176 1752 267 1788 vnctionis
278 1763 320 1788 cum
331 1763 399 1799 magna
408 1753 470 1788 cordis
479 1753 588 1789 contritione
600 1764 611 1788 a
622 1765 656 1790 suo
667 1755 763 1792 sacerdote
771 1767 792 1800 30

60 1806 160 1841 honorilice
171 1806 224 1851 petiit
232 1812 250 1840 et
258 1806 378 1842 deuotissime
389 1808 475 1851 suscepit.
498 1808 585 1842 Proximo
596 1808 626 1843 die
636 1808 713 1851 sabbati,
721 1819 764 1844 cum

59 1858 105 1892 hora
116 1869 165 1893 nona
176 1858 212 1893 diei
223 1859 272 1893 illius
283 1859 365 1900 instaret,
373 1865 448 1894 sauctus
459 1859 568 1893 Walstanus
578 1860 644 1894 falcem
655 1871 708 1894 suam
719 1872 730 1895 a
741 1871 764 1896 se

60 1909 136 1955 proiecit
141 1915 159 1945 et
165 1909 237 1954 operari
245 1911 268 1945 ab
276 1910 307 1946 illa
314 1911 360 1946 hora
367 1921 425 1956 usque
433 1921 488 1947 mane
494 1912 576 1946 secunde
581 1911 627 1947 ferie
633 1912 764 1957 subsequentis

60 1963 164 1998 nullatenus
176 1963 231 1999 licere
242 1964 331 1999 asseruit:
348 1964 391 2009 quia
405 1975 472 1999 sonum
485 1975 616 2010 campanarum
632 1966 729 2001 celicarum
745 1973 764 2002 et

61 2016 141 2053 sonitum
156 2017 267 2053 ineffabilem
286 2018 404 2053 buccinarum
422 2018 467 2053 hac¹
487 2017 563 2054 instanti
579 2019 624 2054 hora
639 2019 663 2054 de
678 2020 764 2065 supernis
772 2031 792 2065 3⁵

61 2070 136 2106 sedibus
145 2070 214 2106 audiuit
224 2076 350 2114 emanantem
364 2077 382 2106 et
395 2070 493 2106 consocio²
504 2082 538 2107 suo
550 2071 587 2107 ait:
600 2072 632 2108 ‘Si
644 2072 679 2109 hoc
688 2075 765 2110 credere

61 2124 146 2166 volueris,
157 2130 176 2159 et
190 2125 213 2159 ad
225 2135 255 2159 me
267 2125 368 2160 accesseris
380 2130 399 2159 et
411 2125 478 2169 pedem
490 2129 543 2159 tuum
554 2135 612 2170 super
623 2127 690 2170 pedem
701 2137 765 2163 meum

61 2176 127 2211 deuote
142 2176 232 2222 posueris,
248 2187 321 2213 mecum
335 2176 407 2213 videbis
422 2177 494 2212 coelum
509 2182 594 2223 apertum
609 2183 628 2214 et
642 2178 719 2224 angelos
734 2179 765 2216 dei

62 2239 161 2275 campanas
178 2230 273 2274 pulsantes
290 2231 313 2266 ad
330 2231 408 2275 gloriam
424 2236 487 2266 sancte
502 2236 521 2266 et
535 2230 631 2267 indiuidue
647 2232 734 2269 trinitatis
747 2239 766 2269 et

61 2282 146 2317 laudem!
176 2282 271 2318 Instante³
286 2288 369 2329 tempore
384 2283 444 2319 saneti
458 2283 550 2319 Walstani
568 2285 663 2328 decessus,
680 2285 794 2333 videlicetqo

62 2336 147 2380 proxima
154 2338 234 2372 secunda
245 2336 290 2372 seria
300 2336 390 2381 sequenti,
398 2337 449 2372 iuxta
459 2338 535 2372 modum
546 2338 618 2383 operari
629 2338 648 2373 in
660 2344 713 2383 prato
723 2350 766 2384 pre-

62 2389 110 2422 dicto
118 2399 160 2423 eum
168 2389 253 2423 consocio
262 2400 295 2423 suo
303 2390 406 2433 processit:
417 2395 437 2423 et
444 2389 518 2432 ibidem,
526 2395 627 2424 conuocato
637 2391 725 2436 magistro
732 2403 767 2427 suo

62 2444 81 2474 et
93 2441 203 2486 quibusdam
215 2440 255 2477 aliis
267 2441 350 2478 honestis
361 2441 452 2487 personis,
465 2443 549 2478 ultimam
561 2443 605 2478 fecit
618 2443 736 2487 voluntatem,
747 2450 766 2480 et

63 2492 144 2530 animam
156 2494 277 2539 omnipotenti
291 2495 333 2540 deo,
344 2494 397 2531 beate
410 2494 469 2531 Marie
481 2494 547 2542 virgini
562 2495 684 2542 omnibusque
697 2497 766 2535 sanctis

183 2558 190 2577 ¹
200 2559 218 2591 E.
226 2559 271 2593 hanc.
338 2559 344 2578 ¹
354 2559 372 2593 E.
379 2560 464 2592 consortio.
529 2560 535 2580 ³
546 2561 564 2592 E.
573 2561 645 2593 instanti.
