1762 2803
270 105 316 161 ΏΒ
330 104 431 158 &stultu
445 105 567 167 hunino.
727 121 769 164 291

71 224 267 270 Sigfridi-Wermuth
279 231 298 261 et
305 226 364 262 larwe
375 227 468 269 abbatum,
477 226 528 263 Bede
539 227 642 271 presbiteri,
650 228 708 271 Ebbe,
716 227 773 273 Bege,

72 278 139 321 Boisili,
151 284 169 315 et
181 280 238 315 Hilde
248 279 341 316 abbatisse
346 280 358 315 ⁸.
380 280 461 316 Sanctus
470 291 544 326 quoque
556 280 641 326 [Dauid]¹
654 281 774 316 menenensis

71 331 170 378 episcopus
183 344 225 369 cum
238 338 310 378 septem
322 333 419 379 episcopis,
431 333 466 369 loci
477 334 574 369 sanctitate
585 334 678 376 inuitatus,
689 336 712 369 ad
723 334 774 369 dedi-

71 387 149 421 candam
159 386 178 421 in
188 387 258 422 honore
267 389 321 422 beate
329 387 388 422 Marie
398 386 448 421 illam
456 392 548 422 vetustam
556 388 652 423 ecclesiam
661 388 775 422 Glastoniam

71 439 127 472 venit.
151 439 175 473 Et
190 450 233 474 ecce
248 444 301 474 nocte
316 440 449 474 dedicationem
464 440 576 483 precedente
591 438 675 484 apparuit
688 439 792 475 dominuss

73 498 136 526 sancto
144 491 231 537 episcopo
239 492 305 535 Dauid,
311 498 330 527 et
337 493 390 537 quasi
398 493 472 527 nescius
479 503 553 527 causam
562 493 653 528 aduentus
661 493 701 528 eius
709 493 775 538 querit.

73 544 114 587 Qua
126 545 207 580 seriatim
223 545 312 590 exposita,
327 546 414 581 dominus
429 546 546 591 apprehensa
560 557 616 580 manu
632 546 671 581 eius
687 546 776 581 dextera*

73 598 108 633 ait:
128 599 180 635 ‘Non
195 600 227 635 fiat
242 600 282 643 hoc,
297 599 362 645 inquit,
377 599 440 645 presul
455 599 510 642 alme,
525 600 573 636 hanc
588 611 623 644 ego
638 600 720 643 sacraui3
739 600 775 635 hec

72 652 149 697 virginis
156 654 205 688 alme
213 654 279 688 domus
286 659 320 695 est,
327 654 374 688 hanc
382 652 400 689 ei
409 653 502 698 propriam
512 653 601 689 dedicaui.
624 653 647 688 Et
655 664 679 688 ne
688 653 776 697 deinceps

74 705 172 749 quisquam
190 705 257 740 iterare
275 707 341 740 audeat
359 710 500 747 sacramentum,
515 705 539 739 sit
553 706 589 739 hoc
603 705 636 739 tibi
651 705 740 749 signum',
758 710 776 740 et
785 711 804 735 ¹0

73 757 134 793 volam
140 759 206 794 dextre
212 768 277 794 manus
282 758 322 794 eius
328 758 384 802 digito
390 757 501 802 persorauit3
509 763 528 792 et
534 757 611 803 rigentis
618 764 673 803 atque
680 758 777 794 trementis

74 811 175 846 sacerdotis
186 817 240 857 caput
251 812 364 854 demulcens,
377 822 401 846 ne
414 811 533 856 pertimescat
544 812 633 854 hortatur,
643 810 715 856 placido
724 811 776 846 vultu

74 863 148 899 dicens:
162 864 254 899 ‘Crastina
262 864 292 900 die
300 864 435 910 pontificalibus
445 864 521 900 indutus
529 875 572 899 cum
580 866 632 909 “per
639 864 700 909 ipsum
708 869 776 899 etcum

74 916 115 961 ipso
122 922 141 952 et
148 918 167 952 in
173 918 227 963 ipso'’
233 918 253 952 in
258 918 316 952 missa
323 918 440 963 pronuncias,
445 918 486 962 ipso
492 917 523 962 qui
529 923 590 953 tecum
597 917 677 963 loquitur
682 923 777 962 operante,

74 981 109 1015 per
122 972 183 1015 ipsum
195 981 251 1015 quem
263 981 316 1006 sacro
328 971 416 1006 conficies
427 982 465 1013 ore,
476 971 543 1005 vulnus
554 971 604 1014 quod
615 981 665 1005 nunc
676 971 805 1009 exhorres'15

75 1033 167 1068 nusquam
182 1034 224 1058 esse
239 1022 321 1058 videbis!
349 1023 405 1065 Dixit,
420 1028 438 1058 et
453 1024 472 1058 in
487 1034 574 1058 sermone
589 1024 670 1057 recessit
697 1022 720 1057 Et
735 1034 777 1059 cum

76 1082 150 1110 sanctus
165 1076 215 1111 iussa
228 1077 345 1121 complesset,
358 1076 411 1118 (sicut
424 1075 505 1121 predixit
517 1076 610 1119 dominus)
624 1076 703 1111 efficitur
716 1086 778 1111 sanus.

77 1128 101 1164 Et
113 1129 196 1165 edificata
208 1140 246 1165 non
259 1130 322 1176 procul
337 1130 394 1165 altera
407 1129 489 1174 ecclesia,
501 1141 538 1176 que
550 1130 627 1166 ‘Sancta
639 1129 697 1166 Maria
708 1131 777 1175 parua’

76 1183 158 1227 dicitur‘‚
170 1184 260 1218 dedicauit
271 1184 327 1219 illam.
349 1184 399 1219 Obiit
412 1189 473 1219 autem
485 1189 560 1219 sanctus
572 1183 632 1219 Dauid
647 1194 696 1219 anno
708 1183 777 1219 domini

76 1236 224 1281 quingentesimo
233 1236 374 1282 quadragesimo
381 1243 440 1278 sexto,
452 1242 470 1271 et
477 1237 496 1271 in
505 1237 576 1271 Rosina
582 1237 637 1271 Valle
648 1236 747 1281 sepelitur3
759 1242 778 1271 et
787 1246 807 1266 πο

76 1289 157 1334 lapidem
171 1300 228 1334 quern
242 1300 254 1325 a
268 1290 372 1335 patriarcha
386 1289 543 1324 hierosolimitano
557 1290 576 1324 in
592 1300 625 1324 sua
641 1290 779 1325 consecratione

76 1347 177 1387 acceperat,
190 1342 249 1378 adhuc
262 1342 328 1378 vinens
343 1343 420 1378 ecclesie
435 1342 555 1387 glastoniensi
569 1343 667 1387 delegauit.
694 1343 778 1386 Quodam

77 1400 138 1430 autem
149 1401 232 1430 matrona
241 1395 316 1430 nomine
325 1395 407 1431 Elswida
417 1401 501 1440 tempore
512 1395 580 1439 Edgari
588 1396 638 1440 regis
645 1405 680 1440 per
686 1397 779 1440 quendam

77 1453 174 1493 cognatum
186 1459 240 1484 suum
252 1448 359 1494 episcopum
370 1459 503 1484 meneuensem
514 1447 602 1493 reliquias
613 1448 671 1483 sancti
680 1447 740 1484 Dauid
751 1459 780 1483 ac-

77 1502 157 1547 quisiuit,
165 1503 239 1547 quando
246 1507 284 1537 tota
291 1508 340 1538 terra
348 1502 378 1537 illa
385 1502 410 1536 ita
417 1507 487 1537 vastata
497 1507 537 1538 erat
544 1507 564 1537 vt
570 1502 602 1537 vix
610 1501 676 1547 aliquis
685 1501 734 1537 illius
745 1501 780 1538 loci
789 1511 808 1542 ¹5

77 1555 189 1590 inhabitator
202 1555 289 1591 inuentus
304 1561 364 1599 esset;
384 1556 418 1591 hec
433 1561 495 1591 autem
511 1555 606 1590 translatio
621 1554 704 1600 corporis
721 1555 780 1591 sancti

78 1608 138 1643 Dauid
149 1619 184 1653 per
195 1614 297 1643 matronam
308 1609 400 1653 prefatam
411 1609 459 1643 sacta
470 1614 564 1653 estusque
576 1609 599 1643 ad
607 1608 720 1643 Glastoniam
731 1619 781 1643 anno

78 1666 205 1705 postmortem
213 1661 253 1695 eius
260 1661 441 1705 quadringentesimo
446 1660 534 1695 vicesimo
540 1659 618 1704 prtmot
640 1653 720 1695 ‘Inueni
726 1660 781 1694 etiam

78 1713 115 1748 ibi⁷
123 1713 198 1758 scriptis
206 1719 301 1749 exaratum
310 1714 359 1759 quod
369 1718 453 1759 tempore
460 1712 556 1748 Thurstini
566 1712 642 1757 abbatis,
650 1724 699 1748 anno
709 1712 782 1758 quinto·

78 1767 150 1802 decimo
158 1759 249 1802 a⁴duentus
257 1768 412 1809 Normannorum,
420 1777 462 1802 cum
470 1768 570 1802 monachos
578 1771 652 1811 cogeret
661 1766 782 1811 pretermisso
790 1777 810 1808 ³⁰

78 1820 187 1865 gregoriano
202 1820 262 1855 officio
277 1820 372 1854 cuiusdam
383 1819 473 1855 Willelmi
486 1820 596 1855 fiscanensis
610 1819 696 1854 monachi
708 1825 782 1854 cantum

78 1873 183 1916 di[s]cere⁸,
188 1878 207 1907 et
214 1873 239 1906 illi
247 1883 284 1906 non
292 1872 435 1917 acquiescerent,
440 1878 482 1917 post
487 1873 544 1907 verba
549 1877 625 1907 ventum
634 1876 663 1907 est
670 1872 693 1906 ad
698 1872 782 1907 verbera.

79 1925 134 1961 Vnde
148 1925 232 1961 monaehi
251 1927 274 1960 ad
289 1925 385 1960 ecclesiam
399 1924 498 1968 fugientes,
512 1924 593 1968 profusis
608 1923 702 1959 lachrimis
716 1933 782 1968 pacem

79 1979 199 2022 postularunt,
216 1977 249 2013 sed
268 1978 348 2019 tandem,
363 1977 458 2021 compulsi,
476 1988 518 2011 cum
537 1977 611 2011 scannis
629 1982 648 2011 et
667 1977 782 2011 candelabris

79 2031 228 2076 persecutoribus
241 2030 352 2067 restiterunt.
373 2030 427 2066 Vnus
440 2036 501 2066 autem
513 2041 537 2066 en
549 2029 616 2065 familia
629 2031 705 2074 abbatis,
715 2030 810 2072 vidensas

80 2087 190 2120 monachum
202 2097 275 2121 crucem
287 2091 363 2129 argento
374 2091 480 2129 coopertam
491 2085 576 2119 manibus
586 2090 656 2126 tenere,
668 2084 751 2128 sagittam
763 2084 782 2119 in

80 2137 132 2172 illum
144 2138 230 2183 dirigens,
242 2138 341 2182 imaginem
353 2137 449 2172 saluatoris
460 2137 519 2172 nostri
530 2138 595 2172 subtus
607 2148 656 2182 genu
666 2137 783 2173 vulnerauit:

80 2197 99 2226 et
112 2191 198 2226 continuo
213 2191 289 2234 sanguis
304 2201 390 2225 emanare
405 2191 459 2234 cepit,
472 2201 531 2234 vsque
546 2192 569 2224 ad
581 2196 650 2225 terram
663 2192 784 2225 descendens.

81 2243 122 2285 Quo
135 2244 175 2278 viso
190 2243 292 2278 sceleratus
306 2242 337 2277 ille
351 2242 380 2276 sui
395 2242 522 2277 confusionem
538 2253 576 2276 non
591 2243 692 2285 sustinens,
706 2253 784 2278 sensum

80 2296 164 2341 corporis
169 2297 236 2338 amisit,
242 2302 261 2331 et
267 2303 321 2332 extra
328 2296 424 2331 ecclesiam
430 2306 524 2339 corruens,
531 2296 588 2330 fracta
596 2296 679 2331 ceruicel
687 2295 784 2342 expirauit.
792 2305 813 2338 4ο

48 2373 50 2375 -
80 2349 95 2370 ¹⁰
100 2342 137 2386 Est
148 2350 203 2386 etiam
212 2350 237 2385 ibi
248 2362 300 2394 crux,
307 2361 343 2395 que
354 2349 397 2384 olim
407 2350 426 2385 in
437 2349 534 2385 refectorio
544 2355 593 2385 stare
603 2349 705 2392 consueuit,
716 2350 740 2384 de
748 2359 785 2393 qua

81 2403 148 2447 legitur
157 2404 206 2448 quod
216 2414 258 2438 curn
268 2413 302 2438 rex
311 2403 395 2447 Edgarus
406 2413 448 2437 eum
458 2408 522 2438 sancto
531 2402 628 2437 Dunstano
637 2403 661 2437 ad
671 2413 755 2437 mensam
765 2403 785 2437 in

81 2456 177 2492 refectorio
188 2457 267 2500 sederet,
275 2461 294 2491 et
305 2455 424 2501 cogitationes
436 2462 499 2491 contra
506 2457 620 2491 voluntatem
630 2457 660 2491 dei
671 2456 690 2490 in
702 2467 734 2490 cor
744 2455 785 2490 eius

82 2509 198 2566 =¹om.inE.
257 2510 365 2566 ''ildemra
426 2507 551 2541 ³E.abhorres.
621 2509 746 2566 ⁴que-diciaci.
754 2518 785 2556 ⁰¹¹¹:

82 2551 281 2627 =i¹ff¹lle³1¹÷,⁰i¹.'uscea
298 2548 434 2619 &allolldd
442 2559 453 2588 ¹³
454 2548 604 2628 ·1÷³hlthll.t
610 2549 646 2627 333⁴,
652 2587 686 2621 lob.
694 2587 719 2620 cr.
727 2548 786 2628 {ab}

420 2638 452 2664 Μ
