1762 2803
263 115 308 170 De
323 113 423 167 &mitid
439 113 545 166 Qibsssstfl.
719 128 760 174 173

61 235 146 270 atrociter
157 236 209 271 haste
219 237 295 281 cuspide
307 237 403 271 terebrans
412 236 519 271 trucidabit!
542 236 620 271 Sanctus
628 235 708 279 Sophias
718 235 762 270 inde

61 289 129 333 gratias
139 300 196 334 agens
204 291 244 333 deo,
252 290 309 324 dixit:
321 291 326 308 ‘
332 290 430 334 Promptus
440 291 463 324 ad
474 289 583 334 martyrium
594 289 652 323 sactus
663 299 716 322 sum:
728 288 762 322 hac

61 342 110 377 enim
118 354 164 376 nece
172 344 257 378 dominus
265 349 328 378 noster
337 343 403 377 ihesus
411 343 500 386 Christus,
508 348 526 377 et
535 342 613 387 apostoli
621 341 666 382 eius,
674 341 762 386 multique

59 395 89 429 alii
102 396 191 429 mundum
203 396 338 441 triumpharunt
353 402 371 431 et
386 396 459 431 celestis
474 396 525 441 regni
541 396 617 441 gloriam
631 395 693 440 adepti
707 395 761 429 sunt?

61 449 114 483 Hora
122 449 182 496 pn'ma
189 461 230 484 cnm
241 451 317 485 missam
325 450 432 491 celebraret,
440 451 523 484 tirannus
533 460 575 485 cum
585 460 619 484 suo
629 449 711 484 exercitu
719 448 762 483 sub·
771 458 780 489 5

60 502 112 536 urbia
125 503 238 538 deuastauit:
256 509 275 538 et
289 515 347 548 eques
360 504 434 548 quidam
447 503 544 538 ecclesiam
557 514 599 538 cum
612 502 673 537 surore
686 501 762 543 intrans,

59 561 143 590 sanctum
159 556 246 600 Sophiam
262 557 348 591 dominici
363 556 445 601 eorporis
460 562 479 591 et
495 556 590 600 sanguinis
605 555 762 590 consecrationem

60 608 147 642 libantem
161 609 224 643 lancea
237 611 344 653 penetrauit.
367 610 402 652 Qui
416 610 473 644 oculis
486 610 509 644 ad
523 609 582 644 celum
596 609 667 651 erectis,
681 608 762 642 animam

60 671 112 694 suam
124 661 198 694 domino
209 662 343 695 commendauit
355 662 429 695 dicens:
442 662 533 695 ‘Domine
544 662 600 695 ihesu
611 661 689 702 Christe,
700 661 762 703 accipe

61 712 145 757 spiritum
156 724 223 755 meum,
230 719 248 747 et
259 725 282 748 ne
293 719 362 748 statuas
373 714 414 747 huic
425 714 459 747 hoc
469 719 570 759 peccatum,
577 714 663 758 quoniam
673 712 762 758 ignorauit
772 725 791 746 ro

61 766 103 809 quid
118 767 159 810 egit.
182 767 261 801 Domine
272 768 318 801 deus
330 767 447 810 omnipotens
460 766 557 801 inuisibilis
571 777 610 808 rex,
622 766 677 800 ihesu
689 766 763 800 Christe

61 818 145 861 saluator‚
151 819 292 863 postulationem
300 831 360 854 meam
368 819 457 854 exaudiet
465 825 555 864 prestavt
563 819 594 863 qui
602 818 671 853 ossium
679 830 762 853 meorum

60 878 132 916 partem
139 873 217 916 aliquam
223 872 353 917 possederint¹‚
358 873 436 907 virtutes
443 872 514 915 saciant,
521 873 611 906 demones
619 872 682 916 procul
689 873 763 916 pellant,

62 930 80 958 et
89 925 150 959 omnis
160 926 183 958 ab
191 926 218 959 eis
226 926 285 969 pestis
293 925 370 959 absistat
377 938 382 968 ς
394 931 412 959 et
420 926 451 969 qui
459 925 531 969 corpori
539 936 582 958 meo
590 925 679 958 honorem
687 925 764 958 exhibu-

61 977 95 1011 erit
106 977 125 1011 in
136 978 195 1020 terris,
204 978 285 1012 dimissis
297 978 378 1022 peccatis
390 983 408 1011 te
420 989 496 1022 semper
506 977 607 1022 glorificett
616 977 635 1011 in
647 977 702 1012 celis)
725 978 764 1012 Nec
774 989 791 1020 ¹5

61 1040 118 1072 mora,
125 1041 162 1064 vox
173 1032 196 1065 de
208 1031 257 1064 nube
269 1031 358 1065 candida³
371 1031 417 1065 sacta
430 1036 463 1072 est,
472 1031 547 1065 dicens:
560 1030 642 1065 ‘Cadoce
654 1030 722 1065 famule
734 1030 764 1071 mi,

62 1083 141 1116 ascende
154 1084 177 1116 ad
188 1093 265 1126 regnum
277 1082 335 1126 patris
347 1083 389 1123 mei,
397 1088 416 1117 et
426 1094 461 1126 que
471 1082 566 1126 postulasti
576 1082 641 1117 faciam
652 1082 689 1124 tibi,
697 1088 716 1117 et
727 1093 764 1116 non

62 1134 173 1169 contristabo
184 1140 208 1178 te,
216 1134 302 1180 quoniam
314 1134 333 1169 in
345 1141 404 1169 morte
416 1135 452 1169 mei
464 1146 535 1169 memor
546 1146 567 1169 es
578 1140 603 1169 tu.
625 1134 734 1180 Quicunque
745 1134 764 1169 in

61 1188 177 1223 tribulatione
185 1198 252 1233 magna
259 1189 339 1223 nominis
346 1189 372 1223 tui
381 1189 452 1223 rhemor
459 1189 571 1223 inuocauerit
579 1199 615 1230 me,
621 1199 676 1223 amen
684 1188 724 1223 dico
732 1188 764 1223 tibi

62 1242 104 1286 quia
111 1253 122 1275 a
130 1242 245 1276 tribulatione
253 1253 286 1276 sua
294 1242 387 1287 placabilis
395 1247 413 1276 et
421 1242 514 1287 propicius
523 1242 603 1276 liberabo
611 1243 665 1275 eum!
688 1242 724 1276 His
732 1253 763 1276 au·
772 1251 792 1273 πο

62 1295 109 1337 ditis,
115 1306 164 1328 nono
170 1295 258 1328 kalendas
264 1294 349 1328 februarii
357 1295 376 1328 in
385 1306 451 1328 manus
458 1294 487 1329 dei
496 1294 580 1339 spiritum
589 1294 654 1328 emisit.
694 1288 717 1329 In
724 1295 764 1329 eius

61 1348 111 1382 enim
122 1349 192 1382 honore
202 1348 276 1382 fundata
286 1354 314 1382 est
325 1348 350 1382 ibi
362 1348 439 1383 ecclesia
449 1359 515 1392 magna
525 1358 583 1392 super
591 1348 710 1392 sepulchrum
718 1348 764 1390 eius,

62 1400 81 1434 in
93 1412 129 1445 qua
140 1401 201 1435 nullus
213 1400 312 1435 Britannus
323 1401 392 1435 intrare
403 1400 525 1446 permittitur:
541 1400 629 1434 Futurum
641 1406 669 1435 est
681 1401 736 1443 enim,
745 1406 765 1435 vt

62 1460 147 1486 asserunt
158 1454 214 1494 ciues,
224 1454 316 1496 quendam
326 1454 420 1487 Britonem
431 1464 455 1487 ex
467 1464 500 1487 suo
512 1453 531 1486 in
542 1453 637 1486 Britannia
649 1454 765 1494 monasterio,

63 1506 102 1539 scil.
116 1505 242 1547 Lancaruan⁴,
249 1506 291 1539 illuc
299 1506 387 1540 aduenire
393 1511 411 1540 et
416 1506 503 1550 reliquias
511 1505 594 1549 corporis
601 1506 659 1539 sancti
667 1506 715 1540 l'urto
722 1506 765 1541 inde
774 1514 793 1544 ²5

63 1559 173 1602 quandoque
189 1559 266 1593 auferre.
289 1558 380 1600 Quinimo,
396 1559 445 1603 quod
460 1558 535 1602 grauius
549 1563 583 1600 est,
598 1563 641 1602 post
655 1559 765 1594 ablationem

64 1611 145 1655 corporis
156 1611 214 1645 sancti
223 1611 293 1645 fontem
303 1611 360 1654 illum,
369 1611 400 1655 qui
411 1622 465 1645 secus
475 1616 503 1645 est
510 1611 581 1653 vrbem,
590 1622 645 1655 quern
653 1612 676 1645 ad
684 1612 766 1656 operari-

64 1674 117 1697 orum
128 1674 182 1698 vsum
195 1664 214 1698 in
226 1664 341 1698 edificatione
357 1674 451 1698 murorum
467 1663 545 1698 ciuitatis
558 1674 592 1707 per
605 1663 653 1697 illius
665 1674 731 1707 preces
742 1665 766 1698 de

63 1716 129 1751 tellure
138 1727 213 1751 manare
223 1716 270 1758 fecit,
278 1717 328 1751 velut
340 1727 391 1751 mare
402 1726 459 1761 super
469 1721 526 1750 totam
533 1716 598 1750 vrbem
609 1721 627 1750 et
638 1715 687 1750 illius
697 1716 767 1751 habita-

64 1774 113 1803 tores
121 1769 252 1803 inundaturum
257 1769 509 1813 presagiunt.—Distatenim
516 1769 568 1803 locus
576 1768 653 1813 predicti
661 1769 766 1804 monasterii
775 1779 795 1809 30

64 1821 130 1855 modo⁵
137 1822 156 1855 in
164 1822 231 1855 Wallia
238 1833 249 1855 a
257 1822 347 1866 Coubrige
354 1822 413 1856 tribus
422 1822 527 1865 miliaribus,
534 1826 552 1856 et
559 1827 588 1856 est
596 1821 621 1856 ibi
629 1822 706 1857 ecclesia
713 1833 767 1868 paro-

65 1875 128 1910 chialis
136 1874 154 1909 in
162 1875 217 1919 plano
225 1875 264 1910 sita.

360 2025 374 2062 ll
385 2025 487 2059 Narratiot.

89 2111 129 2153 Illis
140 2118 205 2153 diebus
216 2122 289 2152 sanctus
298 2117 412 2162 Amulphus,
422 2118 480 2152 saneti
491 2117 571 2163 Remigii
581 2118 687 2164 discipulus,
696 2130 737 2154 cum
747 2119 767 2155 in

65 2171 143 2206 ecclesia
158 2173 237 2216 quadam
251 2171 301 2206 solus
316 2177 386 2213 oraret3
404 2172 498 2206 cuiusdam
516 2174 617 2216 peccatoris
632 2172 698 2215 anima,
712 2184 767 2217 quam

66 2225 156 2268 dyabolus
163 2226 186 2259 ad
191 2224 356 2265 inlernatrahebat‚
361 2229 417 2258 exuta
422 2224 429 2243 ⁷
435 2235 445 2258 a
452 2235 534 2268 corpore,
539 2225 617 2259 clamare
623 2225 681 2268 cepit:
690 2225 768 2261 ‘Sancte
776 2233 795 2264 35

66 2277 164 2322 Arnulphe
172 2278 230 2312 electe
238 2276 272 2320 dci,
279 2287 370 2317 succurre,
378 2281 396 2310 et
405 2276 439 2311 hos
446 2276 526 2322 impetus
532 2277 647 2311 inimicorum
655 2278 768 2322 comprime!

66 2330 118 2364 Tunc
129 2331 158 2364 ille
169 2330 204 2364 hoc
214 2331 263 2364 luctu
273 2334 380 2370 commotus,
388 2329 490 2372 largissime
501 2330 549 2364 ssens
561 2330 628 2365 orauit:
645 2335 663 2364 et
674 2331 736 2366 anima
745 2333 768 2367 ad

67 2393 134 2426 corpus
142 2383 201 2425 rediit,
209 2383 239 2417 et8
246 2382 318 2417 reuixit.

87 2487 232 2523 ¹E.possiderint.
277 2487 311 2515 1Τ.
319 2486 412 2523 glorificent.
463 2485 520 2516 1ΒοῙῙ1
528 2486 584 2516 lucida.
637 2487 769 2518 ¹E.lanearnan.

67 2524 188 2598 {tofflp‘Boll
239 2524 461 2563 ⁰Cl.Vinc.Bell.lllll.a5.
513 2524 548 2555 ⁷V.
556 2525 574 2556 B.
582 2529 650 2557 exutam.
707 2527 742 2557 ¹V.
751 2527 769 2556 B.
