1762 2803
127 111 172 154 450
318 97 398 147 utnon
413 93 530 155 hssgmllb
545 92 637 154 fillssllt.

151 212 199 257 [MS.
207 211 227 246 T.
236 212 293 246 adds:
427 210 513 244 Narratio
517 209 528 244 ¹.

151 270 235 322 Quidam
248 286 307 310 senex
323 276 390 310 sedens
407 274 426 309 in
442 275 487 309 cella
503 285 536 308 sua
551 279 569 308 et
584 274 677 308 sustinens
690 274 826 318 temptaciones

128 330 202 364 uidebat
218 329 307 362 demones
326 327 428 371 manifeste,
446 333 463 361 et
482 326 623 371 contempnebat
642 338 680 361 eos.
703 327 749 360 Cum
768 332 828 363 autem

128 383 211 417 diabolus
219 392 240 415 se
247 381 318 415 uideret
325 392 336 415 a
344 391 389 415 sene
398 380 452 423 uinci,
460 380 511 415 uenit
519 385 537 414 et
546 379 625 414 ostendit
633 390 654 414 se
662 379 684 421 ei,
692 380 755 414 dicens
763 391 767 414 ε
780 381 828 424 ‘Ego

128 447 170 469 sum
180 434 275 469 Christus'
298 434 369 469 Videns
380 440 441 468 autem
454 445 496 468 eum
508 444 572 476 senex,
584 433 647 467 clausit
659 434 721 467 oculos
735 443 784 468 suos.
806 435 828 469 Et

111 489 174 531 5d1xrt
185 500 202 522 er
213 488 306 522 diabolus
320 488 370 531 ‘Ego
378 498 420 521 sum
428 487 524 521 Christus:
537 497 593 530 quare
601 486 682 521 clausisti
693 487 755 520 oculos
767 491 828 523 tuos?

129 541 234 586 Respondit
249 551 319 575 senex:
332 541 381 583 ‘Ego
394 540 423 575 hic
435 540 529 574 Christum
541 539 583 574 nolo
594 539 663 581 uidere,
672 544 700 573 se
709 551 727 573 1n
738 539 773 574 aha
782 541 828 576 urta

129 594 215 629 Audiens
228 600 290 628 autem
304 594 338 627 hoc
357 593 445 634 diabolus,
461 604 498 626 non
511 592 617 636 comparuit
661 585 756 637 ²Quidam
772 604 830 628 senex

129 646 255 691 perseuerauit
268 646 351 680 ieiunans
359 646 475 689 septuaginta
483 645 620 686 ebdomadibus,
628 645 716 679 semelin
729 646 830 681 ebdomada

129 698 220 732 reficiens.
244 698 279 731 Hic
291 697 390 741 postulauit
401 709 412 730 a
423 697 458 730 deo
473 698 496 730 de
509 698 588 740 quodam
602 707 688 730 sermone
699 698 830 740 scripturarum

103 756 240 790 rosanctarum,
255 756 273 785 et
289 761 326 784 non
342 751 443 792 reuelathat
458 749 475 784 ei
490 751 542 784 deus.
565 749 617 784 Dixit
631 760 674 792 ergo
687 750 706 783 in
719 751 830 793 semetipso:

130 803 188 838 ‘Ecce
203 807 273 837 tantum
289 802 370 837 laborem
386 800 463 846 sumpsi,
477 807 495 836 et
509 801 564 835 nichil
579 801 658 846 profeci:
671 802 737 836 uadam
753 813 797 847 ergo
808 805 830 838 ad

130 857 206 892 fratrem
221 867 288 898 meum,
303 862 321 891 et
336 856 409 899 requiro
426 856 449 890 ab
465 858 496 890 eo.¹
519 855 554 897 Qui
571 866 612 890 cum
630 866 717 900 egressus
736 856 831 891 clausisset

131 911 199 944 ostium
216 921 270 944 suum
287 915 307 943 ut
323 910 394 951 abiret),
413 908 482 943 missus
500 913 529 943 est
547 910 570 942 ad
589 919 631 942 eum
648 909 725 952 angelus
742 909 831 951 dilcens):

131 962 262 1008 ‘Septuaginta
273 962 375 997 ebdomade
385 973 431 1006 quas
443 960 540 1004 ieiu(nasti,
552 960 596 1003 non)
607 966 625 995 te
635 961 717 996 lecerunt
727 962 831 1006 proximum

104 1032 122 1060 15
131 1018 176 1051 deo:
189 1027 237 1050 nunc
245 1027 290 1050 uero
298 1016 378 1059 qu(ando
386 1015 413 1057 es)
423 1014 527 1048 humiliatus
535 1020 555 1047 ut
565 1015 588 1048 ad
597 1014 672 1048 fratrem
680 1020 731 1048 tuum
738 1026 831 1058 pergeres,

131 1069 200 1102 missus
212 1078 253 1101 sum
264 1068 345 1101 indicare
359 1067 392 1100 tibi
407 1068 521 1101 sermonem’
545 1066 568 1099 Et
581 1066 666 1108 aperiens
680 1066 697 1099 ei
710 1067 766 1100 dere
778 1078 831 1110 quam

131 1122 224 1165 querebat,
233 1119 317 1155 discessit
324 1120 400 1165 angelus
408 1121 430 1154 ab
439 1120 473 1163 eo]

246 1216 261 1252 il
274 1207 308 1249 DE
319 1224 390 1249 sancto
402 1207 513 1248 annrunoo
524 1224 573 1247 REGE
586 1224 608 1247 ET
620 1213 720 1248 hiARTlREl.

132 1276 281 1354 TEmporibus
289 1288 353 1338 regum
361 1276 477 1321 antiquorum
486 1276 533 1310 suit
528 1287 547 1310 1n
556 1276 623 1320 Anglia
633 1276 707 1321 quidam
717 1288 750 1312 rex
759 1277 833 1312 nomine

191 1330 401 1374 0ffa,qu1aprimeua
416 1335 463 1363 etate
477 1340 519 1363 cum
532 1340 590 1363 vxore
605 1341 639 1364 sua
654 1331 725 1364 Botilda
739 1331 832 1375 paganicis

105 1399 124 1418 πο
132 1385 217 1417 detentus
236 1383 300 1416 ritihus
318 1383 388 1424 viuens‚
404 1383 462 1425 prolis
480 1382 528 1416 inter
543 1394 563 1416 se
579 1383 722 1416 consolationem
737 1394 795 1426 usque
810 1385 833 1417 ad

132 1436 244 1479 decrepitam
259 1440 327 1469 etatem
342 1435 410 1469 habere
422 1446 459 1469 non
471 1440 560 1480 poterant.
584 1435 654 1470 Eadem
665 1447 709 1469 vero
724 1441 833 1481 tempestate

132 1490 151 1521 in
163 1491 228 1523 eadem
240 1489 330 1531 prouintia
340 1488 414 1531 quidam
426 1488 500 1522 nomine
511 1488 592 1530 Algarus
603 1499 627 1522 ex
639 1488 715 1532 coniuge
727 1499 760 1522 sua
770 1489 834 1522 Thoua

133 1541 190 1575 filium
198 1539 300 1585 procreauit
308 1541 339 1585 qui
350 1540 403 1574 tertia
414 1540 443 1574 die
455 1539 553 1575 natiuitatis
563 1552 596 1575 sue
606 1547 669 1576 contra
678 1546 742 1576 nature
754 1542 834 1582 modum,

133 1595 163 1629 dei
177 1596 269 1628 voluntate
282 1594 300 1627 id
316 1599 387 1637 agente,
403 1594 494 1637 loquelam
507 1593 563 1627 edidit
579 1599 596 1627 et
610 1595 633 1628 de
648 1594 718 1638 prefato
733 1605 778 1638 rege
793 1595 834 1629 Offa

106 1663 123 1691 ²5
133 1647 243 1691 prophetare
251 1646 304 1691 cepit.
327 1646 414 1680 Asseruit
424 1646 474 1679 enim
482 1647 530 1690 quod
538 1646 557 1680 in
565 1646 628 1681 ultimo
641 1649 740 1681 senectutis
751 1653 834 1692 tempore

133 1712 157 1735 ex
167 1711 224 1735 uxore
234 1711 267 1734 sua
276 1700 334 1734 filium
343 1712 354 1734 a
364 1701 398 1734 deo
411 1700 489 1734 electum
501 1705 610 1744 procrearet,
622 1701 652 1744 qui
663 1706 681 1735 et
691 1706 763 1745 patrem
775 1711 833 1743 suum,

133 1753 264 1789 incredulitatis
272 1764 334 1787 errore
343 1755 443 1794 detentum,
451 1764 488 1786 vna
495 1764 537 1787 cum
548 1759 606 1787 matre
615 1759 632 1787 et
641 1754 721 1788 maxima
731 1754 791 1798 gentis
802 1764 834 1788 sue

133 1806 253 1848 multitudine,
265 1807 288 1840 ad
300 1807 344 1840 fidei
355 1806 451 1840 veritatem
465 1807 542 1849 verique
558 1807 653 1842 saluatoris
669 1807 779 1850 agnitionem
791 1817 835 1842 con-

133 1865 217 1900 uerteret,
225 1860 243 1893 in
252 1859 328 1893 infantia
336 1864 396 1893 autem
405 1870 438 1893 sua
449 1859 533 1902 leprosos
545 1861 647 1902 mundaret,
656 1872 709 1894 cecos
719 1860 835 1900 illuminaret,

106 1928 124 1955 30
133 1917 151 1945 et
159 1913 237 1946 eandem
248 1911 325 1955 patriam
336 1912 358 1945 ab
370 1911 449 1944 hostium
457 1911 559 1955 irruptione
569 1912 624 1945 simul
634 1917 652 1945 et
664 1917 725 1955 strage
737 1911 834 1952 liberaret;

133 1965 152 1998 in
164 1964 215 1999 cuius
227 1970 268 1997 ortu
280 1975 336 2007 super
349 1965 430 2006 domurn,
442 1964 461 1997 in
473 1976 509 2008 qua
522 1970 634 2007 nasceretur,
647 1965 755 2006 arcumceli
767 1975 834 1999 nouem

133 2019 197 2052 diebus
213 2022 231 2050 et
245 2018 321 2050 totidem
338 2017 426 2058 noctibus,
443 2018 466 2050 ad
486 2017 595 2051 sanctitatis'
605 2017 645 2051 eius
663 2017 751 2052 indicium
769 2018 835 2061 iugiter

133 2076 217 2105 constare
225 2069 314 2114 predixit;
327 2076 345 2104 et
352 2071 400 2113 quod
407 2070 523 2104 Fremundus
528 2070 535 2088 ⁴
540 2076 641 2113 vocaretur,
648 2070 724 2115 insuper
731 2070 835 2105 insinuauit.

134 2125 174 2166 Quo
186 2124 239 2164 dicto,
250 2124 269 2157 in
282 2129 344 2158 sancte
354 2123 440 2157 trinitatis
449 2125 524 2157 nomine
535 2124 584 2158 idem
596 2135 643 2168 puer
653 2124 765 2167 baptismum
779 2123 836 2168 petiit,

106 2192 123 2221 ³5
133 2183 151 2210 et
166 2176 273 2220 baptizatus,
285 2176 346 2210 statim
360 2176 444 2219 spiritum
457 2176 522 2210 emisit.
546 2177 634 2220 Concepit
646 2178 720 2211 tandem
732 2178 801 2220 regina,
812 2182 836 2217 et,

133 2230 180 2264 sicut
191 2229 246 2264 etiam
259 2229 277 2263 in
290 2228 385 2273 sompnis⁵
396 2229 431 2263 sibi
442 2235 572 2273 preostensum
582 2229 645 2272 fuerat,
656 2230 768 2275 promissum
779 2242 790 2264 a
801 2230 835 2264 deo

134 2284 259 2318 Fremundum
271 2282 311 2317 sine
323 2294 390 2326 magno
402 2284 465 2317 dolore
476 2284 553 2327 peperit.
576 2284 638 2327 Super
651 2284 726 2318 domum
738 2290 805 2325 autem,
817 2283 835 2316 in

133 2349 169 2380 qua
184 2342 237 2370 natus
253 2342 282 2370 est
297 2347 348 2379 puer,
365 2336 410 2369 lucis
426 2336 524 2379 columpna
543 2348 640 2380 apparens,
656 2337 704 2370 illius
720 2337 802 2371 notitiam
818 2341 836 2369 et

153 2410 198 2441 ¹Exr
206 2409 238 2439 Vit,
246 2410 287 2440 Patr.
295 2411 329 2447 965.
373 2409 451 2447 ²ib.966.
496 2408 836 2448 ³Abridgedsromalileprofcssingtobe

133 2451 197 2480 written
204 2451 226 2487 by
233 2451 318 2485 Burchard,
327 2450 394 2479 another
401 2450 499 2486 abridgment
507 2450 525 2478 os
529 2451 581 2479 which
589 2450 602 2479 is
610 2455 664 2480 extant
672 2451 688 2479 in
697 2452 730 2481 MS.
740 2452 797 2480 Lansd.
806 2450 836 2487 436

134 2490 179 2525 fige:
191 2490 262 2526 Lydgate
273 2491 288 2518 iu
300 2490 324 2518 his
332 2493 336 2506 ‘
343 2490 415 2517 Edmund
426 2490 457 2517 and
469 2490 557 2518 Fremund'
568 2499 605 2518 uses
616 2491 644 2518 the
654 2489 815 2523 same‘Burchard’;
826 2498 836 2516 a

134 2529 203 2558 metrica]
211 2529 237 2557 lire
243 2529 282 2558 from
290 2529 317 2557 the
324 2538 367 2558 same
374 2538 435 2564 source,
443 2528 464 2564 by
472 2528 542 2558 William
550 2529 568 2557 os
574 2530 648 2565 Ramsay,
653 2530 666 2557 is
673 2533 728 2558 extant
735 2529 751 2557 in
760 2529 793 2558 uls.
799 2528 835 2557 Cbr.

135 2568 166 2599 Dd.
174 2568 189 2599 ii.
197 2568 216 2606 78
224 2569 269 2607 (rgth
275 2568 328 2608 cene).
370 2567 375 2586 ⁴
387 2568 404 2598 L.
412 2567 538 2606 Frnnemundus,
546 2568 676 2599 Frethemundus.
717 2570 723 2588 ⁵
734 2569 752 2599 E.
759 2566 836 2608 sumpnis.
