1762 2803
140 124 184 167 304
330 112 409 164 illm&
425 109 540 172 iuuenta
556 110 649 172 {ingili-

138 237 200 266 autem
208 231 339 267 monasterium
347 231 456 266 feminarum
465 242 488 266 ex
496 232 545 266 dono
553 231 614 266 fratris
625 232 654 266 sui
663 232 714 267 Oswi
723 232 773 267 iuxta
782 234 841 276 ripam

140 284 275 321 Dorwentionis
287 284 368 320 fluminis
380 284 487 328 construxit,
496 286 549 330 eique
560 296 583 320 ex
594 285 668 320 nomine
680 297 714 321 suo
724 286 841 328 Ebbecestre,

138 339 157 374 id
165 344 194 373 est
201 339 295 373 ‘Castrum
302 338 363 372 Ebbe'
371 339 480 373 vocabulum
488 340 543 374 dedit.
566 339 619 381 Quod
628 340 682 384 quale
690 346 814 385 quantumque
822 340 841 374 in

139 404 160 427 se
175 393 218 425 olim
233 392 287 425 suerit
303 392 347 425 dum
362 397 424 434 staret,
440 403 463 426 ex
478 392 537 426 ruinis
552 393 590 426 suis
608 393 704 428 manifeste
720 404 769 427 nunc
784 395 842 427 docet.

122 456 130 486 5
140 445 209 478 Mutato
216 454 302 488 namque,
310 448 329 478 vt
340 443 414 486 assolet,
422 450 470 479 statu
481 449 591 489 temporum,
599 444 699 480 interfectis
710 445 842 480 habitatoribus

139 497 177 531 suis
188 508 198 530 a
209 496 313 540 nephandis
323 496 437 540 principibus
446 497 521 540 Ynguar
529 503 547 532 et
556 497 628 541 Hubba,
636 499 747 532 subuersum
754 505 788 541 est,
796 505 815 533 et
823 499 841 532 in

139 549 236 592 plurimam
252 559 349 582 nemorum
364 551 468 583 vastitatem
483 555 502 583 et
517 550 622 584 animalium
638 561 711 594 pascua,
727 551 773 585 sicut
788 551 842 585 hodie

138 602 215 642 videtur,
231 606 367 636 commutatum.
412 595 436 636 ln
452 601 516 636 Coludi
531 602 581 636 enim
600 605 711 638 monasterio
726 605 807 638 virorum
824 609 842 639 et

138 655 230 699 virginum
242 653 378 699 congregationi
389 654 461 699 prefuit,
469 660 487 689 et
498 655 583 700 contigua
589 656 661 700 utrique
671 657 762 691 habebant
774 657 841 691 ibidem

113 722 131 744 10
140 708 251 751 habitacula3
263 709 294 752 qui
302 707 364 743 diuino
373 710 456 743 conducti
464 708 532 752 federe,
540 720 582 743 cum
590 720 663 744 summa
671 710 731 744 anime
739 716 757 744 et
768 710 842 754 spiritus

139 762 249 796 iocunditate
260 763 294 795 sub
306 772 328 794 ea
339 762 442 805 gaudebant
454 761 521 804 viuere,
530 773 565 807 que
578 773 603 805 se,
615 763 716 797 admirabili
728 763 842 798 discretionis

139 815 201 859 gratia,
208 820 226 848 et
234 815 300 858 puellis
308 820 385 848 matrem
393 815 525 849 exhortationis
532 816 624 858 instantia,
630 820 648 849 et
655 815 700 850 viris
708 821 779 860 patrem
787 815 842 850 animi

140 867 242 903 constantia
255 868 341 903 exhibuit.
387 860 452 903 Huius
465 869 515 903 enim
528 874 591 903 sancte
604 869 656 903 Ebbe
668 869 720 914 virgo
732 870 763 904 illa
776 869 842 904 nobilis

142 922 254 956 Etheldreda
264 920 319 955 olim1
330 921 425 964 discipula,
436 932 485 955 nunc
495 921 611 956 Heliensium
620 921 683 965 gloria,
694 927 745 956 tante
756 922 843 966 magistre

115 987 132 1016 15
141 974 249 1008 rudimentis
265 985 285 1008 se
301 974 385 1008 subdidit.
431 967 502 1008 Beatus
517 985 590 1018 quoque
605 979 657 1018 pater
671 975 788 1017 Cuthbertus,
801 974 843 1009 licet

141 1026 233 1061 consortia
244 1028 342 1060 mulierum
352 1026 402 1060 velut
413 1032 486 1070 pestem
498 1028 589 1071 quandam
601 1028 624 1061 ab
634 1027 711 1062 infantia
721 1027 811 1068 uitauerit,
820 1028 843 1062 ad

141 1080 195 1114 huius
206 1080 295 1122 colloquia
302 1079 366 1113 venire
376 1084 394 1112 et
405 1081 428 1113 ad
437 1080 556 1113 habitantium
567 1080 713 1113 informationem
724 1080 792 1123 aliquot
803 1080 843 1114 dies

141 1142 216 1166 manere
224 1132 324 1166 consueuit.
369 1123 456 1166 Tandem
464 1143 513 1175 vero,
521 1131 620 1177 instigante
627 1133 683 1167 totius
692 1132 735 1166 mali
743 1132 845 1176 incentore,

140 1185 242 1220 habitacula
253 1196 289 1229 que
300 1186 323 1218 ad
334 1184 441 1227 orationum,
449 1186 548 1219 lectionum
559 1190 578 1219 et
589 1186 625 1220 alia
636 1185 735 1230 spiritualis
742 1186 779 1220 vite
790 1196 843 1220 exer-

114 1252 133 1273 ao
141 1239 182 1274 citia
190 1238 262 1273 fuerant
273 1238 324 1281 facta,
332 1240 351 1272 in
362 1238 536 1273 commessationum
541 1238 552 1280 ²,
561 1239 733 1282 confabulationum,
741 1245 759 1274 et
767 1240 842 1274 aliarum

140 1293 267 1326 illecebrarum
278 1296 347 1325 mutata
357 1297 400 1325 sunt
411 1292 480 1325 cubilia.
503 1292 600 1336 Virginum
610 1293 682 1336 species
690 1293 740 1327 viros
750 1292 817 1334 allexit,
825 1298 843 1327 et

140 1345 221 1388 inquieta
234 1345 315 1378 virorum
330 1345 396 1388 cupido
408 1344 490 1388 virgines
505 1346 583 1386 attraxit,
597 1351 615 1379 et
630 1345 683 1389 quasi
698 1345 750 1379 stelle
765 1347 789 1379 dc
804 1346 843 1379 celo

141 1399 228 1432 cadentes
239 1397 257 1431 in
268 1408 314 1431 ceno
321 1397 435 1441 voluptatum
443 1397 520 1431 inuoluti
531 1403 578 1432 sunt.
602 1398 643 1432 Hec
651 1403 712 1432 autem
721 1398 843 1432 offensionum

141 1450 171 1485 dei
180 1451 250 1484 Ebbam
258 1455 340 1484 sanctam
348 1449 400 1494 quasi
408 1452 482 1484 omnino
490 1450 557 1485 latebat
567 1450 636 1485 iniuria.
681 1444 740 1485 Anno
751 1457 811 1485 autem
821 1452 843 1485 ab

115 1515 133 1545 ²5
142 1502 266 1537 incarnatione
283 1502 352 1536 domini
371 1502 506 1537 sexcentesimo
522 1504 646 1548 octuagesimo
661 1504 793 1538 monasterium
808 1504 843 1538 vir-

142 1557 206 1601 ginum
222 1557 271 1599 quod
284 1556 349 1590 Coludi
362 1555 431 1590 Vrbem
447 1557 580 1599 cognominant,
596 1557 614 1590 id
630 1561 657 1590 est
672 1557 798 1601 Coldingham,
810 1567 844 1600 per

142 1610 215 1653 culpam
233 1609 302 1642 incurie
318 1608 397 1641 flammis
415 1609 531 1651 absumptum
549 1614 582 1642 est.
605 1610 658 1651 Quod
673 1615 735 1643 tamen
751 1620 762 1643 a
776 1609 844 1643 malitia

142 1660 282 1696 inhabitantium
289 1661 308 1694 in
316 1672 343 1703 eo,
352 1666 370 1695 et
377 1660 465 1704 precipue
473 1661 546 1695 illorum
554 1662 584 1705 qui
593 1662 672 1696 maiores
680 1673 722 1696 esse
729 1661 843 1704 videbantur,

143 1714 246 1758 contigisse,
259 1725 324 1748 omnes
338 1714 368 1757 qui
384 1724 452 1748 nouere
466 1713 552 1748 facillime
564 1720 662 1758 potuerunt
678 1716 779 1749 aduertere.
802 1715 843 1748 Non

115 1780 134 1811 3⁰
143 1767 199 1802 defuit
212 1772 274 1800 tamen
287 1766 385 1811 puniendis
399 1767 498 1801 admonitio
509 1767 571 1801 diuine
583 1768 660 1811 pietatis,
672 1779 708 1811 qua
721 1768 797 1801 correcti
810 1779 844 1811 per

142 1820 209 1854 ieiunia
220 1825 237 1853 et
249 1820 303 1853 ssetus
315 1825 333 1853 et
344 1829 409 1862 preces
420 1819 466 1853 iram
477 1831 487 1853 a
498 1831 518 1853 se
529 1821 587 1853 instar
595 1820 717 1854 Niniuitarum
727 1820 769 1854 iusti
779 1820 844 1855 iudicis

142 1872 257 1907 auertissent.
280 1872 324 1906 Erat
335 1873 384 1906 enim
396 1872 415 1905 in
427 1871 492 1906 eodem
503 1873 614 1907 monasterio
625 1873 654 1907 vir
665 1873 732 1907 eximie
744 1872 844 1908 sanctitatis

142 1927 217 1960 nomine
232 1926 358 1966 Adamnanus,
373 1936 442 1968 genere
458 1925 529 1967 Scotus,
544 1926 575 1968 qui
593 1927 612 1959 in
629 1926 753 1959 adolescentia
769 1926 844 1960 sceleris

142 1978 210 2022 aliquid
218 1978 339 2018 commiserat,
347 1978 401 2021 quod,
409 1977 425 2011 si
433 1977 467 2012 sibi
475 1977 597 2012 reconciliatio
605 1977 710 2020 sacerdotis,
718 1982 736 2011 et
743 1978 844 2021 penitentie

116 2044 134 2074 55
142 2041 180 2066 non
195 2030 300 2065 subueniret
313 2029 420 2072 remedium,
432 2031 501 2066 eternis
514 2030 623 2066 cruciatibus
636 2031 710 2075 granius
723 2041 734 2064 a
747 2031 782 2065 deo
795 2031 844 2065 nouit

142 2085 261 2129 puniendum.
285 2084 381 2126 Quendam
390 2094 433 2127 ergo
441 2095 508 2127 magne
516 2084 609 2128 religionis
618 2084 741 2129 presbiterum
749 2084 845 2126 consuluit,

143 2143 161 2172 et
176 2137 236 2171 scelus
250 2146 303 2171 suum
315 2147 357 2170 eum
372 2137 441 2180 gemitu
455 2138 560 2178 ostendens,
573 2137 629 2173 dixit:
649 2136 804 2180 ‘Adolescentior,
817 2137 844 2171 in-

143 2191 214 2235 quiens,
226 2201 273 2232 sum,
285 2194 361 2233 vegetus
373 2201 459 2234 corpore:
476 2189 561 2235 quicquid
573 2190 628 2225 michi
639 2190 755 2235 imposueris,
766 2189 845 2224 libenter

143 2244 206 2284 seram,
214 2243 313 2276 dummodo
321 2242 340 2275 in
348 2243 377 2276 die
388 2243 457 2276 domini
467 2244 530 2278 saluus
540 2244 593 2278 fiam:
606 2244 622 2277 si
631 2248 688 2276 totam
698 2247 771 2276 noctem
779 2244 845 2276 stando

115 2309 136 2340 40
143 2296 228 2340 precibus
239 2295 350 2336 continuare,
358 2295 374 2329 si
384 2294 475 2337 integram
482 2296 603 2338 septimanam
614 2294 722 2328 abstinendo
731 2293 794 2328 iubeas
803 2305 845 2338 per·

144 2349 231 2383 transire!
255 2347 289 2381 Cui
300 2348 341 2381 ille:
354 2347 442 2381 ‘Multum
452 2352 486 2389 est,
494 2349 527 2381 sed
536 2348 635 2381 biduanum
646 2352 676 2380 aut
687 2347 791 2379 triduanum
800 2347 844 2381 satis

144 2407 172 2436 est
180 2402 279 2435 obseruare
286 2399 380 2434 ieiunium.
404 2400 445 2434 Hoc
453 2400 505 2434 facito
513 2402 572 2434 donec
583 2402 668 2434 redeam:
680 2405 698 2433 et
706 2399 750 2442 quid
758 2400 845 2443 deinceps

144 2465 198 2500 agere
210 2454 279 2487 debeas
290 2458 334 2487 tunc
345 2453 417 2498 plenius
428 2454 535 2488 ostendam:
558 2453 608 2487 Abiit
620 2453 675 2497 igitur
686 2453 772 2487 sacerdos
783 2454 802 2487 in
811 2452 845 2487 Hi-

236 2568 241 2586 ¹
252 2569 270 2599 T.
279 2568 296 2598 E.
305 2568 342 2598 olim
350 2569 382 2599 suit
555 2566 560 2585 ²
572 2567 590 2599 E.
599 2567 750 2598 commessationem.
