1762 2803
135 57 180 113 mc
195 54 295 109 sonno
311 53 427 114 atberun
441 58 470 107 ur
485 54 669 117 utunturque.
724 69 748 113 71

49 180 147 226 antiquitus
165 179 261 213 videbatur
280 188 317 212 non
336 176 409 212 videtur
426 178 449 212 ab
470 178 575 212 hominibus
597 178 711 221 temporibus
734 179 752 212 in

49 234 152 267 modernis?
174 231 230 263 Cuius
238 230 340 273 questionis
351 230 456 273 ambiguum
468 230 567 273 paternalis
577 229 674 273 prudentia
682 230 753 263 concito

49 286 156 321 resoluebat.
179 282 318 326 ‘Antiquorum
329 281 393 325 inquit,
405 287 477 326 patrum
493 282 548 316 corda
559 293 596 316 non
608 293 655 316 vana
666 282 753 326 sophisti-

48 349 105 382 caque
124 336 182 381 gloria
200 336 316 379 perlustrata,
333 335 390 369 immo
408 335 466 379 gratia
484 335 540 370 celica
557 334 644 370 diuinitus
661 335 753 377 irradiata,

48 391 160 426 iraudulosas
179 388 248 422 inimici
266 388 411 422 machinationes
428 388 527 422 insidiose¹
546 394 684 432 cognoscentes,
702 389 770 427 velut5

49 444 120 488 pugiles
128 441 242 476 inuictissimi
251 440 336 475 ferociter
344 446 474 485 expugnarunt
482 441 569 476 mortales
576 442 663 476 excubias
671 441 751 476 inimici:

49 498 90 531 ideo
102 495 207 529 difficillima
219 494 324 528 tentationis
338 494 395 538 prelia
407 494 453 538 ipsis
465 495 566 536 offerendo,
578 494 696 529 similitudine
709 506 752 539 pro-

49 549 108 592 digiali
124 547 272 590 extraneatisque
288 547 392 580 incursibus
411 548 462 590 ipsos
481 547 619 581 comminatorie
638 548 714 581 tentauit
732 549 751 581 in

49 601 128 647 peccatis
148 600 264 645 immergere.
287 599 324 634 Sed
344 599 386 643 quia
405 599 463 643 ipsIus
482 599 573 644 placentie
592 601 706 643 temporibus
724 600 752 634 in·

49 654 126 689 cursiuis
144 652 226 697 paratius
244 651 345 695 obedimus,
360 652 403 687 ideo
417 658 530 688 secretarum
549 653 671 687 tentationum
689 654 752 688 iaculis
762 666 781 687 ιο

49 708 137 742 excitatos
156 705 213 740 iacit²
234 705 294 740 subito
316 706 439 740 subcumbere
462 706 533 750 absque
554 705 600 740 facie
624 708 752 741 monstruosa!

51 755 121 795 Floruit
136 760 190 803 igitur
202 759 237 793 llos
249 759 284 793 iste
297 758 393 793 vernantie
407 758 503 803 sragrans³
517 759 536 793 in
550 758 613 794 diuino
628 758 684 794 iubilo
696 760 752 795 odore

49 813 162 854 suauissimo,
173 817 249 846 eatenus
263 813 312 855 quod
324 817 401 855 propter
412 812 486 846 celestis
497 817 562 854 gustus
573 812 665 846 dilatatam
676 813 752 856 amplia-

49 866 122 906 tionem,
131 865 154 898 ad
166 864 270 899 releuamen
282 862 335 898 istius
347 863 426 898 hominis
438 863 506 907 Anglie
518 863 638 908 perfectiores
649 865 673 897 de
684 864 753 899 finibus

49 924 97 953 terre
107 922 221 951 maturarunt
232 916 296 950 audire
307 916 416 960 sapientiam
427 917 541 951 Salomonis:
554 918 662 951 estimantes
672 917 719 952 felici
731 929 752 952 se
762 929 779 959 ¹5

49 976 95 1005 statu
103 969 232 1014 remig[r]are⁴
240 969 255 1004 si
264 975 301 1003 tam
309 968 445 1004 dulcescentis⁵
453 969 482 1004 dei
490 968 552 1004 famuli
564 969 636 1014 eloquio
644 970 751 1015 potirentur.

50 1025 100 1059 inter
114 1034 161 1068 quos
173 1023 283 1067 quibusdam
297 1022 448 1068 conquirentibus
463 1034 495 1057 cur
510 1028 578 1058 statum
593 1023 707 1067 perfectioris
722 1036 752 1059 re·

49 1077 120 1121 ligionis
132 1077 230 1110 affectuose
241 1087 278 1109 non
290 1082 391 1120 appeteret,
403 1078 454 1109 cuius
466 1076 588 1110 obseruantiis
598 1076 676 1111 inhiaret
688 1076 752 1111 intimo

49 1141 89 1163 curn
98 1131 176 1162 sudore:
188 1129 260 1170 Quibus
272 1128 361 1172 prouidus
373 1134 426 1171 pater
435 1129 542 1171 respondit:
554 1128 588 1161 ‘ln
601 1129 651 1162 omni
664 1129 752 1173 religione

49 1181 107 1216 cuncti
120 1192 201 1225 superne
213 1180 271 1224 patrie
284 1180 400 1215 incessabilia
412 1180 478 1224 gaudia
490 1191 590 1224 possumus
602 1181 721 1225 contemplari
734 1188 752 1216 et
762 1193 781 1213 ao

49 1233 144 1268 virtutibus
161 1233 275 1267 increscere:
291 1233 324 1267 sed
340 1232 399 1267 fateor
413 1244 443 1267 me
458 1233 551 1278 presentis
567 1234 629 1277 regule
648 1235 752 1269 essentialia

50 1298 85 1321 non
101 1286 162 1321 debite
177 1286 315 1331 perimplesse⁸.
339 1286 397 1330 Igitur
411 1286 508 1321 insolentie
523 1297 597 1330 operam
612 1287 715 1327 redderem,
730 1288 752 1328 si,

49 1340 113 1374 laxatis
125 1340 202 1374 habenis
215 1340 304 1374 incedens
317 1340 393 1373 minima
407 1350 443 1373 non
457 1340 564 1380 obseruans,
577 1340 697 1374 strictioribus
708 1340 751 1385 liga·

50 1393 115 1435 mentis
123 1404 153 1427 me
162 1399 290 1427 connecterem
298 1393 320 1426 ad
329 1393 393 1426 altiora
402 1393 539 1436 perimplenda!
562 1392 613 1426 Inter
621 1397 658 1426 tam
666 1394 752 1427 salutaria

49 1445 116 1478 monita
124 1444 223 1489 requisitus
233 1455 269 1488 que
278 1445 383 1488 regularum
392 1450 442 1479 esset
453 1444 566 1479 constantius
576 1445 700 1489 adimplenda,
708 1457 752 1480 con·
761 1460 779 1491 ²5

50 1497 109 1532 sestim
128 1497 187 1532 intulit
206 1509 250 1532 voce
269 1498 410 1543 consultatoria:
426 1498 564 1542 ‘Euangelium
581 1499 645 1543 inquit,
665 1500 752 1534 iohannis

49 1562 113 1585 ornnes
127 1551 200 1595 regulas
212 1551 341 1585 reformatione
355 1551 476 1585 saluberrima
489 1551 579 1585 antecellit
593 1558 612 1586 vt
627 1552 711 1588 domina!
735 1553 752 1587 Ο

49 1604 106 1638 virum
118 1604 225 1639 memoriter
232 1605 405 1647 commendandum,
412 1604 460 1639 inter
467 1610 493 1639 tot
500 1605 603 1649 procellose
610 1605 647 1639 vite
655 1606 752 1650 dispendia

49 1657 171 1691 vicissitudine
179 1657 247 1691 amoris
255 1657 371 1692 sublimatum
379 1668 436 1701 super
443 1663 498 1700 astra,
506 1658 658 1697 considerantem,
666 1658 751 1702 quicquid

49 1710 129 1751 presenti
151 1719 205 1744 cursu
229 1709 341 1753 percipimus
360 1709 379 1743 in
398 1709 476 1743 nihilum
495 1709 580 1743 deueniet
599 1715 686 1754 tanquam
704 1721 752 1755 aqua
760 1725 780 1755 30

49 1762 153 1804 decurrens,
165 1768 183 1797 et
196 1762 243 1796 sicut
258 1762 329 1796 somnia
345 1762 449 1796 transitoria
464 1762 598 1806 peruolitabunt
613 1763 686 1797 omnia:
706 1764 751 1799 Pre-

49 1815 96 1850 clara
114 1815 325 1859 euangeliste‘carmina
341 1815 375 1850 sibi
391 1826 425 1860 pro
439 1816 513 1850 viuendi
528 1816 606 1851 formula
622 1816 752 1860 exemplariter

49 1870 142 1913 coaptauit.
166 1869 223 1904 Sicuti
231 1875 249 1903 et
256 1869 304 1903 inter
311 1874 388 1912 quatuor
396 1869 468 1912 aurigas
476 1880 540 1904 currus
551 1869 650 1913 euangelici
659 1869 751 1905 lohannes

49 1923 123 1966 aquilari
133 1924 194 1958 uolatu
206 1933 240 1967 pre
253 1923 318 1957 ceteris
331 1922 424 1957 subtiliora
437 1922 521 1956 trinitatis
534 1922 615 1957 misteria
628 1923 695 1966 pennis
708 1934 752 1958 con-

49 1976 171 2019 templationis
182 1975 300 2009 fiducialiter⁷
312 1975 420 2019 propalauit,
432 1974 458 2007 sic
470 1975 538 2008 nostris
549 1975 568 2008 in
579 1975 694 2017 temporibus
705 1976 752 2009 alter
760 1990 779 2019 ³5

49 2029 166 2071 euangelicus
178 2028 271 2061 lohannes
283 2027 378 2061 celestium
390 2026 514 2061 misteriorum
526 2026 624 2070 singularis
635 2028 751 2071 secretarius,

49 2080 192 2121 supereminenti
200 2079 360 2124 contemplationis
371 2081 431 2113 volatu
442 2081 536 2113 terrestria
547 2090 635 2114 recusans
647 2090 668 2114 se
679 2081 751 2115 celesti·

50 2130 83 2165 bus
95 2134 190 2178 coaptauit.
213 2134 243 2167 Ad
255 2133 306 2167 cuius
318 2133 432 2177 probabilem
445 2133 602 2167 confirmationem
615 2132 697 2168 veritatis
708 2134 751 2169 sub·

49 2188 142 2228 sequentis
154 2187 276 2231 parit'ormitas
288 2187 378 2220 elucessit.
430 2179 519 2231 Namque
530 2197 571 2221 cum
584 2186 658 2221 diuersa
669 2188 752 2221 maneria

50 2241 160 2274 monasterio
171 2240 282 2284 pertinentia
292 2239 380 2278 visitaret,
388 2239 448 2273 officio
457 2246 574 2283 perurgente,
582 2240 655 2273 diuertit
663 2240 686 2274 ad
694 2250 751 2284 quan-
759 2255 779 2286 4⁰

49 2290 90 2325 dam
102 2293 193 2328 reclusam
205 2293 224 2327 in
237 2293 323 2327 comitatu
335 2292 476 2332 Richemundie,
488 2298 507 2327 vt
520 2293 568 2326 inter
580 2298 606 2327 tot
620 2292 752 2336 immergentes

49 2347 177 2388 occupationes
191 2345 356 2379 communicatione
371 2344 473 2378 delectabili
489 2344 569 2378 animam
585 2345 663 2378 interius
680 2345 751 2378 iniiam·

50 2402 111 2432 maret.
131 2398 202 2432 Eadem
209 2409 253 2432 vero
261 2398 339 2439 reclusa,
347 2402 400 2431 nocte
408 2397 520 2441 precedente
526 2396 597 2432 visione
605 2396 751 2432 immarcessibili

68 2464 181 2499 ¹r.insidiosi.
227 2467 333 2497 ²E.iaciunt.
379 2466 496 2503 ³E.ilagraus.
543 2465 579 2496 (Ε.
587 2465 669 2502 remigare.
716 2465 751 2496 ³13.

50 2504 155 2539 dulccstentis.
216 2509 222 2527 θ
232 2508 250 2538 Ε.
259 2507 363 2545 perimplisse.
424 2505 429 2523 ¹
440 2506 459 2536 E.
467 2505 565 2535 fiducialitur.
