1762 2803
221 131 267 187 br
282 129 382 184 &totto
397 129 549 192 amotione.
706 146 736 188 49

34 252 101 288 vestris
119 253 181 297 prauis
197 253 305 297 resipiscite,
321 259 339 288 et
354 254 377 288 ad
392 252 479 297 baptismi
493 252 570 297 gratiam
585 251 686 286 conuolate.
714 251 736 285 In

35 305 125 351 baptismo
140 312 215 351 peccata
230 306 325 346 donantur,
341 306 401 341 celum
418 306 488 341 homini
501 311 598 347 reseratur,
615 312 633 340 et
646 309 737 340 vetustate

35 359 124 403 deposita,
132 370 180 393 noua
187 359 321 404 quodammodo
329 359 407 394 eflicitur
414 364 502 394 creatura.
525 358 560 402 Qui
568 358 618 394 enim
625 358 677 404 prius
685 362 737 392 erant

35 422 69 456 per
79 412 151 456 culpam
162 412 195 447 filii
206 413 285 457 dyaboli,
293 413 339 447 fiunt
350 413 467 457 postmodum
478 421 513 456 per
523 412 600 456 gratiam
608 411 640 445 filii
648 410 684 445 dei.
706 410 737 444 Ad

35 466 82 499 hanc
91 475 135 510 ergo
142 465 219 509 gratiam
231 465 327 510 confugite,
335 471 354 500 vt
365 476 424 510 penas
432 465 554 509 sempiternas
562 464 638 510 possitis
646 464 737 499 euadere!
746 473 755 502 5

36 511 76 553 His
82 518 153 560 auditis,
160 519 220 553 furore
226 519 297 554 accensi
303 518 354 564 impii
359 519 378 553 in
385 529 449 554 necem
457 518 565 560 innocentis,
570 519 644 553 beatum
652 516 737 561 spiritum

35 572 101 604 elicere
112 572 154 604 totis
165 571 234 605 viribus
247 572 345 606 elaborant.
368 572 391 607 Et
403 572 444 607 licet
456 571 485 606 dei
498 576 568 617 martyr
579 581 665 606 saxorum
678 569 736 604 multi·

35 624 98 658 tudine
109 624 190 668 vndique
203 625 303 667 cederetur,
316 625 414 659 immobilis
426 629 487 659 tamen
500 624 519 659 in
533 625 614 659 oratione
629 623 737 670 persistens,

35 677 75 711 loco
87 689 120 711 suo
133 684 194 711 motus
207 690 244 712 non
257 684 290 718 est,
302 689 336 713 nec
348 679 367 712 in
380 684 451 722 partem
464 679 539 712 alteram
552 679 582 711 vel
594 678 617 711 ad
630 678 693 710 horam
706 677 737 710 de-

35 729 114 763 clinauit.
141 730 187 764 Cum
203 731 277 764 demum
295 731 383 764 inuictum
402 730 486 775 spiritum
504 730 544 764 celo
559 729 664 764 redditurus
681 733 736 770 esset,
746 737 765 759 10

36 781 111 816 eleuatis
125 781 144 817 in
157 782 216 818 celum
230 783 287 817 oculis
299 782 374 817 ihesum
386 788 465 818 stantem
477 784 500 818 ad
512 782 569 828 patris
581 784 676 817 dexteram
686 781 737 822 vidit,

36 841 54 868 et
61 836 168 879 angelorum
175 842 283 870 concentum
293 836 363 870 incelis
371 836 445 875 audiuit,
450 836 498 870 inter
506 846 575 880 eosque
582 836 675 869 Albanum
683 845 737 869 suum

36 889 147 932 recognouit.
170 889 229 930 Quem
237 889 271 922 sibi
279 888 298 923 in
306 889 394 923 auxilium
402 888 495 929 inuocans,
503 890 508 907 ‘
513 893 581 928 sancte,
590 888 653 933 inquit,
660 887 738 930 Albane,

36 941 91 976 deum
103 947 186 976 nostrum
199 941 304 987 depreceris
312 947 332 976 ut
343 941 398 976 michi
411 942 497 987 angelum
510 942 578 976 bonum
590 942 663 976 obuiam
671 940 738 981 mittat,

36 1005 60 1028 ne
75 994 130 1029 michi
145 996 203 1038 predo
215 995 328 1030 truculentus
341 995 435 1035 obsistere,
450 1005 484 1029 nec
497 994 533 1028 iter
545 1005 607 1029 meum
620 1005 664 1038 pars
676 994 738 1038 iniqua
748 1006 766 1036 ¹5

35 1047 95 1083 valeat
102 1047 202 1092 impedire.’
222 1048 245 1083 Et
253 1060 295 1084 ecce
303 1048 339 1083 duo
347 1048 407 1093 angeli
415 1047 478 1083 celesti
486 1048 556 1093 fulgore
564 1047 656 1082 radiantes
664 1048 687 1082 ad
695 1059 738 1082 eum

37 1101 60 1134 de
68 1102 268 1144 snpernisveniebant;
280 1112 316 1135 vox
324 1101 379 1135 etiam
387 1101 492 1135 huiusmodi
502 1101 566 1135 celitus
576 1102 598 1134 ad
606 1111 647 1134 eum
656 1100 703 1134 facta
710 1100 738 1133 in·

37 1153 108 1188 sonuit:
117 1153 187 1188 ‘Amen
193 1153 233 1188 dico
240 1154 277 1194 tibi,
282 1153 325 1198 quia
332 1153 411 1198 [hodie]¹
420 1164 461 1187 cum
470 1153 559 1199 discipulo
564 1152 607 1188 tuo¹
614 1151 651 1187 eris
658 1153 677 1187 in
686 1163 739 1198 para-

37 1206 87 1241 diso?
115 1206 184 1250 Pagani
197 1218 241 1242 vero
254 1209 341 1242 celestem
353 1218 419 1241 sonum
433 1207 534 1247 audientes,
550 1206 645 1250 stupefacti
661 1207 737 1241 stabant.

36 1259 104 1303 Angeli
113 1271 158 1293 vero
167 1260 215 1294 beati
224 1260 258 1294 viri
268 1260 353 1301 animam,
363 1259 418 1294 niueo
427 1260 506 1294 candore
516 1260 622 1304 fulgentem,
634 1269 697 1294 secum
708 1269 737 1293 as-
748 1271 767 1293 ro

37 1318 131 1347 sumentes
137 1313 156 1346 in
164 1313 224 1347 celum
232 1324 273 1347 eum
282 1312 356 1358 hymnis
364 1318 382 1347 et
390 1312 473 1347 laudibus
481 1312 591 1347 detulerunt.
610 1312 679 1356 Pagani
688 1312 738 1346 enim

36 1375 103 1408 corpus
111 1366 196 1400 exanime
203 1366 223 1400 in
230 1366 308 1400 vinculis
316 1366 434 1399 constitutum
445 1365 537 1409 lapidibus
546 1367 605 1399 adhuc
616 1366 693 1399 obruere
701 1376 738 1398 non

37 1417 143 1464 cessabant3
153 1418 263 1452 christianus
271 1417 345 1463 quidam
353 1428 419 1462 eorpus
427 1417 513 1462 martyris
520 1418 598 1453 latenter
605 1417 696 1458 auferens,
704 1417 739 1452 sub

36 1475 86 1505 terra
97 1470 195 1515 diligenter
206 1471 307 1506 occultauit.
329 1471 405 1505 Interim
415 1470 489 1505 celestis
496 1470 515 1505 in
524 1471 612 1515 populum
620 1471 648 1505 ira
656 1470 738 1505 deseuit:

37 1523 173 1567 distorquentur
184 1524 237 1564 labia,
244 1524 295 1558 varia
302 1524 408 1558 deformitas
415 1524 477 1557 vultus
487 1524 615 1567 apprehendit,
623 1524 740 1567 obrigescunt
749 1537 767 1568 ²5

37 1575 93 1619 digiti,
101 1575 154 1610 nerui
161 1575 226 1611 officiis
234 1587 271 1610 non
280 1576 391 1621 funguntur;
403 1577 468 1611 ardent
476 1576 538 1620 lingue
549 1576 616 1620 quibus
627 1577 680 1611 beato
692 1586 740 1610 mar·

37 1629 73 1672 tyri
87 1629 169 1663 conuicia
183 1630 255 1664 fuerant
269 1629 324 1664 illata.
353 1629 442 1664 Omnium
457 1630 581 1664 membrorum
596 1629 701 1664 flexibilitas
715 1629 740 1664 ita

37 1687 114 1726 repente
122 1682 200 1726 diriguit,
207 1688 227 1717 vt
236 1693 260 1716 ne
272 1683 352 1726 lapidem
363 1682 438 1726 quidem
449 1683 473 1716 de
480 1687 529 1716 terra
540 1682 602 1717 leuare
611 1682 648 1717 iam
658 1688 740 1727 possent.

39 1733 97 1768 Iudex
112 1740 178 1776 autem,
189 1735 257 1769 amisso
268 1735 344 1769 rationis
355 1735 454 1776 intellectu,
466 1745 530 1770 amens
541 1735 617 1770 effectus
626 1740 660 1770 est.
683 1735 740 1777 Quot·

38 1793 80 1831 quot
92 1787 141 1822 enim
153 1799 228 1822 manum
241 1793 338 1822 erexerant
350 1795 413 1823 contra
426 1787 527 1831 dominum,
537 1789 611 1832 dignam
624 1799 659 1833 pro
670 1789 740 1824 meritis
749 1802 769 1832 30

38 1850 48 1873 a
60 1840 107 1875 iusto
120 1841 179 1875 iudice
194 1847 291 1875 senserant
304 1841 398 1875 vltionem.
421 1841 457 1875 His
469 1847 530 1875 autem
542 1842 592 1883 visis,
604 1842 660 1876 fidem
672 1842 740 1876 Christi

38 1898 74 1927 tota
87 1893 150 1928 ciuitas
164 1894 230 1928 deuote
247 1893 334 1939 suscepit,
347 1899 366 1928 et
383 1893 435 1928 multi
450 1893 507 1928 diuini
522 1894 590 1929 amoris
605 1893 691 1929 instinctu
707 1905 740 1929 sua

38 1947 163 1990 relinquentes
172 1948 250 1981 Romam
258 1948 332 1989 adeunt,
340 1947 438 1981 commissa
451 1947 525 1987 deflent,
533 1958 605 1981 errores
612 1947 697 1987 fatentur,
706 1958 740 1982 vn·

38 2000 117 2044 dumque
130 1999 210 2035 lauachri
222 2005 310 2044 expetunt
321 1999 411 2035 salutaris.
468 1993 536 2034 ³Anno
547 2005 608 2034 autem
619 1999 688 2033 domini
700 2000 740 2034 mil-

38 2051 103 2087 lesimo
120 2052 221 2088 centesimo
236 2052 443 2097 septuagesimooctauo,
458 2058 533 2088 sanctus
546 2052 629 2088 Albanus
644 2053 740 2088 risibiliter
749 2061 767 2092 ³5

38 2106 122 2149 apparuit
133 2107 204 2140 cuidam
216 2106 256 2140 viro
267 2105 364 2140 mediocris
376 2106 483 2146 substantie,
495 2106 569 2139 nomine
582 2106 668 2145 Roherto,
679 2106 740 2140 vicum

39 2157 101 2192 Sancti
112 2158 179 2192 Albani
190 2157 310 2198 inhabitanti;
325 2157 362 2202 qui,
372 2164 392 2192 vt
403 2157 437 2192 sibi
448 2158 549 2199 videbatur,
558 2163 597 2191 erat
607 2158 668 2192 decori
679 2158 740 2193 vultus

39 2215 57 2244 et
69 2211 157 2256 elegaan
169 2217 242 2255 stature,
253 2211 335 2245 vestibus
347 2211 406 2245 niueis
418 2211 498 2253 indutus,
509 2211 627 2255 virgamque*
639 2211 740 2254 pulcherri-

39 2273 88 2298 mam
100 2266 176 2299 dextera
187 2265 282 2299 baiulabat.
306 2263 327 2298 In
339 2263 390 2298 cuius
401 2263 487 2307 ingressu
498 2264 564 2297 domus
573 2268 610 2298 tota
620 2263 741 2308 resplenduit,

39 2322 57 2351 et
65 2318 117 2362 quasi
129 2319 201 2353 claritas
212 2318 256 2353 solis
268 2318 353 2352 interiora
362 2316 439 2351 cubiculi
449 2316 572 2351 circumfulsit.
588 2316 610 2351 Et
618 2316 708 2352 iacentem
717 2329 741 2354 ex
749 2327 769 2357 40

39 2372 114 2405 nomine
128 2372 204 2412 vocauit,
219 2381 344 2416 percussoque
363 2370 419 2404 latere
438 2370 483 2410 eius,
498 2370 514 2404 si
530 2369 617 2404 dormiret
632 2370 742 2415 requirebat,

39 2423 112 2458 dicens:
125 2424 223 2465 ‘Roberte,
232 2423 301 2458 dormis
308 2424 321 2457 i’
344 2422 379 2465 Qui
387 2433 429 2456 cum
437 2433 458 2457 se
464 2422 539 2466 vigilare
551 2422 625 2463 diceret,
635 2424 741 2460 subintulit:

40 2476 78 2510 ‘Ne
86 2476 157 2518 timeas,
162 2477 222 2519 frater,
231 2487 291 2521 neque
299 2476 396 2510 formides:
408 2486 442 2518 ego
450 2486 491 2509 sum
503 2476 640 2520 prothomartyr
648 2477 742 2513 Britannie

59 2555 64 2572 ¹
74 2564 104 2585 om.
112 2556 128 2584 in
136 2556 153 2585 T.
161 2556 179 2585 E.
264 2554 271 2572 ²
281 2559 308 2586 tuo
315 2565 345 2585 om.
353 2555 369 2585 in
376 2554 394 2585 T.
473 2553 479 2571 ³
490 2554 510 2585 cf.
517 2555 573 2586 Matth.
580 2555 629 2587 Paris.
637 2556 680 2587 iiist.
688 2559 742 2588 maior.

39 2592 44 2609 ¹
55 2603 85 2631 que
92 2605 122 2625 om.
131 2596 148 2625 in
155 2596 172 2626 T.

385 2644 397 2669 E
