1762 2803
257 117 303 171 bo
318 115 418 168 sanor
433 116 556 169 bonotto.
713 130 757 175 273

53 235 92 271 uita
101 237 155 272 datur
165 237 242 282 intelligi
253 239 296 281 quia
307 238 325 272 in
338 248 360 272 eo
371 237 419 272 mala
431 236 491 272 carnis
502 247 543 272 cum
554 236 664 282 operacione
672 236 758 272 elemosi-

54 301 120 325 narum
128 291 227 325 certabant.
250 291 286 333 Qui
298 291 347 326 enim
358 302 393 336 per
404 301 460 326 coxas
471 291 564 332 deorsum,
572 301 606 335 per
614 290 688 325 brachia
698 289 759 324 trahe·

54 343 108 377 batur
115 353 194 387 sursum,
200 348 250 388 patet
256 345 298 388 quia
304 343 414 379 elemosinas
421 349 520 385 amauerat,
526 349 544 378 et
552 343 613 378 carnis
619 343 671 379 uiciis
677 343 759 388 perfecte

54 403 92 429 non
100 396 196 439 restiterat,
204 407 240 440 que
248 407 291 431 eum
299 398 386 431 deorsum
393 397 489 431 trahebant
494 396 513 439 ¹.]

141 552 156 589 ll
169 544 202 587 Dr
213 563 284 587 seuero
296 545 392 589 Ounocao
403 562 490 587 errscoro
501 562 524 586 ar
535 552 668 586 conressona‘l.

89 634 160 669 Anctus
166 636 263 671 Oudoccus
269 637 336 671 Christi
342 647 414 678 seruus,
419 637 442 670 ab
447 635 523 670 infantia
530 636 583 670 bonis
589 640 607 669 et
615 634 683 670 sanctis
690 634 760 670 meritis
768 646 777 678 5

111 687 189 729 deditus,
196 689 274 731 ieiuniis,
281 689 347 733 vigiliis
358 695 377 724 et
388 689 500 723 orationibus
511 699 546 732 pro
557 694 622 722 eterna
633 688 719 722 mercede
730 698 760 721 as·

56 739 125 782 siduus,
136 740 229 775 liminibus
244 741 292 776 beati
304 741 354 776 Petri
368 740 446 786 apostoli
461 739 543 780 visitatis,
554 740 614 775 locum
629 739 688 774 sancti
700 738 760 773 Dauid

56 792 100 826 adiit
112 797 130 828 et
141 793 185 828 inde
196 805 230 839 per
241 794 337 829 eeclesiam
349 794 408 829 sancti
417 793 488 833 Theliai
500 793 600 836 diuertens,
608 793 695 837 reliquias
706 803 761 837 quas·

57 847 99 880 dam
113 846 181 881 ibidem
193 847 302 892 aequisitas³
313 858 376 882 secum
388 847 479 892 sumpsit:
495 857 574 891 cumque
586 845 605 885 in
617 845 682 885 itinere
693 845 761 881 consti·

57 904 106 933 tutus
112 900 213 935 latronibus
219 900 306 943 obuiarot,
311 906 330 935 et
335 901 361 935 illi
369 901 440 946 copiam
447 900 529 935 thezauri
535 910 577 935 eum
584 899 652 934 habere
657 905 760 944 sperantes,
770 912 789 933 ιο

58 953 155 995 depredari
162 953 236 994 vellent,
245 954 339 987 cecitatem
346 953 469 993 incurrerunt,
476 958 494 986 et
502 953 606 996 penitentes
614 963 670 995 prece
678 951 761 986 Oudocei

58 1003 151 1037 oculorum
157 1004 216 1039 visum
225 1011 340 1050 receperunt.
377 998 428 1041 Cum
436 1011 498 1039 autem
506 1004 564 1042 factus
572 1004 671 1049 episcopus
679 1004 761 1039 itercum

58 1056 97 1090 suis
107 1062 175 1099 ageret,
184 1058 207 1091 de
219 1058 326 1092 mulieribus
335 1058 444 1102 quibusdam
456 1057 536 1092 butirum
547 1057 655 1099 lauantibus,
663 1068 730 1101 aquarn
737 1058 762 1091 de

58 1120 102 1142 vase
113 1109 148 1143 sibi
160 1110 228 1154 porrigi
239 1111 343 1155 postulauit.
366 1110 399 1145 ille
407 1121 451 1145 vero
462 1110 536 1152 ironice,
544 1110 615 1144 nullum
625 1110 674 1144 aliud
682 1120 715 1144 vas
725 1109 761 1144 nisi

58 1161 138 1196 butirum
153 1173 174 1197 se
187 1163 255 1198 habere
269 1164 409 1209 responderunt.
433 1163 537 1208 Episcopus
547 1174 597 1206 vero,
609 1170 684 1207 accepto
697 1164 721 1198 ab
734 1162 761 1198 eis
770 1174 789 1204 15

58 1214 124 1257 butiro,
130 1221 148 1249 et
154 1216 273 1250 formata⁴ad
279 1217 354 1251 modum
361 1216 488 1251 tintinnabuli⁸
496 1216 543 1258 nola,
549 1215 593 1250 inde
599 1215 672 1261 putauit,
678 1221 697 1250 et
703 1215 722 1250 in
730 1215 761 1250 tali

59 1267 118 1300 forma
129 1268 223 1312 remansit,
233 1280 289 1303 aurea
300 1270 390 1312 videlicet,
401 1270 420 1302 in
431 1274 502 1303 tantum
514 1269 561 1313 quod
570 1268 674 1303 videntibus
685 1273 762 1313 apparet

59 1331 101 1354 esse
108 1332 132 1355 ex
139 1333 184 1355 auro
190 1323 295 1365 purissimo,
300 1328 318 1356 et
324 1324 347 1356 ab
352 1322 384 1355 illo
390 1322 443 1355 diein
450 1321 649 1354 ecclesialandauensi⁸
654 1321 674 1354 in
680 1321 762 1354 miraculi

59 1372 185 1409 testimonium
195 1380 320 1409 conseruntur.
365 1366 410 1409 Rex
421 1373 495 1418 quidam
503 1374 588 1407 venando
597 1385 639 1408 cum
649 1385 724 1408 ceruum
735 1375 763 1408 in·

60 1432 173 1471 sequeretur,
185 1433 203 1461 et
214 1438 281 1463 ceruus
294 1428 317 1462 ad
329 1427 404 1473 pallium
415 1427 473 1462 sancti
484 1426 595 1471 confugeret,
607 1437 641 1462 rex
654 1437 695 1462 curn
707 1437 763 1462 vena·
772 1441 791 1464 ro

60 1480 131 1513 toribus
142 1482 176 1515 hoc
185 1482 252 1516 videns
263 1481 376 1523 miraculum,
383 1479 457 1515 veniam
469 1491 480 1515 a
491 1490 545 1515 seruo
557 1480 587 1514 dei
598 1479 690 1514 humiliter
700 1486 763 1524 postu-

61 1532 111 1575 lauit,
119 1538 138 1567 et
147 1538 206 1568 totum
217 1533 329 1569 territorium
340 1533 366 1567 iiii
377 1533 473 1567 concessit.
518 1526 604 1567 Dimissa
613 1533 688 1567 tandem
695 1534 724 1566 vir
734 1533 764 1567 dei

61 1586 149 1629 pastorali
157 1597 206 1629 cura,
213 1587 315 1620 construxit
324 1587 456 1620 monasterium
463 1587 514 1619 iuxta
522 1595 588 1629 aquam
596 1586 671 1619 nomine
677 1585 738 1627 Weie,
746 1591 765 1619 et

62 1643 173 1682 congregata
180 1638 257 1673 fratrum
265 1649 331 1684 magna
339 1643 418 1681 caterua,
423 1637 443 1672 in
451 1648 518 1683 magna
525 1636 636 1673 abstinentia
644 1643 662 1672 et
670 1638 765 1673 sanctitate

61 1692 98 1725 vite
113 1693 230 1736 permultos
245 1702 303 1726 annos
317 1692 374 1726 vitam
389 1692 465 1733 ducens,
477 1691 563 1734 exempla
574 1689 662 1725 virtutum
677 1696 695 1725 et
710 1691 765 1725 totius
773 1705 791 1735 2⁵

62 1744 182 1779 sanctimonie
190 1755 248 1790 vsque
259 1745 282 1780 ad
291 1751 369 1781 mortem
377 1743 463 1781 iratribus
471 1743 556 1784 ostendit.
579 1742 665 1789 Migrauit
672 1748 734 1779 autem
741 1744 765 1780 ad

62 1798 155 1833 Christum
163 1805 216 1833 sexto
224 1809 282 1833 nonas
289 1798 332 1833 iulii.

85 1910 134 1955 [MS.
141 1910 181 1945 Tib.
189 1911 245 1946 adds:
363 1909 463 1944 Narratio⁷.

86 1977 153 2019 Senex
172 1984 245 2026 quidam
264 1982 375 2017 desiderauit
394 1983 527 2026 cucu(merem:
547 1991 602 2027 quem
621 1992 662 2017 cum
681 1982 765 2025 tulisset),

64 2036 161 2081 suspendit
174 2042 217 2072 ante
230 2036 300 2080 olculos
313 2045 366 2079 suos;
382 2039 400 2070 et
412 2046 436 2069 ne
447 2035 558 2080 uinceretur)
571 2035 710 2081 excupiditate,
722 2037 766 2080 (non

83 2126 89 2143 ¹
99 2126 160 2157 Colicct
166 2127 183 2156 in
190 2127 208 2157 T.
216 2137 220 2157 r

85 2164 137 2203 Salue
148 2177 194 2210 pater
204 2171 293 2208 Deirorum,
304 2175 340 2201 esto
350 2170 392 2201 salus
403 2169 501 2209 miserorum,
511 2170 532 2200 ad
542 2175 559 2200 te
569 2179 600 2200 nos
610 2170 719 2209 confugimus:
731 2171 768 2202 Rex

65 2212 137 2251 Oswine,
148 2212 170 2242 sis
182 2218 271 2242 nostrorum
283 2211 375 2251 medi(ator)
387 2215 492 2249 peccatorum,
502 2211 598 2249 suplicantes
610 2212 683 2249 perimus,
705 2212 768 2241 V101a

76 2262 116 2281 ron.

64 2261 75 2288 p
85 2291 149 2327 Sancte,
157 2290 207 2320 nostri
217 2290 306 2324 recordare,
315 2294 332 2319 et
340 2299 369 2327 pro
379 2289 425 2318 nobis
434 2290 522 2326 deprecare
531 2289 588 2319 summi
597 2289 641 2327 regis
649 2289 706 2322 filiam:
717 2289 769 2321 Corda

65 2339 118 2367 serua,
125 2341 164 2368 rege
171 2334 238 2365 mentes,
246 2334 262 2359 et
270 2340 300 2359 nos
307 2330 349 2368 (tibi)
356 2329 445 2358 sentientes
452 2330 482 2361 duc
489 2330 509 2358 ad
517 2329 546 2360 celi
554 2330 624 2366 gloriam.
646 2330 665 2360 V.
677 2331 710 2359 Ora
716 2339 751 2368 pro.

87 2367 157 2413 Largire
166 2375 256 2413 suplicibus,
265 2375 366 2413 omnipotens
375 2378 424 2412 pater,
432 2379 524 2403 cunctorum
534 2374 596 2404 ueniam
607 2374 697 2410 facinorum,
706 2379 722 2405 et
729 2384 769 2413 quos

66 2415 105 2445 iacis
113 2415 199 2445 beatissimi
209 2415 271 2444 Oswini
280 2415 348 2444 martiris
357 2414 380 2444 tui
390 2414 541 2444 commemoratione
550 2414 618 2453 gloriari,
626 2414 674 2444 sarias
684 2414 744 2444 meritis
753 2419 770 2444 et

66 2455 145 2493 suffragiis
152 2455 207 2485 celitus
213 2454 299 2490 sublimari,
306 2463 340 2492 per.

86 2495 92 2512 ¹
103 2495 132 2525 Ed.
139 2496 156 2524 in
166 2496 186 2525 ri⁴
197 2495 226 2525 SS.
235 2494 275 2524 Bon
284 2493 338 2531 aJuly
346 2493 358 2524 1.
366 2502 382 2531 p.
389 2494 428 2531 ²⁸43
438 2492 514 2531 abridged
523 2493 563 2523 iram
573 2494 600 2524 the
607 2493 691 2524 Lectiones
698 2495 715 2524 in
723 2494 771 2524 Liber

67 2533 136 2564 Landav.
144 2544 159 2573 p.
167 2535 213 2573 127);
223 2534 242 2564 cl.
250 2533 297 2571 Angla
305 2534 322 2563 S.
330 2533 351 2563 ll.
358 2535 393 2571 669.
450 2533 456 2550 ³
466 2533 484 2563 T.
493 2533 584 2571 adquisitas.
642 2534 647 2550 ⁴
656 2534 688 2563 Vit.
696 2534 769 2569 formato,

67 2574 105 2601 nola
111 2583 141 2603 om.
183 2573 327 2603 “Etintinnabili
367 2572 507 2603 'Elaudaneush
546 2571 586 2604 'CL
593 2572 624 2603 Vit.
633 2571 675 2603 Patr.
682 2581 697 2610 p.
705 2572 739 2610 767.

88 2640 129 2665 VOL.
137 2640 157 2665 ll.
413 2638 425 2665 'l‘
