1762 2803
168 111 211 164 tur
225 110 326 163 sonno
342 108 444 169 diuma
459 109 643 174 archidiacono.
712 124 757 170 397

54 234 106 272 sanie
120 233 228 275 defluentes,
239 233 269 266 alii
280 231 355 276 paralisi
366 231 455 273 dissoluti,
466 232 496 267 alii
509 237 592 268 amentes
606 231 671 274 effecti,
682 231 758 266 misera·

54 288 115 325 biliter
122 284 276 322 interirent-De
283 284 319 320 isto
326 294 399 330 quoque
407 284 481 320 martire
489 285 564 331 quidam
571 284 598 321 sic
606 284 731 331 scripserunt:

136 387 168 418 Pro
178 387 238 417 Christi
248 395 308 425 sponsa
318 386 378 417 Christi
388 386 418 417 sub
428 390 501 425 tempore
511 385 570 418 christi

156 438 175 467 ln
186 437 245 475 templo
256 437 316 468 Christi
325 445 373 467 verus
383 441 444 467 ametor
454 437 513 467 obit.-

134 487 183 517 Anuo
193 486 258 516 milleno
269 490 339 516 centeno
349 490 448 523 septuageno

154 535 243 573 Anglorum
253 535 312 574 primas
323 535 382 566 corruit
393 544 433 565 ense
443 534 538 566 Thomas.-

137 585 186 624 ‘Quis
196 584 279 617 moriturl'
290 585 349 624 presul.
374 585 435 617 ‘Curl’
445 595 474 624 pro
485 595 539 624 grege.
562 583 662 623 ‘Qualiterl’
672 594 717 616 ense.

197 635 292 674 ‘Quandov
303 635 356 667 natali.
377 635 427 674 ‘Quis
437 635 501 668 locusl’
511 646 538 667 ara
548 636 602 667 dei.-

78 725 141 769 ¹Cum
154 737 214 768 autem
227 731 308 767 audisset
321 743 356 767 rex
367 732 472 778 Anglorum
485 731 550 778 gladiis
563 741 641 768 suorum
653 729 761 767 occubuisse

56 789 130 821 beatum
138 787 234 826 Thomam,
242 786 291 818 misit
299 786 345 818 duos
356 785 432 819 ciericos
442 786 505 820 literas
511 784 598 827 ferentes,
606 785 637 829 qui
645 783 761 818 Cautuariam
770 790 789 812 ¹0

56 837 152 874 venientes
162 838 277 881 congregatis
285 836 372 872 fratribus
380 837 477 873 dixerunt:
489 837 627 877 ‘infortunium
634 837 704 879 fratres,
713 836 762 881 quod

57 902 115 937 penes
126 889 173 925 vos²
180 890 250 932 accidit,
258 890 304 926 adeo
316 890 412 925 dominum
423 900 487 936 regem
499 889 618 933 contristauit,
625 895 645 925 vt
654 890 678 925 ab
687 888 762 925 introitu

57 944 135 980 ecclesie
149 955 184 989 per
198 943 278 979 triduum
294 944 408 987 abstinuerit,
423 944 484 979 cibum
499 954 534 988 per
548 949 587 978 tres
602 943 642 978 dies
656 948 720 988 preter
734 943 762 978 lac

57 996 201 1041 amigdalorum³
220 1007 257 1031 non
276 997 382 1041 sumpserit,
402 996 546 1032 consolationem
566 1008 603 1031 non
624 995 724 1038 admiserit,
742 996 762 1031 in

57 1049 151 1096 publicum
162 1060 200 1084 non
212 1050 311 1094 prodierit;
325 1050 386 1085 sciens
398 1050 417 1085 in
429 1060 482 1085 suam
493 1050 596 1084 redundare
607 1049 700 1084 infamiam
712 1048 788 1093 quod15

58 1113 134 1138 suorum
149 1102 214 1137 seuitia
229 1107 289 1136 actum
304 1107 337 1137 est.
359 1102 422 1136 Vnum
438 1108 466 1136 est
481 1102 530 1146 quod
546 1102 618 1136 mordet
633 1101 703 1146 [eumJ‘
718 1112 762 1135 con-

58 1153 158 1191 scientia⁶2
170 1166 211 1189 cum
220 1153 269 1189 enirn
277 1166 342 1190 omnes
350 1155 381 1200 qui
389 1155 513 1190 coronationi⁸
520 1156 551 1190 filii
559 1156 680 1191 interfuerunt
688 1164 762 1190 exeom-

59 1209 160 1244 municatos
171 1209 279 1253 accepisset,
291 1208 372 1243 dolorem
384 1219 438 1243 suum
450 1208 577 1243 dissimulare7
590 1219 627 1242 non
639 1213 716 1253 poterat,
727 1208 762 1242 sed

59 1261 97 1296 suis
104 1260 237 1306 querimoniam
245 1260 329 1305 deposuit
337 1274 341 1304 ;
353 1261 384 1306 qui
392 1261 432 1296 eius
440 1262 531 1307 compassi
542 1262 605 1304 dolori,
613 1272 636 1297 eo
647 1261 742 1296 nesciente
751 1270 763 1296 a

59 1314 109 1349 curia
120 1314 198 1349 latenter
208 1319 331 1349 recesserunt.
354 1315 408 1358 Quod
420 1326 461 1350 curn
473 1315 559 1357 audisset,
570 1315 659 1359 euestigio
670 1314 719 1349 misit
731 1316 763 1359 qul
772 1324 792 1347 ro

59 1373 123 1413 portus
135 1373 281 1412 preoccupantes
295 1367 367 1402 illorum
379 1367 470 1403 insaniam
481 1368 612 1412 prohiberent:
628 1368 661 1402 sed
672 1367 698 1401 illi
710 1367 763 1401 citius

60 1430 111 1454 mare
123 1425 245 1462 transeuntes,
259 1420 329 1454 lacinus
344 1425 381 1454 tarn
396 1420 509 1455 horrendum
524 1421 650 1464 expleuerunt.
678 1419 698 1455 si
714 1419 764 1454 enim

60 1473 157 1518 quicquam
165 1473 219 1517 culpe
226 1472 338 1508 contraxerit
344 1472 364 1507 ln
371 1484 394 1507 eo
402 1473 450 1518 quod
458 1473 525 1519 aliquid
536 1473 606 1508 dixisse
614 1474 707 1509 videretur
715 1474 764 1518 quod

60 1538 92 1561 eos
104 1527 127 1561 ad
138 1525 209 1561 facinus
220 1526 329 1570 inuitauerit,
340 1527 408 1562 vestris
420 1527 532 1562 orationibus
544 1527 629 1562 conuenit
642 1526 717 1573 expiari.
741 1525 764 1562 Et

60 1591 109 1615 nunc
121 1591 189 1625 corpus
201 1579 251 1615 iubet
265 1580 342 1615 honeste
356 1580 402 1615 tradi
414 1581 519 1626 sepulture;
534 1592 571 1616 non
584 1581 634 1616 eninr
646 1579 765 1625 persequitur
772 1592 792 1623 ²5

60 1639 158 1674 mortuum,
167 1633 251 1676 quamuis
259 1633 352 1667 uiuentem
360 1634 448 1667 habuerat
456 1634 554 1668 infestum!
599 1627 702 1667 Heraclius
709 1633 764 1677 patri-

60 1684 115 1720 archa
125 1684 298 1725 hierosolimitanus,
305 1685 393 1729 Angliam
404 1686 487 1728 veniens,
495 1686 550 1720 talem
562 1685 653 1720 referebat
660 1685 764 1720 visionem:

61 1736 107 1772 Cum
112 1738 162 1772 enim
169 1737 189 1772 in
197 1738 273 1772 cenobio
278 1738 358 1782 quodam
366 1743 415 1773 terre
423 1744 486 1774 sancte
494 1739 549 1774 frater
555 1739 629 1784 quidam
635 1739 765 1780 infirmaretur,

60 1791 131 1835 rogauit
143 1802 185 1826 eum
196 1792 253 1825 abbas
264 1796 284 1825 vt
295 1796 338 1835 post
351 1796 430 1826 mortem
441 1802 494 1827 suam
505 1792 529 1826 de
540 1797 589 1826 statu
600 1802 634 1827 suo
645 1801 688 1826 eum
699 1790 766 1826 certifi-

61 1849 116 1879 caret.
138 1843 210 1878 Annuit
221 1844 283 1886 irater,
295 1849 313 1879 et
325 1844 375 1879 obiit.
398 1844 448 1879 Infra
459 1854 528 1889 paucos
535 1855 580 1880 vero
591 1844 632 1880 dies
643 1854 736 1887 reuersus
744 1853 765 1879 se
773 1854 793 1886 30

62 1897 92 1932 dei
103 1898 139 1932 frui
149 1897 226 1940 visione,
234 1902 252 1932 et
264 1903 328 1933 eterne
339 1898 403 1932 salutis
414 1897 506 1943 premium
517 1897 553 1932 sibi
564 1898 658 1940 donatum,
665 1897 765 1933 nundauit.

62 1951 96 1985 ‘Et
108 1956 128 1985 vt
143 1951 250 1992 certissime,
263 1950 328 1994 inquit,
339 1951 387 1985 scias
402 1951 422 1984 in
437 1951 487 1984 nullo
503 1951 591 1991 hesitans,
603 1951 649 1985 scito
665 1951 707 1993 quia
722 1961 765 1984 curn

61 2014 149 2048 egressus
156 2014 167 2038 a
175 2013 252 2048 corpore
259 2003 282 2038 ab
289 2002 360 2047 angelis
367 2002 430 2038 statim
437 2003 544 2047 deportatus
551 2002 576 2038 lui
583 2003 602 2037 in
608 2003 673 2044 celum,
678 2001 707 2037 et⁵
714 2001 766 2037 venit

62 2066 140 2100 magnus
151 2056 225 2100 quidam
237 2066 279 2090 curn
293 2056 411 2099 processione
424 2055 539 2090 ineffabiliter
552 2055 665 2098 admiranda,
676 2062 766 2100 sequente

62 2108 123 2153 ipsum
142 2120 198 2154 quarn
217 2120 272 2144 nemo
291 2108 407 2144 dinumerare
426 2114 498 2153 poterat
519 2110 626 2153 angelorum
645 2108 766 2151 multitudine,
774 2119 793 2151 35

62 2163 207 2206 patriarcharum
226 2168 244 2197 et
262 2163 393 2208 prophetarum
412 2161 497 2196 laudabili
522 2172 605 2203 numero,
626 2173 668 2197 curn
686 2162 767 2207 glorioso

63 2217 187 2259 apostolorum
195 2216 257 2257 choro,
265 2221 284 2250 et
295 2215 424 2250 innumerabili
435 2221 540 2249 sanctorum
552 2216 647 2250 martirum
659 2221 767 2259 purpurato,

63 2272 81 2301 et
88 2269 184 2302 candidato
190 2268 323 2310 consessorum,
329 2268 416 2303 exercitu.
440 2266 505 2302 Stabat
512 2273 574 2302 autem
582 2267 613 2302 ille
621 2272 664 2302 ante
672 2267 767 2302 dominum

63 2321 115 2363 quasi
122 2320 192 2364 martir,
199 2325 237 2355 toto
245 2320 334 2355 lacerato⁰
342 2321 407 2366 capite,
415 2331 480 2355 cruore
487 2320 513 2364 (vt
520 2321 623 2364 videbatur)
630 2331 664 2365 per
669 2321 766 2356 vulnerum

63 2372 120 2408 rimas
132 2374 236 2409 distillante.
258 2374 292 2409 Cui
306 2374 392 2409 dominus
404 2374 441 2411 ait:
459 2373 550 2416 “Thoma,
564 2373 590 2409 sic
603 2374 656 2409 decet
668 2379 687 2408 te
699 2374 767 2409 intrare
774 2386 795 2418 40

84 2499 90 2517 ¹
101 2500 148 2528 From
155 2501 182 2529 the
190 2500 305 2537 Quadrilogua:
317 2500 342 2529 De
349 2501 399 2538 gestis
405 2504 442 2538 post
449 2500 545 2537 martyrium.
597 2498 603 2516 ²
613 2499 631 2529 Ε.
640 2507 675 2528 nos.
703 2533 704 2536 Ἰ
722 2497 728 2515 ³
738 2497 767 2528 Ta.

65 2537 182 2575 amigdalaruru.
223 2540 228 2557 ¹
240 2548 270 2568 om.
278 2540 294 2568 in
302 2539 320 2569 E.
360 2540 367 2557 ⁵
376 2539 404 2569 Ta.
412 2539 529 2570 conscientiam.
569 2537 575 2557 ⁸
585 2538 603 2569 E.
608 2539 636 2570 Ta.
644 2537 767 2570 coronationem.

64 2573 70 2595 ¹
81 2576 99 2608 E.
106 2578 204 2611 dissimilare.
244 2579 250 2596 ⁸
261 2579 280 2610 al.
288 2588 318 2611 om.
359 2578 366 2597 ¹
377 2578 397 2618 Q.
404 2578 462 2611 lacero.
