1762 2803
166 157 211 213 we
226 154 326 209 &aaut
342 153 467 207 tenuetur
483 152 627 208 contrusus.
704 165 745 210 331

47 278 106 312 insule
121 278 224 322 portionem
239 277 284 313 cede
299 275 421 320 incendioque
434 275 554 318 vastantibus,
569 274 633 319 regina
648 284 690 309 cum
705 272 748 309 filiis

47 332 65 364 in
75 331 206 364 Normanniam
214 330 325 374 transposita
334 335 368 364 est.
389 329 468 363 Vinebat
475 329 494 362 in
502 329 551 363 auita
562 328 617 362 domo
624 327 673 361 inter
680 337 749 371 pueros

48 392 99 426 puer,
107 383 194 415 immunis
201 386 264 416 tamen
272 392 283 415 a
292 381 341 415 vitiis
349 381 416 424 quibus
423 386 463 415 etas
471 381 502 415 illa
509 380 556 415 solet
563 379 659 424 implicari.
682 378 749 413 Castus

47 439 86 469 erat
92 445 173 479 corpore,
179 444 266 469 sermone
274 444 332 474 rame,
337 433 417 478 simplex
424 438 471 476 actu,
476 438 494 468 et
500 443 558 478 purus
566 432 637 468 affectu.
654 431 749 476 Frequen-

47 493 87 522 tare
100 487 196 522 ecclesiam
208 487 260 522 dulce
272 486 340 528 habuit,
350 486 433 522 crebrius
442 486 554 521 orationibus
565 485 678 528 incumbere,
691 484 767 525 sacriss

48 540 145 575 missarum
153 541 244 575 interesse
252 540 353 583 solemniis,
359 540 455 575 visitandis
463 540 580 576 monasteriis
588 550 663 584 operam
672 539 722 581 dare,
730 543 749 573 et

47 603 93 637 quos
101 593 203 628 sanctiores
209 594 283 634 sciebat,
289 592 324 628 sibi
332 593 433 627 monachos
440 592 459 627 in
467 592 565 627 amicitiam
573 593 666 638 copulare.
711 585 749 628 Se-

47 646 108 681 urebat
120 645 195 681 interim
207 646 279 690 gladius
292 646 364 681 hostilis
377 646 395 680 in
407 645 479 691 Anglia‚
491 646 566 681 cedibus
578 651 596 681 et
606 644 675 691 rapinis
687 645 749 679 omnia

47 700 179 742 replebantur:
197 700 265 743 vbique
288 699 353 741 luctus,
374 698 443 732 clamor
461 703 480 733 et
498 698 592 733 desolatio.
622 699 749 732 Incenduntur

47 750 130 793 ecclesie,
144 751 255 786 monasteria
268 751 392 793 demetantur,
406 752 512 786 sacerdotes
525 761 536 785 a
547 751 587 785 suis
599 752 674 785 sedibus
687 751 749 796 fugati,
760 762 778 784 ιο

47 803 67 836 in
81 802 126 837 locis
141 803 219 838 desertis
234 814 351 838 communem
368 803 461 838 miseriam
478 803 596 847 deplorantes
612 803 749 838 delitescebant.

50 856 101 891 Inter
115 867 161 900 quos
175 858 204 891 vir
218 856 330 891 venerabilis
349 856 473 891 Brithwaldus
488 855 635 891 Wintoniensis¹
650 855 749 901 episcopus

48 909 144 943 cenobium
165 909 294 943 Glastoniense
312 920 387 943 merens
406 919 427 942 ac
445 908 503 943 tristis
520 909 622 953 ingressus,
637 909 750 944 orationibus

47 962 123 995 vacabat
130 967 148 996 et
156 962 237 1005 psalmis.
261 962 296 1004 Qui
307 972 348 996 cum
359 961 457 1005 aliquando
468 971 502 1005 pro
513 961 567 1005 regni
578 961 674 1005 plebisque
685 961 750 995 libera·

47 1013 97 1047 tione
112 1025 178 1058 preces
194 1014 328 1059 lachrimasque
344 1014 469 1058 profunderet,
484 1013 537 1056 quasi
551 1013 571 1046 in
587 1014 621 1046 hec
636 1014 693 1047 verba
708 1024 750 1057 pro·
760 1022 778 1052 15

48 1078 136 1111 rumpens
150 1067 186 1102 ait:
198 1067 232 1101 ‘Et
245 1073 265 1102 tu
277 1067 351 1102 domine
362 1069 470 1111 vsquequol
492 1066 594 1111 Vsquequo
605 1065 674 1102 auertis
685 1065 750 1102 faciem

48 1126 103 1162 tuam,
119 1121 233 1155 obliuiscen's
248 1121 309 1165 inopie
324 1126 388 1155 nostre
402 1126 421 1155 et
435 1119 557 1155 tribulationis
573 1123 649 1155 nostre?
672 1120 751 1156 Sanctos

48 1178 89 1207 tuos
97 1173 208 1215 occiderunt,
220 1174 284 1208 altaria
295 1175 432 1216 destruxerunt,
442 1180 460 1208 et
471 1184 508 1208 non
519 1178 548 1208 est
558 1173 589 1217 qui
601 1174 679 1208 redimat
689 1184 751 1218 neque

48 1225 79 1268 qui
87 1225 158 1260 saluum
168 1226 227 1260 faciat.
250 1226 292 1261 Scio
301 1226 381 1269 domine,
392 1228 435 1269 scio,
447 1226 490 1270 quia
501 1225 564 1260 omnia
573 1236 610 1270 que
620 1225 679 1260 fecisti
691 1227 750 1268 nobis,

48 1278 67 1309 in
78 1287 122 1311 vero
135 1278 200 1311 iudicio
213 1278 282 1312 fecisti:
295 1279 333 1312 Sed
346 1279 429 1321 nunquid
442 1278 460 1311 in
474 1283 558 1311 eternum
570 1278 654 1321 proiiciet
667 1279 718 1321 deus,
731 1284 749 1313 et
759 1289 778 1310 πο

48 1339 85 1363 non
93 1336 173 1373 apponet
181 1336 200 1364 vt
208 1331 344 1374 complacitior²
351 1330 375 1364 sit
382 1330 453 1364 adhuc?
476 1330 545 1373 Eritne,
554 1330 628 1365 domine
636 1330 682 1365 deus
689 1340 750 1373 meus,

48 1381 107 1416 eritne
118 1382 161 1416 finis
173 1383 238 1417 horum
250 1383 366 1424 mirabilium,
380 1388 411 1417 aut
423 1384 441 1417 in
454 1388 539 1417 eternum
551 1388 594 1417 tuus
607 1382 626 1417 in
638 1393 673 1426 nos
686 1393 750 1417 mucro

48 1436 135 1478 deseuiet,
144 1441 162 1470 et
170 1437 262 1480 percuties
268 1447 326 1481 vsque
334 1438 357 1471 ad
365 1436 503 1470 internitionem
510 1437 526 1470 i'
543 1436 667 1481 interpretes
674 1438 749 1472 tandem

48 1492 66 1521 et
73 1487 171 1523 lachrimas
181 1488 274 1533 fatigatum
285 1499 342 1533 sopor
352 1489 415 1523 suauis
425 1489 508 1533 excepit;
519 1489 606 1534 videtque
615 1499 650 1533 per
657 1491 750 1524 somnium

48 1541 121 1574 beatum
130 1542 205 1575 Petrum
212 1543 231 1576 in
239 1542 356 1577 eminentiori
363 1541 403 1577 loco
411 1542 536 1583 constitutum,
544 1547 562 1577 et
570 1548 613 1576 ante
621 1553 663 1577 eum
672 1542 750 1588 preclari
760 1556 778 1587 ²5

48 1594 109 1627 vultus
124 1595 142 1627 in
156 1594 215 1629 forma
230 1596 307 1637 decenti,
322 1595 415 1638 regalibus
430 1595 515 1639 insigniis
530 1595 617 1630 amictum
633 1596 751 1632 Edwardum.

49 1644 109 1686 Quem
121 1656 163 1680 cum
174 1647 254 1691 propriis
267 1647 352 1681 manibus
365 1647 458 1692 apostolus
471 1653 598 1682 consecrasset
609 1653 627 1682 et
637 1649 722 1682 vnxissct
732 1647 751 1682 in

48 1708 117 1740 regem,
137 1701 205 1733 monita
221 1700 285 1734 salutis
300 1700 377 1735 adiecit:
396 1700 521 1744 precipueque
537 1699 615 1734 celibem
629 1700 686 1734 vitam
701 1712 751 1734 com-

48 1751 143 1792 mendans,
162 1757 206 1796 quot
224 1758 274 1787 esset
293 1753 347 1787 annis
369 1758 479 1797 regnaturus
501 1753 578 1797 aperuit.
609 1753 751 1798 obstupefactus

48 1804 112 1845 presul
127 1805 172 1839 tanti
190 1806 272 1840 miraculi
288 1805 374 1848 nouitate,
388 1806 434 1849 petit
449 1805 484 1839 sibi
499 1817 510 1840 a
525 1811 590 1840 sancto
605 1806 660 1840 huius
673 1807 751 1841 visionis
759 1820 779 1851 30

49 1854 150 1890 misterium
161 1858 255 1900 reuelari„
268 1858 295 1894 De
305 1864 353 1893 statu
365 1858 441 1902 insuper
453 1860 511 1902 regni,
519 1864 537 1893 et
545 1859 569 1893 de
576 1858 662 1893 instantis
674 1859 750 1904 periculi

49 1907 102 1949 fine³,
114 1911 234 1953 apostolicum
251 1911 312 1956 exegit
328 1912 427 1945 oraculum.
454 1911 506 1945 Tunc
521 1910 593 1955 placido
607 1912 658 1945 vultu
673 1912 751 1947 intuitus

48 1960 150 1996 intuentem
162 1974 182 1997 se
187 1964 199 2004 ⁴,
207 1964 254 1999 ait⁶2
269 1964 359 2005 ‘Domini
369 1964 444 2007 inquit⁰,
452 1976 463 1998 o
472 1963 541 2008 presul,
551 1969 579 1998 est
589 1975 673 2008 regnum,
681 1970 699 1999 et
709 1965 750 2009 ipse

49 2012 171 2049 dominabitur
181 2016 200 2049 in
214 2016 256 2051 filiis
268 2017 370 2050 hominurn.
393 2017 436 2060 Ipse
449 2017 536 2051 transfert
548 2028 605 2060 regna
617 2023 635 2050 et
647 2023 705 2050 mutat
717 2017 750 2050 im·

49 2065 105 2107 peria,
114 2072 132 2101 et
139 2073 217 2112 propter
224 2073 298 2113 peccata
308 2068 372 2114 populi
383 2078 461 2113 regnare
469 2068 511 2103 facit
522 2069 628 2114 ypocritam.
652 2069 750 2106 Peccatum
759 2082 778 2113 35

49 2119 132 2161 peccauit
145 2122 225 2167 populus
237 2127 279 2157 tuus
291 2123 371 2164 domino,
384 2127 403 2157 et
416 2122 490 2158 tradidit
502 2133 534 2157 eos
548 2122 567 2157 in
580 2133 647 2157 manus
662 2123 750 2167 gentium,

49 2175 67 2203 et
82 2173 169 2208 dominati
184 2180 227 2209 sunt
242 2187 306 2210 eorum
322 2176 353 2220 qui
368 2176 446 2210 oderunt
461 2186 499 2210 eos.
527 2175 565 2210 Sed
580 2186 617 2209 non
633 2176 752 2211 obliuiscetur

49 2223 132 2260 misereri
148 2227 199 2269 deus,
212 2239 247 2263 nec
262 2229 362 2263 continebit
374 2231 393 2263 in
405 2228 433 2262 ira
444 2239 478 2262 sua
490 2228 625 2263 misericordias
639 2239 687 2263 suas.
711 2229 751 2265 Erit

49 2276 104 2319 enim,
116 2290 157 2313 cum
168 2282 265 2317 dormieris
276 2293 318 2316 cum
328 2282 411 2327 patribus
422 2282 463 2325 tuis,
473 2282 553 2317 visitabit
565 2281 651 2316 dominus
661 2282 751 2326 populum

49 2338 108 2372 suum,
116 2337 134 2365 et
142 2333 196 2367 faciet
204 2335 290 2369 dominus
298 2335 445 2379 redemptionem
457 2335 517 2380 plebis
524 2345 563 2368 sue.
586 2335 646 2379 Eliget
654 2335 704 2369 enim
716 2336 751 2371 sibi
758 2347 780 2377 40

48 2380 107 2416 virum
119 2387 220 2421 secundum
231 2398 333 2430 corsuum,
345 2388 376 2432 qui
387 2387 450 2421 faciat⁷
463 2397 528 2422 omnes
539 2387 643 2422 voluntates
658 2398 707 2430 suas,
719 2389 751 2433 qui

48 2442 78 2467 me
90 2436 190 2479 opitulante
202 2450 280 2483 regnum
292 2441 370 2484 adeptus
381 2440 490 2484 Anglorum,
502 2440 567 2474 danico
578 2440 634 2474 furori
647 2441 705 2475 finem
716 2442 751 2476 im-

48 2493 109 2529 ponet.
129 2490 169 2527 Erit
177 2492 226 2527 enim
234 2500 320 2536 acceptus
327 2494 368 2535 deo,
376 2498 439 2537 gratus
447 2491 558 2536 hominibus,
566 2492 654 2528 terribilis
661 2494 752 2539 hostibus,

49 2553 228 2600 '¹r.Wiltonlensisf
283 2561 317 2593 1Τ.
326 2562 441 2601 complacidior.
497 2562 650 2601 ³T.linepe1iculi.
705 2565 753 2597 ¹om.

49 2596 131 2629 rnT.Tw.
193 2601 305 2632 ⁵om.inTw.
365 2602 411 2633 lom.
419 2603 435 2632 in
443 2602 459 2633 S.
519 2601 628 2634 'Tufaciet
