1762 2803
108 110 158 170 1ιιι
305 106 384 158 tutas
399 103 515 165 taurana
530 102 623 166 anulii.

114 225 217 260 sinentibus
236 226 333 269 aliquando
352 224 443 258 consolari
462 225 509 259 filios
527 235 576 267 suos,
592 229 611 258 tu
627 234 721 269 nunquam
737 226 817 269 expetita

115 278 201 323 suffragia
223 278 340 323 precantibus
360 277 449 321 impartiri
472 277 596 312 cessaueris¹z
619 278 662 312 Esto
682 289 726 323 ergo
745 280 816 322 amodo,

115 333 207 377 suppleu²
222 343 329 375 quesumus,
343 342 379 374 pro
393 331 462 374 populo
478 336 496 365 et
510 342 544 374 pro
560 330 633 365 ciuitate
650 331 685 365 ista
703 332 818 366 interuentor

116 386 206 426 assiduus
214 395 279 429 pacem
287 384 375 425 obtineas,
384 383 481 427 languores
492 394 551 425 cures,
561 384 655 428 nephandi
664 389 725 418 reatus
736 386 817 419 maculas

99 444 184 481 5tergas,
192 442 282 480 quatenus
292 438 366 470 tandem
378 441 438 469 tecum
449 437 468 468 in
480 436 553 469 beatam
565 437 660 470 translati³
668 437 751 480 requiem
763 437 817 471 huius

116 489 242 533 temporaliter
255 487 358 522 celebrate*
372 487 498 521 translationis
513 492 544 521 tue
558 487 637 522 fructum
652 488 671 521 in
686 489 745 522 eterni
760 489 818 532 patris

116 541 200 577 conuiuio
209 541 289 576 suauiter
297 541 421 584 degustemus.
443 540 472 574 Tu
481 547 541 574 autem
550 541 628 576 domine.
651 542 674 577 R.
681 542 735 576 Miles
743 546 761 576 et
769 543 818 577 alme

116 600 168 639 pater
177 595 209 637 (su
215 594 231 629 I.
242 593 299 637 Vesp.)
305 592 317 627 ⁵.

136 679 184 709 ¹513.
192 687 241 708 cessa
300 676 348 707 ἰΞΒ.
357 678 440 716 supplices.
506 677 628 710 ”Etranslari
691 678 725 710 ⁴E.
734 680 818 710 celebrare.

116 719 122 738 ⁵
130 719 177 750 After
184 720 211 749 the
219 719 304 757 Nocturns,
312 719 351 748 with
359 719 401 748 their
407 729 417 756 9
424 719 492 754 lessons‚
499 718 570 750 follows:

409 779 429 807 Iu
439 778 530 807 Laudibus:

117 830 156 860 Aut.
167 827 199 860 Hic
210 827 301 858 Osmundus
312 826 370 864 refugit
379 827 461 864 regnantis
471 827 553 863 honorem,

168 869 193 897 dei
204 869 260 897 domus
271 868 331 904 eligens
342 867 411 903 preferre
422 868 500 897 decorem.
522 867 549 898 Ps.
561 866 638 896 Dominus
649 868 727 905 regnauit.

117 909 157 939 Atat.
168 909 235 937 Sanctus
246 907 273 936 ille
284 907 344 936 stabilis
354 907 370 935 in
381 907 481 936 confessione

168 948 257 977 mercedem
268 946 354 984 promeruit
365 947 427 985 celestis
438 956 502 976 corone.
523 947 549 977 Ps.
561 947 631 978 lubilate

118 988 156 1017 Aut.
169 987 194 1016 Ob
205 988 253 1016 decus
263 986 330 1015 ecclesie
339 987 404 1015 multum
414 987 489 1023 uigilauit,

168 1027 214 1055 deum
225 1026 275 1054 solum
286 1025 341 1054 sitiens
350 1035 413 1054 carnem
423 1026 514 1054 macerauit.
534 1026 561 1053 Ps.
574 1026 618 1054 Deus
629 1026 672 1056 deus.

118 1066 156 1095 Ant.
168 1065 254 1095 Benedicta
265 1064 340 1092 Neustria
349 1065 381 1093 tale
391 1065 458 1093 fundens
469 1065 535 1094 donum:

169 1104 183 1134 O
194 1114 240 1142 quam
250 1103 288 1132 felix
298 1103 356 1142 Anglia
366 1104 408 1133 hune
418 1104 478 1133 habens
489 1108 575 1141 patronum.
597 1104 670 1141 Alleluya
680 1104 758 1142 Alleluya.

565 1144 591 1174 Ps.
603 1144 699 1174 Benedicite.

118 1185 155 1215 Aul.
167 1184 198 1222 Qui
209 1194 243 1213 cum
254 1183 313 1213 sanctis
323 1184 395 1213 omnibus
405 1193 463 1220 regnas
474 1193 515 1213 nunc
526 1184 613 1221 Osmunde,

168 1234 197 1263 pro
204 1225 250 1253 nobis
257 1224 337 1254 orantibus
345 1225 375 1253 deo
385 1233 441 1261 preces
451 1225 504 1253 funde.
518 1224 597 1261 Alleluya.
618 1224 645 1254 Ps.
656 1225 726 1254 Laudate
737 1225 821 1255 dominum.

120 1266 156 1303 Cap.
168 1265 209 1295 Ecce
219 1263 293 1293 sacerdos
303 1273 373 1302 magnus.
395 1264 470 1301 Hymnus
480 1264 517 1293 Iesu
528 1264 618 1302 redemptor
628 1264 702 1294 omnium.

548 1303 565 1331 V.
577 1304 629 1332 Iustus
640 1304 740 1340 germinabit.

119 1344 157 1373 Aut.
169 1343 265 1373 Prudentem
276 1351 339 1372 seruum
350 1347 366 1372 te
377 1346 439 1372 constat
449 1346 465 1372 et
476 1352 512 1372 esse
523 1342 595 1379 fidelem;

169 1393 215 1419 quern
226 1384 265 1411 deus
276 1382 292 1411 in
303 1384 365 1418 plebem
376 1382 441 1419 prefecit
451 1382 485 1410 iure
496 1383 592 1418 regendam

170 1426 207 1451 tunc
217 1422 269 1451 tritico
280 1422 324 1451 verbi
334 1430 392 1451 vacuas
402 1420 462 1450 animas
473 1421 537 1458 satiasti,

170 1472 212 1492 nunc
223 1462 303 1491 hominem
313 1467 363 1491 totum
373 1471 394 1490 ne
405 1470 458 1490 cesses
466 1462 533 1490 reddere
544 1470 603 1491 sanum.
625 1461 652 1492 Ps.
664 1461 764 1492 Benedictus.

121 1502 179 1532 Oratio.
190 1503 235 1531 Deus
242 1503 286 1531 cuius
293 1503 357 1539 antiqua
363 1502 441 1530 miracula.

407 1540 437 1570 Ad
445 1539 528 1570 Prriuaua:

120 1593 160 1623 Aut,
171 1591 203 1622 Hic
213 1591 308 1622 Osmundus.
320 1601 330 1622 1.
341 1590 359 1620 a'e
368 1590 454 1620 Laudibus.

413 1651 443 1679 Ad
454 1651 531 1680 Tamum:

120 1701 159 1731 Ant.
172 1700 239 1731 Sanctus
250 1701 285 1732 istc.
298 1710 315 1731 11.
326 1700 345 1731 da
354 1700 439 1731 Laudibus.
747 1719 749 1721 -

122 1742 158 1780 Cap.
171 1741 212 1771 Ecce
225 1742 300 1771 sacerdos
314 1750 386 1779 magnus,
400 1744 418 1770 ut
430 1744 484 1778 supra.
512 1740 562 1771 Caura
576 1741 629 1771 oarm'a
647 1739 664 1771 a‘e
678 1741 765 1771 Coumraui
777 1742 824 1771 unius

202 1781 292 1817 coaffessoris.

415 1819 445 1849 Ad
454 1820 529 1850 Sexfaru:

120 1870 159 1900 Aul.
172 1870 197 1898 Ob
207 1872 255 1899 decus
266 1871 336 1899 ecclesie.
348 1879 371 1899 111.
382 1870 400 1899 da
409 1870 493 1899 Laudibus.

122 1911 159 1949 Cap.
167 1910 216 1950 (Eecl.
223 1910 233 1940 l.
242 1910 264 1949 6).
275 1910 324 1947 Quasi
334 1911 380 1940 stella
390 1910 466 1940 matutina
476 1910 492 1939 in
501 1911 554 1939 medio
562 1911 624 1947 nebule,
633 1914 648 1939 et
659 1911 703 1947 quasi
710 1912 747 1940 luna
754 1911 801 1948 plena
808 1911 824 1939 in

75 1951 78 1954 '
202 1950 257 1979 diebus
264 1951 296 1979 suis
303 1950 350 1987 lucet,
358 1954 374 1979 et
381 1950 426 1987 quasi
433 1950 457 1978 sol
466 1949 546 1986 refulgens
554 1950 576 1979 sic
584 1950 610 1979 ille
618 1950 675 1980 effulsit
682 1950 698 1979 in
706 1951 765 1988 templo
772 1951 802 1980 dei.

416 2010 446 2039 Ad
454 2010 529 2039 Nouam:

121 2059 160 2088 Au
171 2058 202 2095 Qui
213 2067 248 2087 cum
258 2059 320 2088 sanctis.
332 2068 347 2088 v.
358 2059 376 2088 de
385 2059 471 2088 Laudrbus.

123 2099 160 2136 Cap.
169 2098 216 2138 (Eccl.
223 2098 233 2127 l.
242 2098 274 2135 asi.
286 2099 350 2128 lterauit
360 2099 446 2128 orationem
457 2109 501 2128 suam
511 2099 568 2128 volens
579 2099 664 2128 ostendere
675 2099 748 2128 virtutem
761 2100 786 2128 dei
799 2100 825 2136 qui

203 2138 240 2167 fecit
247 2138 327 2168 nobiscum
335 2139 420 2168 secundum
428 2139 551 2168 misericordiam
558 2148 607 2168 suam.

375 2199 405 2227 Ad
413 2199 486 2228 secandas
498 2199 578 2236 Vesparas:

123 2246 205 2325 Aludpllic
219 2246 315 2276 osmundus.
326 2257 336 2278 1.
348 2247 366 2277 dc
375 2248 461 2278 Laudibus.
484 2249 547 2278 Psalmi
551 2248 618 2284 filiales.
641 2248 676 2286 Cap.
689 2248 730 2278 Ecce
743 2251 825 2286 sacerdos,

124 2298 134 2317 ιι
148 2297 166 2315 su
178 2295 200 2314 ra.

143 2326 163 2356 R.
175 2325 261 2354 Confessor
272 2325 337 2362 Christi,
348 2329 426 2364 utsupra.
448 2326 524 2364 Hymnus
535 2326 571 2356 lesu
582 2327 678 2365 redemptor,
690 2327 706 2357 iu
718 2327 806 2359 conununt.

145 2366 162 2396 V.
174 2364 226 2394 Iustus
237 2365 333 2401 germinabit.

122 2405 161 2436 Aut.
174 2404 222 2434 Salne
232 2405 334 2435 celeberrime
344 2408 390 2442 pater
400 2404 497 2443 clericorum,

175 2445 257 2475 Osmunde
267 2446 370 2482 sanctissime,
381 2445 434 2476 lumen
445 2445 563 2477 confessorum:

174 2485 210 2515 dele
221 2486 251 2515 tuis
262 2485 334 2523 precibus
345 2490 436 2523 perpetrata
446 2486 492 2521 male.

174 2534 234 2555 memor
244 2526 260 2555 in
271 2526 355 2557 celestibus
365 2526 415 2557 nostri
425 2534 489 2566 semper
498 2525 537 2556 vale.
557 2526 584 2556 Ps.
596 2525 690 2565 blagnificat.

145 2566 198 2597 Oratio
206 2568 224 2596 ut
229 2570 282 2606 supra.
