1762 2803
135 198 178 242 130
325 187 404 240 uota
420 185 536 248 tratum
553 182 645 247 auctir.

133 308 150 344 ei
162 307 236 343 dimidia
247 313 299 353 parte
311 308 415 343 substancie
427 320 465 352 sue,
478 309 545 344 mansit
560 319 595 353 per
607 319 633 342 se.
662 307 703 342 Non
722 308 778 342 multo
794 311 835 352 post

134 361 241 405 (dormiens)
254 361 272 394 in
286 362 340 394 domo
356 371 389 394 sua
404 362 475 395 occisus
490 367 518 395 est
531 373 542 395 a
555 362 634 404 quodam
649 360 736 403 oderico),
748 361 778 403 qui
794 370 835 393 cum

133 425 191 448 uxore
203 425 236 448 sua
250 413 347 446 adulterari
364 413 438 447 solebat.
469 413 524 447 Cuius
543 424 610 457 corpus
629 413 672 447 dum
689 413 707 445 in
727 412 794 446 feretro
813 413 836 446 ad

133 467 246 511 sepulturam
260 470 367 510 portaretur,
379 466 431 499 multi
445 466 514 500 infirmi
529 469 569 501 eius
581 471 630 500 tactu
641 466 700 500 sanati
710 470 758 499 sunt.
781 465 836 499 Cum-

115 529 168 563 5que
179 520 213 552 hoc
224 519 272 552 illius
284 518 336 552 uxori
348 518 448 553 referretur
458 520 481 553 ab
494 520 559 553 ancilla
574 530 612 560 sua,
628 518 707 553 irridens
724 523 742 552 et
759 518 835 552 subsan-

132 583 179 606 nans
189 573 224 606 ait:
240 571 271 605 ‘Si
280 570 412 616 (Gengulphus,
423 572 494 616 inquit)
504 572 590 606 miracula
597 571 645 611 facit,
654 582 700 606 anus
709 571 768 615 (meus
778 571 835 615 cant)-

132 626 179 659 abit?
202 624 282 667 Moxque
299 625 322 657 ab
338 636 373 658 ano
390 635 424 658 suo
440 625 496 659 uellet
514 625 577 667 (nollet
593 631 656 668 turpes
672 624 735 667 sonos)
751 624 836 659 emittere

132 677 184 721 cepit.
215 677 268 719 Quod
283 676 300 711 ei
316 676 397 720 contilgit
413 676 463 711 omni
477 677 521 720 uita)
538 689 571 712 sua
581 682 646 721 postea
656 677 675 711 in
687 682 740 712 sexta
751 677 802 719 feria,
816 682 836 711 ut

132 729 223 773 (quotiens
238 729 257 763 in
272 730 344 773 eadem]
359 730 404 764 seria
420 729 439 764 in
455 741 491 774 qua
507 730 536 763 uir
552 731 591 765 eius
608 731 685 774 mar(tyr
703 730 786 773 effectus)
802 735 835 771 est,

104 791 123 814 ιο
131 783 203 825 aliquod
218 783 296 816 uerbum
311 783 334 816 ab
345 792 377 816 ore
388 782 491 826 proterhet,
503 783 580 825 tociens]
592 783 615 816 ab
631 793 666 817 ano
681 788 754 826 turpem
769 793 835 817 sonum

131 836 199 868 ederet.
230 835 271 868 Hec
289 834 417 869 Vincencius¹.
472 827 529 870 Circa
547 846 615 869 annum
632 835 701 869 domini
717 835 835 869 millesimum

131 887 252 922 centesimum
270 886 414 932 octuagesimum
435 887 512 922 tercium
534 893 592 922 mater
610 887 681 922 soldani
697 887 780 930 Ychonii,
799 899 835 932 que

131 952 184 975 soror
194 940 253 975 fuerat
264 940 335 975 comitis
347 940 409 975 Sancti
421 940 488 985 Egi(dii
504 940 529 984 et)
540 941 559 975 in
574 942 620 975 mari
632 946 684 985 rapta
695 945 713 975 et
726 940 745 975 in
758 951 835 975 uxorem

131 996 190 1038 ducta,
206 996 229 1029 ad
246 1000 329 1029 extrema
345 995 422 1029 ueniens
440 993 528 1029 reuelauit
544 994 582 1029 filio
598 996 646 1038 quod
663 1000 713 1029 esset
732 994 835 1037 christiana,

105 1056 123 1087 15
133 1048 238 1092 fugauitque
247 1049 296 1091 quod
306 1049 390 1082 crederet
401 1049 420 1081 in
431 1048 529 1090 Christum,
541 1054 559 1083 et
569 1048 618 1092 quod
628 1048 737 1082 christianos
748 1047 835 1092 diligeret.

132 1101 166 1134 Cui
177 1102 207 1134 ille
219 1102 267 1144 quod
278 1106 353 1144 propter
365 1111 473 1134 sarracenos
484 1101 518 1134 hoc
529 1101 589 1135 lacere
601 1111 638 1134 non
650 1102 725 1134 auderet
736 1101 835 1143 affirmans,

131 1159 190 1188 mater
201 1153 235 1189 ait:
256 1154 311 1188 ‘Cum
327 1159 398 1188 mortua
411 1153 468 1195 suero,
485 1153 540 1188 michi
555 1153 669 1200 sepulturam
684 1153 776 1188 excelsam
789 1154 835 1189 sicut

131 1206 240 1250 piramidem
248 1217 298 1250 para,
307 1206 332 1247 (et
342 1217 399 1249 super
409 1207 457 1249 eam)
469 1206 541 1249 signum
553 1206 617 1247 crucis,
626 1211 680 1240 noete
690 1211 752 1241 tamen
760 1211 836 1250 propter

131 1268 238 1292 sarracenos
251 1259 329 1292 colloca!
352 1259 393 1299 Quo
406 1258 458 1300 sacto,
468 1258 556 1301 indignati
568 1258 651 1291 saraceni
665 1258 767 1301 principem
781 1269 835 1292 suum

103 1321 123 1344 ιο
131 1310 213 1344 occidere
227 1310 345 1353 temptabant.
368 1309 493 1357 (Asc)endens
506 1315 567 1344 autem
577 1309 651 1353 quidam
663 1315 682 1343 ut
695 1320 767 1344 crucem
779 1311 835 1354 depo·

129 1369 187 1405 neret,
200 1362 302 1407 (corrluens
314 1361 409 1407 expirauit,
420 1362 473 1397 alteri
482 1362 532 1396 idem
541 1373 595 1397 casus
606 1362 692 1406 accildit).
715 1362 777 1397 Tertia
789 1374 834 1397 uero

130 1417 159 1450 die
168 1416 289 1450 conueniente
299 1416 414 1450 multitudine
423 1422 443 1450 ut
450 1421 508 1450 t'otum
517 1417 625 1458 dirruerent,
633 1416 685 1449 multi
693 1416 835 1451 choruscacione

130 1475 148 1503 et
158 1470 237 1514 fulgulre
249 1470 347 1514 perierunt.
369 1469 421 1502 Tunc
433 1470 491 1503 fertur
502 1469 610 1513 apparuisse
621 1469 705 1513 an(gelus
717 1469 742 1513 et)
756 1469 835 1504 clarissi-

130 1533 180 1556 mum
189 1523 262 1567 signum
270 1522 328 1556 crucis
336 1533 392 1565 super
415 1547 419 1556 .
441 1547 446 1556 .
469 1548 473 1556 .
495 1547 500 1555 .
522 1523 607 1565 posuisse
629 1546 796 1556 .......
797 1522 822 1566 ll.

216 1618 231 1655 ll
244 1610 278 1652 Da
289 1627 359 1652 sancro
372 1609 477 1651 Borucrno
488 1627 561 1650 ausura
573 1627 596 1650 ar
607 1616 741 1651 conrrssonal.

104 1678 122 1707 ²5
170 1675 261 1717 Ntequam
274 1675 294 1707 in
307 1674 400 1707 Britannia
412 1671 510 1707 christiana
523 1675 587 1718 religio
600 1675 710 1716 dilataretur,
723 1676 834 1710 venerabilis

191 1727 227 1760 vite
242 1731 305 1770 patres
321 1726 422 1770 Botulphus
438 1731 457 1760 et
472 1726 570 1769 Adulphus
588 1726 679 1761 nobilibus
695 1727 730 1761 orti
746 1728 835 1762 natalibus

129 1790 218 1823 germana
233 1779 327 1813 natiuitate
345 1784 364 1813 et
380 1779 468 1813 charitate
487 1779 572 1821 deuincti,
591 1780 657 1814 studiis
675 1790 719 1813 mox
737 1780 835 1815 iniciantur

130 1832 233 1865 celestibus.
262 1832 304 1864 Nati
321 1836 364 1865 sunt
381 1831 431 1865 enim
448 1833 471 1865 de
487 1833 574 1865 saxonica
592 1837 652 1875 gente,
668 1843 704 1876 que
722 1832 834 1867 Britanniam

130 1885 194 1919 bellica
205 1884 315 1928 adquisierat
326 1883 392 1919 virtute
408 1888 426 1918 et
440 1885 496 1919 fidem
507 1884 606 1919 christiane
617 1885 710 1930 religionis
725 1896 760 1929 per
775 1887 835 1921 dluer-

103 1949 122 1978 30
130 1948 160 1971 sos
173 1939 256 1971 doctores
270 1937 374 1980 didicerat⁴‚
390 1938 423 1971 sed
438 1938 497 1971 adhuc
512 1937 580 1981 rudis⁵‚
592 1938 724 1982 perfectionem
739 1939 834 1974 celestium

129 1992 280 2025 documentorum
292 1995 310 2023 et
321 1989 390 2024 altioris
401 1991 438 2025 vite
453 2001 490 2024 non
505 1990 606 2034 attigeratl.
636 1991 714 2026 Soboles
730 2002 774 2036 ergo
791 2003 835 2027 suas

129 2044 196 2088 quique
207 2044 279 2077 nobiles
290 2044 313 2077 ad
324 2045 417 2087 antiquam
429 2043 492 2087 stirpis
504 2054 537 2078 sue
549 2044 627 2088 patriam
639 2045 718 2089 dirigunt
729 2044 834 2088 Saxoniam,

128 2102 148 2132 vt
159 2102 222 2131 sancte
233 2096 277 2130 fidei
288 2097 370 2140 gloriam,
382 2097 563 2141 conuersationisque
575 2102 638 2131 sancte
650 2098 764 2142 disciplinam
774 2099 834 2134 addis·

129 2155 197 2184 cerent.
221 2150 250 2183 Ob
261 2150 296 2183 hoc
307 2149 368 2194 itaque
380 2155 442 2193 patres
453 2149 530 2194 predicti
542 2161 593 2184 mare
602 2155 719 2185 transeuntes
730 2157 834 2185 sanctorum

102 2213 120 2244 3⁵
129 2204 205 2237 cenobia
223 2202 323 2246 requirunt,
336 2207 424 2246 expetunt
440 2202 534 2246 colloquia,
545 2203 649 2247 percipiunt
665 2204 779 2238 documenta.
807 2204 834 2238 lbi

129 2267 173 2299 ergo
192 2254 351 2289 monasterialibus
369 2254 434 2288 imbuti
456 2255 529 2299 regulis,
548 2260 566 2289 et
590 2255 665 2290 arcioris
683 2256 720 2290 vite
743 2256 834 2291 informati

129 2308 233 2353 disciplinis,
246 2307 328 2342 habitum
339 2308 416 2342 induunt
427 2308 559 2351 monachalem,
571 2314 589 2343 et
601 2319 638 2342 non
650 2309 709 2343 solum
722 2309 789 2352 doceri,
801 2311 834 2344 sed

129 2373 153 2396 ex
171 2362 229 2404 gratia
244 2362 274 2394 dei
289 2362 337 2394 inter
352 2361 470 2403 perfectiores
487 2366 597 2404 potestatem
615 2362 677 2405 adepti
693 2366 735 2395 sunt
751 2364 834 2397 docendi.

148 2419 153 2436 ¹
163 2419 208 2448 Vinc.
216 2418 255 2447 Bell.
263 2418 290 2455 Sp.
298 2418 319 2447 H.
327 2419 389 2447 XXIII.
398 2427 431 2456 159.

148 2458 154 2476 ²
164 2459 225 2488 Colleet
232 2462 248 2487 at
255 2459 282 2487 the
289 2458 349 2488 bottom
357 2458 375 2487 ol
380 2458 413 2487 MS.
421 2458 455 2489 Tib.
462 2469 465 2489 :

130 2520 134 2527 .
145 2521 149 2528 .
160 2520 164 2528 .
176 2521 179 2527 .
190 2503 207 2527 ut
213 2499 275 2527 beatum
282 2498 381 2528 Bonifacium
388 2508 435 2535 quem
446 2519 544 2529 .......
555 2508 590 2528 esse
598 2497 691 2528 concessisti
698 2502 715 2528 et
722 2508 755 2529 mar
765 2522 833 2531 .....

129 2547 159 2567 nos
166 2537 213 2567 facias
220 2538 278 2567 habere
285 2538 346 2576 perhen
359 2559 531 2569 ............
544 2538 586 2568 orcia
593 2547 622 2567 sue
631 2537 732 2567 beatitudinis
739 2539 786 2576 pium.
798 2562 802 2570 .
814 2562 818 2570 .
829 2562 833 2571 .

129 2578 135 2594 ³
146 2578 227 2614 Compiled
237 2578 276 2607 from
287 2579 315 2607 the
320 2579 357 2607 Vita
367 2579 389 2615 by
396 2578 462 2608 Foleard
470 2579 487 2607 ol
492 2579 569 2615 Thorney
576 2579 593 2606 in
600 2578 680 2615 Mabilton,
688 2579 707 2609 Α.
715 2579 746 2609 SS.
754 2581 794 2610 Ben.
802 2580 833 2616 Ill,

131 2627 158 2653 1-7
166 2618 196 2646 and
203 2617 219 2645 in
226 2617 262 2647 Act.
270 2617 299 2648 SS.
308 2618 348 2649 Boll.
358 2618 398 2648 que
405 2618 432 2657 lv,
440 2628 456 2656 p.
464 2628 498 2655 327·
551 2617 557 2635 ⁴
568 2617 586 2648 E.
594 2617 685 2650 didicerant.
737 2618 743 2636 ⁵
753 2619 771 2650 E.
780 2620 833 2650 rudes.

128 2657 134 2675 ⁵
144 2656 162 2687 E.
169 2656 258 2694 attigerant.
