1762 2803
116 122 159 189 768
233 200 234 203 Ἴ
359 129 498 191 ‘annuunt
515 132 561 177 nr.

68 271 70 275 Δ
113 254 179 298 pinxit3
192 254 262 298 quando
273 253 330 293 etiam,
339 254 373 296 ubi,
381 265 438 297 quare,
446 260 463 287 et
474 255 547 297 qualiter
557 253 623 288 facinus
635 253 675 288 illud
687 253 747 297 exequi
758 254 818 287 decre·

114 306 168 339 uisset
176 305 264 349 expressit.
287 306 317 338 llle
328 311 386 338 autem
397 306 523 347 deprehensum
534 316 553 339 se
565 305 648 344 senciens,
656 311 673 338 et
683 304 738 338 uirum
748 304 775 337 dei
786 305 819 337 hec

115 355 173 388 omnia
185 355 285 397 prophetico
299 355 359 397 spiritu
372 355 474 397 cognouisse
488 355 588 397 intelligens,
601 354 710 388 inestimabili
725 353 819 396 penitentia

115 406 176 439 ductus
184 405 257 448 pedibus
267 405 303 439 eius
311 403 397 438 humiliter
405 414 423 438 se
431 405 521 447 prouoluit,
527 416 548 439 ac
558 404 626 439 ueniam
634 403 745 438 deuotissime
752 409 819 446 petens,

98 462 106 492 5
115 465 154 489 eam
165 455 214 489 facile
224 460 306 488 consueta
315 460 332 488 et
343 455 420 497 ingenita
430 455 510 489 Guthlaci
521 454 626 497 benignitate
637 454 716 497 optinuit.
738 456 762 488 Et
771 453 819 488 cuius

115 506 209 548 appetierat
216 511 295 547 mortem,
303 506 360 549 ipsum
370 511 431 549 postea
438 506 536 550 frequenter
546 507 605 540 habuit
615 506 632 539 in
643 506 678 539 suis
688 505 819 541 necessitatibus

114 557 215 590 adiutorem.

147 660 179 692 DE
190 667 286 693 MOLESTIA
297 667 398 694 DEMONUM
409 668 431 694 IN
442 667 508 694 SPECIE
519 667 630 693 ursmarum
641 666 787 693 APPARENTIUM.

160 731 182 764 Vi
190 731 256 765 tociens
264 737 281 765 et
289 736 324 764 tam
328 730 401 772 gloriose
408 731 542 772 triumphauerat
549 730 571 764 de
579 730 657 764 hostibus
665 729 706 771 suis,
714 730 820 773 aliquantula

182 791 225 825 pace
233 791 273 815 usus
282 786 313 815 est.
328 781 363 815 Sed
371 781 419 815 ‘ecce
427 780 445 815 in
453 791 495 824 pace
503 780 599 814 amaritudo
605 780 641 814 eius
649 780 728 815 amara':
737 781 820 815 Versucia

89 843 108 865 10
116 833 162 866 enim
170 832 242 865 sathane
250 831 279 863 diu
291 831 397 864 sabbatizare
406 842 441 864 non
452 831 505 865 nouit.
527 832 608 873 Quadam
618 832 676 874 itaque
685 837 739 865 nocte
747 842 786 865 cum
794 831 820 865 uir

117 883 144 915 dei
152 882 214 923 uigiliis
222 887 238 914 et
247 880 351 915 orationibus
359 882 443 914 deuocius
453 881 552 915 incubaret:
564 887 600 914 tota
608 881 663 914 insula
671 882 746 922 tremuit,
753 881 820 915 infinita

115 931 179 965 etenim
187 932 280 963 demonum
288 930 378 962 multitudo
384 930 465 963 mutuatis
470 931 558 964 brutorum
563 930 661 963 animalium
666 931 726 963 formis
731 931 787 964 locum
794 931 820 964 in·

115 981 172 1022 tradit,
180 987 197 1014 et
205 979 285 1013 intrando
293 979 425 1024 circumquaque
433 981 525 1014 concussit.
541 980 683 1023 Ingrediebantur
690 981 742 1023 igitur
749 982 820 1016 domurn

115 1031 195 1064 vniuerse
206 1030 259 1063 facies
270 1031 376 1064 bestiarum:
387 1032 414 1065 leo
424 1031 499 1073 rugiens,
507 1037 566 1065 taurus
577 1031 661 1072 mugiens,
673 1041 722 1064 ursus
732 1032 819 1073 frendens,

31 1106 37 1111 ,
89 1091 96 1112 r
99 1092 107 1123 5
116 1092 157 1124 aper
165 1080 262 1123 grunniens,
268 1081 317 1122 lupus
325 1082 397 1123 ululans,
405 1092 459 1124 equus
466 1080 550 1123 hinniens,
558 1081 602 1115 aries
609 1081 676 1122 balans,
684 1081 743 1115 asinus
751 1082 820 1123 rudens,

115 1132 186 1165 coluber
193 1131 269 1171 sibilans,
274 1132 407 1173 vnumquodque
411 1132 475 1164 animal
481 1131 527 1164 iuxta
533 1137 593 1164 nature
600 1142 630 1164 sue
635 1131 733 1164 facultatem
739 1133 820 1165 dentibus

116 1181 153 1214 siue
165 1180 238 1222 pedibus
250 1186 279 1214 aut
291 1180 370 1213 cornibus
383 1180 439 1214 minas
452 1188 482 1214 aut
495 1187 567 1214 terrores
580 1180 679 1214 immittens.
702 1183 767 1215 Beatus
778 1192 820 1215 uero

116 1231 212 1274 Guthlacus
223 1230 303 1264 inuocato
318 1231 382 1264 Christi
396 1231 472 1274 nomine,
487 1237 505 1265 et
519 1231 564 1265 facto
577 1231 632 1265 erucis
644 1230 694 1274 signo
706 1242 724 1266 se
735 1232 821 1277 muniens,

117 1283 162 1316 ‘Cur
169 1293 203 1325 me,
215 1281 274 1325 inquit,
284 1287 363 1325 temptas,
371 1283 456 1316 sathana?
483 1283 569 1317 Dominus
579 1282 632 1316 michi
640 1282 709 1317 adiutor
716 1288 747 1324 est,
759 1288 776 1317 et
787 1293 820 1325 ego

90 1344 109 1367 20
117 1333 211 1375 despiciam
223 1332 301 1365 inimicos
313 1344 366 1366 meos.
393 1333 470 1367 Heccine
482 1340 509 1366 est
522 1333 615 1366 similitudo
627 1332 711 1374 altissimi,
723 1343 775 1375 quam
788 1333 820 1367 tibi

117 1382 157 1416 olim
170 1392 252 1424 usurpare
263 1392 315 1415 ausus
327 1392 346 1415 es
359 1383 377 1415 in
389 1382 455 1416 deliciis
467 1382 560 1425 paradysi?
583 1382 617 1423 Qui
630 1388 670 1416 tunc
680 1382 754 1416 sormam
765 1382 792 1416 dei
803 1387 821 1416 et

117 1432 246 1466 similitudinem
262 1432 379 1474 presumebas,
397 1442 443 1466 nunc
459 1432 515 1465 uiliter
533 1438 550 1466 et
566 1432 699 1474 dampnabiliter
713 1431 730 1465 in
745 1432 820 1474 effigiem

116 1484 206 1516 brutorum
222 1487 273 1523 atque
293 1481 414 1515 inmundorum
432 1482 531 1515 animalium
547 1482 659 1516 transformas
674 1484 704 1515 tei
734 1484 821 1526 Pauperes

118 1532 182 1567 Christi
197 1531 273 1574 dampno
289 1537 319 1565 tuo
334 1533 450 1575 persequeris:
466 1532 506 1576 quia
521 1539 585 1575 quanto
601 1533 669 1575 grauius
685 1544 737 1576 supra
750 1533 821 1567 dorsum

91 1596 110 1626 ²5
118 1593 177 1617 eorum
184 1582 299 1621 fabricaueris,
307 1588 355 1615 tanto
367 1583 449 1615 uberioris
460 1583 513 1623 glorie
524 1593 596 1616 coronas
607 1583 632 1615 eis
644 1583 661 1615 in
673 1589 720 1615 tuam
728 1583 821 1624 perniciem

117 1632 215 1666 fabricabis.
238 1631 276 1665 Erit
284 1630 320 1665 dies
328 1632 398 1673 quando
406 1632 475 1666 stabunt
486 1632 525 1666 iusti
533 1632 551 1665 in
558 1642 623 1674 magna
631 1632 730 1666 constancia
738 1632 821 1666 aduersus

118 1689 135 1718 te
143 1688 160 1717 et
171 1681 261 1723 complices
272 1687 316 1723 tuos,
327 1682 409 1715 aduersus
421 1693 450 1715 eos
460 1681 488 1725 qui
500 1693 519 1715 se
529 1682 681 1725 angustiauerunt;
693 1682 725 1725 ipsi
738 1683 821 1717 demones

118 1734 222 1767 iudicabunt.
245 1732 313 1764 Scimus
323 1732 369 1765 enim
377 1732 415 1774 quis
424 1732 495 1766 dixerit:
512 1731 556 1766 “An
566 1732 636 1767 nescitis
647 1733 687 1775 quia
695 1734 765 1774 angelos
777 1732 821 1766 iudi-

118 1782 221 1818 cabimus?”
253 1782 274 1815 ln
292 1792 418 1826 quamcumque
434 1783 509 1826 speeiem
526 1788 543 1817 te
560 1782 661 1825 prestigiose
678 1783 789 1817 transformes
804 1789 821 1818 et

91 1846 111 1876 30
118 1835 207 1875 defunnes,
216 1838 271 1866 certus
282 1842 320 1865 sum
332 1833 372 1875 quia
382 1843 439 1876 neque
449 1844 496 1866 mors
507 1844 562 1876 neque
573 1834 640 1875 gladius
648 1844 703 1875 neque
714 1834 754 1874 uita,
765 1844 822 1875 neque

118 1884 176 1925 angeli
188 1892 243 1924 neque
256 1887 350 1923 potestates
363 1892 419 1924 neque
433 1882 542 1925 principatus,
555 1893 611 1925 neque
625 1883 697 1915 altitudo
712 1893 767 1925 neque
782 1892 822 1925 pro·

118 1934 195 1974 fundum,
203 1942 258 1974 neque
269 1931 353 1965 instancia
363 1942 419 1975 neque
430 1933 492 1973 futura,
500 1943 556 1975 neque
566 1939 644 1966 creatura
653 1933 716 1975 aliqua,
724 1932 786 1974 poterit
793 1943 822 1966 me

119 1993 199 2026 separare
210 1992 220 2016 a
232 1981 302 2016 caritate
313 1981 347 2024 dei,
355 1993 387 2025 que
395 1988 421 2017 est
431 1983 449 2016 in
459 1983 528 2017 Christo
540 1984 589 2017 lesu!
611 1984 634 2017 Et
645 1983 677 2017 hiis
686 1983 741 2025 dictis,
749 1990 785 2017 tota
792 1982 822 2016 illa

118 2034 213 2069 bestiarum
220 2032 294 2066 fantasia
301 2032 390 2075 disparuit.

149 2140 180 2172 DE
190 2146 266 2173 CEDULA
278 2145 333 2176 QUAM
345 2146 421 2172 CORUUS
433 2146 454 2171 IN
466 2146 586 2172 HARUNDINE
597 2146 672 2172 DIMISIT
683 2146 790 2173 APPENSAM.

93 2220 112 2253 35
164 2210 227 2243 Vidam
235 2210 286 2243 frater
293 2215 363 2243 uenerat
371 2209 394 2243 ad
401 2208 488 2243 hominem
496 2209 523 2243 dei
531 2215 550 2243 ut
558 2209 594 2243 eius
602 2208 720 2244 exhortatione
727 2210 823 2251 proficeret,

128 2296 134 2302 ,
186 2268 238 2301 seque
252 2258 270 2292 in
283 2259 346 2293 Christi
361 2259 419 2301 gracia
433 2259 522 2303 perbeati
539 2259 619 2294 Guthlaci
634 2259 696 2294 merita
709 2261 823 2294 continuaret.

121 2311 148 2344 Illi
163 2321 204 2352 ergo
219 2309 304 2342 mansioni
319 2309 356 2341 dies
370 2310 434 2351 aliquot
449 2310 546 2350 indulgens,
558 2310 633 2351 quedam
644 2316 710 2342 secreta
727 2311 744 2342 in
759 2310 824 2343 cartula

121 2361 217 2404 scripserat,
231 2364 329 2401 cartamque
341 2359 408 2401 plenius
423 2365 510 2392 exaratam
526 2358 562 2393 sine
575 2359 646 2392 custode
661 2359 753 2393 dimiserat.
780 2360 824 2392 Erat

122 2416 180 2444 aurern
187 2410 274 2451 ingressus
283 2407 406 2441 monasterium
416 2415 435 2441 ut
442 2415 509 2442 oraret:
522 2419 543 2441 ac
551 2408 650 2450 respiciens,
658 2420 729 2442 coruum
740 2408 825 2452 conspicit

82 2472 83 2476 ¹
93 2472 114 2504 40
122 2461 205 2495 cartulam
213 2470 262 2493 suam
270 2460 379 2500 deferentem,
388 2469 408 2492 ac
416 2469 475 2492 uersus
483 2459 568 2501 palustres
576 2459 632 2501 stagni
640 2459 715 2502 gurgites
723 2460 825 2493 auolantem.

122 2512 238 2548 Vehementer
247 2511 324 2544 turbatus
336 2515 362 2544 est
378 2509 429 2543 homo
443 2509 481 2544 ille:
499 2509 530 2544 sed
544 2510 644 2551 Guthlacus,
656 2509 774 2544 turbacionem
789 2508 825 2543 eius

123 2562 184 2604 spiritu
194 2567 255 2596 sancto
266 2561 354 2596 reuelante
364 2560 470 2603 presagiens,
480 2565 498 2594 et
509 2561 605 2594 accedens:
617 2561 676 2603 ‘Noli‚
686 2560 747 2604 inquit,
755 2559 828 2599 turbari„
