1762 2803
74 107 120 162 tlt
135 102 236 156 &uncto
252 99 394 159 udelberto
409 102 467 163 tout
482 103 506 152 ct
522 100 663 154 confortato.
695 114 741 157 409

40 226 132 274 plasmasti
149 236 185 266 me,
203 224 292 258 miserere
308 222 370 256 mei.¹'’
399 222 446 257 Cum
465 233 509 266 ergo
527 222 586 256 tribus
605 223 658 256 annis
676 221 741 256 suisset

39 282 115 320 inclusa,
123 278 215 313 condoluit
223 277 280 311 abbas
289 275 385 318 Panucius,
393 281 411 309 et
420 275 513 319 profectus
523 276 581 310 estad
589 275 674 309 abbatem
683 275 741 309 Anto-

39 336 94 374 nium,
107 338 127 366 ut
139 332 162 364 ab
175 342 198 364 eo
211 330 313 373 requireret
326 329 341 362 si
354 329 455 363 remisisset
468 329 493 362 illi
508 329 555 363 deus
569 334 645 372 peccata
656 338 694 362 sua.
718 327 741 362 Et

39 391 111 422 narrata
124 393 183 424 causa,
196 387 270 417 sanctus
284 381 376 415 Antonius
387 382 471 425 precepit
482 381 576 425 discipulis
589 381 627 415 suis
642 381 672 414 illa
687 386 741 415 nocte

40 437 151 473 orationibus
159 435 251 476 insistere,
259 435 344 478 quatinus
351 434 404 468 alicui
415 435 515 468 declararet
523 435 569 468 deus
577 444 651 468 causam
661 444 695 477 pro
705 444 741 478 qua
749 444 758 473 5

40 493 95 528 abbas
107 494 188 524 uenerat.
212 488 235 522 Et
247 499 290 522 ecce
302 487 375 530 Paulus,
388 488 446 522 maior
459 487 559 532 discipulus
571 487 652 529 Antonii,
664 485 709 521 uidit
722 487 740 521 in

40 545 78 580 celo
86 544 153 578 lectum
160 542 249 585 preciosis
256 541 339 576 uestibus
346 547 437 583 ornatum,
443 552 498 585 quem
506 547 544 575 tres
552 541 633 584 uirgines
641 541 689 575 clara
695 540 740 575 facie

40 597 170 634 custodiebant.
193 595 277 639 Cumque
287 594 354 629 Paulus
364 594 451 639 cogitaret
464 594 540 639 gratiam
553 594 602 629 illam
616 599 684 629 tantam
698 605 741 629 esse

40 651 120 691 Antonii,
127 660 164 683 uox
172 649 233 682 diuina
241 649 348 692 respondit:
361 649 412 682 ‘Non
420 654 448 682 est
456 648 513 692 patris
521 650 546 682 tui
554 649 636 690 Antonii,
644 654 672 682 set
680 648 740 682 Taisis

40 702 151 737 meretricis.y
168 700 220 742 Quod
229 711 270 734 cum
278 711 333 734 mane
341 700 397 734 abbas
405 700 473 734 Paulus
481 700 578 741 retulisset,
584 700 641 734 abbas
649 700 741 734 Panucius
751 712 769 733 ιο

41 766 81 790 cum
89 755 155 799 gaudio
166 754 262 788 discessit:
274 759 292 787 et
302 753 382 787 hostium
393 753 438 787 celle
448 754 548 797 dissipauit.
571 753 604 786 Illa
614 765 659 787 uero
670 753 740 796 rogauit

41 814 59 843 ut
69 808 128 842 adhuc
136 812 219 841 maneret
226 807 301 840 inclusa.
330 806 354 840 Et
361 807 391 840 ille
399 818 403 840 :
416 806 527 851 ‘Egredere,
535 806 621 851 quoniam
630 806 701 840 remisit
708 807 740 841 tibi

41 863 85 895 deus
95 865 170 905 peccata
180 862 220 894 tua!
243 859 276 893 Illa
285 860 320 894 ait:
332 859 409 894 ‘Testor
416 859 471 894 deum
481 859 524 903 quia
533 871 556 893 ex
568 870 604 903 quo
614 860 649 893 huc
657 860 741 903 ingressa

41 924 86 954 sum,
98 925 121 947 ex
133 912 217 947 omnibus
228 913 308 956 peccatis
320 912 367 947 meis
381 913 415 946 feci
429 914 478 946 uelut
491 913 587 954 sarcinam,
599 917 616 945 et
631 913 686 946 statui
699 918 741 947 ante
802 919 803 922 ’

42 966 102 1005 oculos
110 976 167 1006 meos,
175 971 193 999 et
201 965 247 999 sicut
255 976 292 999 non
302 966 379 999 discedit
389 964 480 998 hanelitus
491 965 514 998 de
524 965 600 998 naribus
607 966 659 1006 meis,
667 965 694 998 sic
704 976 741 999 non
751 978 769 1009 ¹5

41 1017 163 1051 discesserunt
177 1021 252 1061 peccata
267 1027 308 1050 mea
323 1016 346 1050 ab
361 1015 418 1050 oculis
433 1015 485 1058 meis,
497 1021 526 1049 set
541 1015 608 1049 flebam
623 1025 698 1059 semper
711 1016 741 1049 illa

41 1068 169 1103 considerans!
192 1068 226 1103 Cui
237 1068 305 1103 abbas:
322 1068 374 1103 ‘Non
385 1073 462 1113 propter
473 1068 595 1112 penitenciam
607 1072 657 1103 tuam
671 1068 742 1103 remisit

41 1121 71 1155 tibi
87 1122 132 1155 deus
151 1127 225 1165 peccata
240 1127 276 1164 tua,
291 1127 319 1155 set
334 1123 376 1165 quia
391 1121 439 1155 hunc
454 1122 538 1155 timorem
553 1131 628 1164 semper
642 1122 661 1155 in
680 1121 741 1156 animo

41 1174 129 1209 habuisti.r
156 1174 179 1207 Et
191 1185 232 1208 cum
245 1175 288 1209 inde
300 1174 349 1208 illam
362 1174 462 1217 eduxisset,
477 1174 581 1218 quindecim
597 1174 662 1208 diebus
677 1184 740 1219 super-

41 1226 90 1268 uixit,
98 1232 116 1260 et
124 1227 142 1260 in
150 1236 196 1270 pace
204 1227 283 1260 animam
291 1228 326 1260 deo
333 1227 425 1269 reddidit]
750 1241 769 1261 zo

142 1330 176 1372 Du
187 1348 257 1373 sxxcro
270 1330 399 1373 Ernruurxro
411 1348 459 1373 uror
470 1348 494 1373 ar
504 1348 621 1373 coxrrssoxr
628 1337 639 1373 ¹.

45 1403 190 1480 EThelbertus
203 1410 264 1438 autem
275 1416 309 1439 rex
321 1406 356 1438 deo
368 1405 456 1447 amabilis,
464 1405 528 1438 tertius
540 1410 580 1438 erat
591 1415 655 1448 regum
667 1404 740 1445 Cancie,

103 1458 136 1491 sed
155 1457 226 1501 primus
244 1458 296 1502 regni
315 1458 396 1493 celorum
415 1468 508 1493 ascensor.
531 1456 621 1501 Quicquid
637 1456 740 1501 Anglorum

41 1510 133 1551 apostolus
144 1510 259 1555 Augustinus
271 1511 391 1556 discipulique
403 1512 431 1545 sui
443 1511 544 1555 euangelici
555 1510 574 1544 in
586 1510 640 1545 vinea
652 1516 669 1544 et
680 1521 741 1545 messe

42 1561 109 1596 domini
122 1563 246 1606 profecerunt,
257 1565 308 1598 salua
321 1565 437 1608 preuentrice
450 1563 518 1598 Christi
531 1564 595 1607 gratia,
606 1564 648 1598 huic
659 1564 741 1598 debetur.

42 1612 133 1653 Quantum
148 1615 197 1649 enirn
212 1616 231 1649 in
247 1616 332 1649 humanis
348 1618 403 1650 rebus
418 1622 452 1658 est,
468 1617 503 1649 nisi
518 1616 548 1650 ille
564 1616 691 1656 concessisset,
707 1616 742 1650 nisi
751 1628 769 1657 25

42 1665 112 1701 diuinos
131 1668 225 1711 operarios
244 1668 359 1711 adiuuisset²,
372 1668 434 1703 nullus
452 1668 516 1710 cultus,
529 1668 590 1701 nullus
609 1668 679 1702 fructus
697 1679 742 1702 vere

42 1718 103 1754 salutis
109 1720 212 1764 Anglorum
220 1726 268 1755 terre
274 1721 396 1765 prouenisset.
411 1721 496 1765 Suscepit
504 1721 523 1754 in
531 1720 596 1765 legatis
604 1721 643 1755 suis
649 1721 742 1756 Christum

42 1771 100 1807 adhuc
107 1774 223 1816 incredulus;
235 1773 315 1809 laudauit
325 1779 389 1809 eterne
400 1774 491 1809 felicitatis
501 1774 592 1815 nuncium,
601 1775 629 1808 cui
638 1774 742 1817 diffidebat;

42 1824 113 1869 collegit
128 1828 193 1861 anxios
208 1828 289 1861 aduenas
304 1828 323 1861 in
336 1829 381 1861 vrbe
396 1838 429 1861 sua
443 1827 563 1867 Dorobernia,
576 1838 622 1870 quos
637 1828 741 1869 nesciebat;

42 1876 90 1911 dedit
98 1880 123 1913 ibi
131 1891 172 1914 cum
179 1881 217 1915 vite
225 1880 334 1915 necessariis
342 1880 457 1915 mansionem
465 1880 592 1924 temporalem,
600 1879 667 1914 deinde
674 1891 741 1924 peren·
749 1894 770 1924 30

42 1939 89 1972 nem,
96 1932 131 1967 hiis
137 1943 215 1976 quorum
220 1939 288 1968 sectam
295 1944 331 1968 non
337 1934 448 1968 admittebat.
468 1934 509 1967 Non
516 1933 557 1967 illos
563 1938 581 1967 vt
587 1933 673 1976 ignotols]
679 1933 741 1967 habitu

43 1987 60 2014 et
72 1986 153 2018 moribus
169 1987 267 2027 abhorruit,
279 1997 316 2019 non
331 1992 350 2019 vt
363 1987 432 2019 alienos
444 1986 515 2029 repulit,
527 1996 564 2018 non
575 1991 595 2018 vt
608 1984 687 2018 humiles
699 1997 742 2019 con-

43 2037 120 2079 tempsit,
128 2048 165 2072 non
176 2044 195 2073 vt
203 2048 278 2073 suorum
288 2038 384 2073 numinum
396 2049 417 2073 ac
427 2044 544 2082 paternarum
554 2038 615 2082 legum
625 2038 742 2073 damnatores

43 2086 145 2133 damnauit;
157 2092 191 2124 sed
203 2091 258 2124 animi
271 2091 368 2125 elementia
382 2090 519 2136 predicantibus
532 2089 580 2132 lauit,
592 2094 611 2123 et
622 2095 641 2124 vt
653 2090 676 2124 ad
689 2100 741 2125 suam

43 2139 97 2175 fidem
109 2154 155 2187 quos
166 2150 242 2188 possent
258 2150 392 2186 conuerterent‚
403 2144 494 2189 patienter
506 2144 552 2185 tulit,
564 2143 664 2178 clementer
673 2144 742 2178 annuit.
750 2154 769 2184 35

43 2192 88 2227 Tam
104 2196 195 2241 benignus
212 2208 255 2242 erga
274 2198 384 2232 christianos
400 2198 419 2231 in
438 2198 499 2232 natiua
517 2196 623 2241 gentilitate,
640 2198 681 2241 quis
697 2197 742 2231 luit³

43 2247 116 2282 tandem
125 2249 187 2284 induta
197 2250 339 2284 christianitate!
357 2252 410 2293 Quod
422 2251 470 2284 enim
478 2250 593 2293 Augustinus
604 2260 645 2283 cum
655 2250 742 2284 consorti·

43 2297 76 2331 bus
87 2300 180 2336 humiliter
191 2303 334 2346 euangelizabat,
343 2303 378 2338 iste
390 2303 492 2337 sublimiter
501 2303 625 2336 confirmabat.
648 2302 701 2344 Quod
711 2303 743 2337 ille

43 2354 140 2393 apostolice
147 2356 242 2399 plantauit‚
248 2357 283 2391 iste
291 2357 364 2401 regifice
372 2356 486 2401 propagauit.
510 2356 551 2389 Rex
559 2355 608 2388 enim
616 2355 743 2390 exhortatione

43 2411 63 2435 ac
74 2407 196 2447 promissione
207 2408 325 2443 beatitudinis
336 2414 399 2443 eterne
411 2410 469 2453 magis
481 2417 535 2452 quam
546 2418 579 2441 suo
591 2412 662 2441 terrore
672 2413 743 2452 satage·
751 2418 771 2449 40

62 2472 67 2488 ¹
78 2473 106 2504 Ed.
114 2477 130 2504 in
139 2476 174 2507 Aet.
183 2478 212 2508 SS.
222 2478 262 2507 Boll.
273 2479 318 2508 Febr.
328 2478 357 2508 lll.
365 2488 380 2515 p.
389 2479 427 2515 4⁸33
441 2479 453 2507 it
462 2478 475 2506 is
486 2477 532 2506 tahon
543 2477 583 2506 from
594 2477 621 2506 the
632 2477 673 2507 Hist.
681 2477 743 2509 Transl.

44 2510 60 2565 ss'
69 2512 153 2550 Augustini
163 2517 185 2553 by
196 2518 270 2546 Goscelin
281 2518 306 2556 (A
317 2518 346 2547 SS.
355 2519 395 2548 Boll.
405 2518 442 2556 May
451 2518 478 2548 Vl.
489 2527 503 2554 p.
514 2517 557 2556 435).
602 2516 638 2548 2(ι1,
649 2517 743 2549 admisisset.

60 2550 77 2581 E.
85 2552 160 2593 luitquod
165 2565 170 2592 ,¹
180 2556 198 2587 T.
207 2557 288 2594 Reliquis
295 2557 328 2587 suit.
