1762 2803
121 125 163 166 126
310 123 390 176 mota
406 120 521 183 tertona
537 120 629 183 finalia

118 244 228 287 fatigaretur,
240 244 370 278 Willebaldum
384 249 402 277 et
416 243 549 287 Burghardum,
560 243 610 277 viros
621 243 683 287 vtique
695 243 789 287 simplices
804 250 822 278 et

119 299 243 341 morigeratos,
259 298 281 330 ad
297 298 413 340 episcopatus
428 297 505 339 gradum
520 301 615 338 promotos
621 296 632 337 ¹,
642 296 661 329 in
676 295 744 329 intimis
756 297 821 330 Orien-

118 350 181 384 talium
201 350 313 384 Francorum
331 349 413 393 partibus
433 349 462 383 et²
481 348 613 392 Baguariorum
632 348 716 383 terminis
735 350 822 383 ecclesias

119 403 154 436 sibi
166 404 274 436 commissas
285 403 407 445 impartiendo
418 401 521 443 distribuit3
537 407 556 435 et
570 401 657 435 eeclesias
670 402 822 435 inconfrniorum³

102 455 214 494 55axonum
226 466 246 488 ac
258 454 366 488 Sclauorum
378 465 410 488 sno
422 455 482 488 officio
496 454 595 497 deputauit.
640 447 707 498 Pipino
724 455 743 487 in
758 466 822 498 regem

119 508 231 542 Francorum
240 507 341 549 sublimato,
351 507 399 551 cepit
408 507 457 542 idem
468 519 501 542 rex
511 507 606 551 synodalia
614 517 724 553 recuperare
735 508 821 551 instituta,

118 572 139 594 ac
147 560 238 602 canonica,
247 561 297 594 iuxta
305 561 450 594 exhortationem
460 561 518 594 saneti
527 561 614 594 Bonifatii
622 560 711 602 inchoata,
719 561 822 595 instaurare

118 614 204 648 misteria.
232 614 270 648 Sed
283 613 325 657 quia
336 615 365 649 vir
376 618 455 657 sanctus,
467 613 572 648 infirmitate
583 615 666 658 corporis
677 619 768 659 grauatus,
780 625 821 648 con·

118 666 213 701 ciliornm¹
229 666 356 701 conuenticula
372 678 406 710 per
422 667 484 701 omnia
499 666 550 701 adire
566 678 603 701 non
619 673 695 710 poterat,
713 667 822 702 Lullonem⁵

92 730 110 750 ιο
118 719 227 762 discipulum
246 718 318 761 suum⁶,
337 720 454 762 episcopatus
470 718 534 752 ordine
553 724 644 762 suscepto,
660 720 683 753 ad
702 720 821 753 erudiendam

117 777 167 806 tante
179 771 238 816 plebis
249 773 400 806 numerositatem
410 772 503 806 constituit
514 776 532 805 et
542 772 561 805 in
570 771 672 806 hereditate
683 783 737 816 quam
748 772 821 807 Christo

118 824 229 868 adquisierat
240 835 287 858 onus
300 825 387 869 imposuit
402 829 421 858 et
436 825 523 858 laborem.
550 825 586 867 Qui
602 829 620 858 et
637 825 697 859 fidelis
712 826 731 858 in
747 826 821 859 domino
835 823 837 826 ’

118 889 180 912 comes
193 877 345 921 peregrinationis
361 878 400 911 eius
417 883 461 920 erat,
480 883 498 911 et
514 877 566 912 testis
583 878 679 922 utrobique
695 878 786 922 passionis
804 884 822 912 et

118 930 252 965 consolationis.
297 923 348 966 Cum
360 936 421 964 autem
433 930 518 964 dominus
530 941 605 965 seruum
615 941 669 965 suum
682 932 705 965 de
716 931 821 976 temporalis

92 997 110 1027 15
118 985 155 1018 vite
163 984 309 1018 tribulationibus
318 985 390 1027 eripere
399 984 510 1028 disponeret,
518 986 541 1018 ad
550 984 632 1026 Frisiam,
640 985 683 1018 olim
694 995 776 1027 corpore,
785 995 821 1018 non

119 1036 194 1080 quidem
205 1042 266 1070 mente
278 1036 372 1078 omissam,
382 1037 441 1071 seruis
451 1036 480 1070 dei
489 1047 552 1070 seeum
562 1037 662 1080 assumptis
672 1037 707 1071 iter
718 1037 822 1080 quantotius

119 1090 222 1133 maturauit,
234 1095 252 1124 et
267 1090 290 1124 ad
307 1089 416 1124 Lullonem⁵
431 1091 562 1134 coepiscopum
578 1100 631 1125 suum
643 1089 698 1125 dixit:
715 1089 764 1135 ‘Ego
779 1101 822 1135 pro-

118 1144 198 1186 positum
217 1144 306 1187 pergendi
324 1145 359 1177 iter
379 1144 473 1186 complere
493 1143 555 1186 cupio,
578 1154 612 1186 ego
636 1153 666 1177 me
685 1154 696 1178 a
718 1144 822 1178 desiderato

118 1196 246 1239 proficiscendi
261 1195 326 1230 itinere
341 1206 429 1229 reuocare
440 1207 477 1229 non
488 1201 558 1239 potero.
586 1196 624 1229 Iam
637 1200 686 1230 enim
701 1196 756 1230 instat
772 1208 822 1231 reso·

91 1249 191 1283 colutionis
203 1259 244 1282 mee
260 1249 310 1283 dies:
328 1249 370 1290 iarn,
382 1249 465 1293 deposito
482 1249 542 1283 carnis
558 1248 656 1292 ergastulo,
667 1255 731 1283 eterne
747 1250 822 1283 retribu-

118 1301 173 1335 tionis
182 1307 265 1336 reuertar
276 1302 299 1335 ad
310 1302 404 1335 brauium)
427 1302 511 1345 Cumque
520 1301 560 1343 hec,
570 1307 587 1335 et
599 1301 656 1335 multa
666 1302 701 1335 alia
710 1303 823 1345 protulisset,

118 1361 136 1388 et
152 1356 175 1388 de
192 1355 221 1388 his
238 1365 274 1398 que
291 1355 314 1388 ad
334 1356 417 1398 regimen
433 1355 511 1388 ecclesie
528 1360 546 1389 et
564 1354 666 1389 animarum
683 1356 822 1390 instructionem

119 1406 217 1450 [spectant]
228 1407 356 1449 informasset;
375 1417 453 1441 ascensa
469 1407 512 1441 naui
528 1412 602 1450 gentem
617 1417 708 1450 paganam
725 1407 822 1442 Frisonum

118 1460 200 1503 visitans,
211 1459 278 1503 vbique
289 1460 368 1493 verbum
379 1459 448 1494 domini
462 1459 590 1503 euangelizare
605 1461 659 1503 cepit,
670 1460 757 1494 ecclesias
768 1460 823 1494 fabri-

92 1522 110 1552 25
119 1515 171 1554 cauit,
180 1519 198 1547 et
206 1514 262 1546 multa
270 1512 319 1546 milia
327 1514 422 1556 utriusque
433 1523 489 1547 sexus
500 1513 522 1546 ad
532 1513 588 1547 fidem
600 1514 700 1554 conuertit3
716 1513 823 1557 episcopum

118 1566 154 1599 illis
180 1566 276 1607 ordinauit,
300 1570 318 1598 et
336 1566 468 1599 monasterium
492 1566 584 1608 quoddam
609 1566 716 1599 construxit.
768 1559 823 1599 quta

119 1619 195 1652 fluuium
214 1619 306 1661 quendam
326 1618 405 1661 regionis
427 1618 475 1652 illius
498 1628 539 1651 cum
559 1617 597 1651 suis
615 1618 722 1660 persistens,
745 1619 823 1652 tentoria

119 1671 188 1705 ibidem
204 1672 249 1714 erigi
266 1670 313 1712 fecit,
327 1676 347 1705 vt
364 1671 435 1714 prefixo
453 1675 502 1704 certo
518 1671 547 1704 die
564 1670 649 1714 baptizati
666 1682 732 1704 manus
748 1672 823 1715 imposi-

119 1724 188 1756 tionem
209 1728 339 1756 concurrentes
359 1723 381 1756 ab
399 1733 421 1755 eo
440 1724 559 1765 susciperent.
590 1723 673 1766 Cumque
694 1723 734 1756 dies
752 1725 824 1767 prefixa

92 1785 111 1814 30
119 1775 218 1816 adueniret,
231 1786 273 1809 ecce
284 1775 338 1809 turba
346 1775 447 1809 infidelium
458 1786 513 1808 manu
523 1780 593 1809 armata
602 1776 737 1818 superueniens
746 1777 824 1810 tentoria

119 1839 152 1862 sua
161 1828 298 1862 circumuallare
308 1828 365 1872 cepit.
383 1828 451 1862 Audito
462 1833 523 1862 autem
534 1834 645 1862 armatorum
654 1830 738 1872 strepitu,
749 1834 824 1863 sanctus

119 1883 148 1916 dei
159 1887 211 1916 extra
223 1882 301 1916 tentoria
312 1882 414 1926 egrediens,
426 1882 490 1926 pueris
501 1882 582 1925 periculo
594 1886 612 1916 et
623 1882 678 1916 morti
693 1893 714 1916 se
729 1893 824 1926 exponere

92 1933 94 1936 ’
117 1936 221 1970 volentibus
247 1935 343 1969 confestim
368 1935 481 1979 increpando
507 1935 602 1970 interdixit
626 1941 724 1978 certamen,
749 1937 823 1971 dicens:

118 1989 210 2030 ‘Cessata
225 1989 283 2032 pueri,
295 1999 306 2021 a
322 1988 411 2029 conflictu,
423 2000 523 2033 pugneque
539 1989 625 2032 deponite
641 1989 720 2023 bellum:
740 2000 764 2023 ne
777 1989 824 2023 forte

91 2042 186 2081 35malum
202 2052 235 2084 pro
254 2041 307 2083 malo,
320 2042 353 2075 sed
369 2042 423 2075 etiam
439 2040 519 2075 bonum⁷
530 2052 564 2085 pro
581 2041 633 2075 malis
650 2042 755 2076 reddamus.
785 2041 824 2076 lam

118 2096 168 2129 enim
187 2094 217 2129 diu
234 2089 307 2138 optatus
325 2095 377 2129 adest
396 2094 441 2137 dies,
452 2100 470 2129 et
487 2101 608 2138 spontaneum
627 2095 743 2129 resolutionis
762 2101 824 2129 nostre

118 2148 201 2182 imminet
218 2153 296 2191 tempus.
325 2147 456 2182 Consortamini
474 2147 529 2191 igitur
545 2150 563 2181 in
580 2148 659 2190 domino,
676 2153 694 2182 et
713 2153 786 2191 sperate
805 2149 824 2182 in

118 2211 171 2235 eum:
184 2205 202 2234 et
214 2199 296 2234 liberabit
307 2201 377 2234 animas
387 2202 470 2235 vestras'
493 2200 531 2234 Sed
542 2201 592 2235 etad
602 2202 714 2244 presbiteros
723 2206 740 2235 et
748 2202 824 2236 clericos

118 2260 225 2296 ceterosque
244 2254 309 2287 fideles
325 2254 359 2288 ait:
379 2254 427 2287 ‘Viri
444 2255 515 2297 fratres,
531 2255 588 2288 fortes
605 2259 663 2288 estote
682 2255 748 2296 animo,
766 2260 784 2288 et
800 2266 824 2289 ne

91 2322 111 2352 40
118 2305 224 2340 terreamini
239 2307 261 2339 ab
277 2306 306 2339 his
322 2307 353 2349 qui
371 2306 454 2340 occidunt
467 2316 540 2349 corpus,
552 2306 649 2350 quoniam⁸
662 2307 742 2339 animam
758 2317 824 2340 necare

119 2372 156 2393 non
171 2365 259 2404 possunt;
275 2360 308 2393 sed
323 2361 401 2403 gaudete
416 2359 436 2393 in
449 2359 530 2402 domino,
547 2359 646 2403 quoniam⁹
659 2364 748 2402 perpetue
760 2360 825 2394 reddet

119 2414 171 2446 nobis
189 2412 342 2447 remunerationis
361 2414 472 2455 mercedem,
491 2418 509 2447 et
531 2413 604 2447 celestis
629 2412 670 2446 aule
693 2413 757 2447 sedem
782 2425 823 2447 curn

139 2495 335 2534 1Vit.promouiteisque.
363 2496 464 2528 ²T.E.eta.
492 2496 645 2527 ³Vit.inconfiniis.
677 2494 710 2526 4Ε.
719 2498 824 2527 consiliorum.

119 2536 292 2567 ³T.lulVit.Lu11um.
327 2537 492 2568 ³T.sanctumsuum
500 2537 598 2575 discipulum.
635 2535 736 2568 ⁷Vit.bona.
777 2538 824 2566 tvit.

119 2586 189 2612 quorum.
234 2576 319 2612 ”Vit.qui.
