1762 2803
94 112 96 118 ¹
112 113 158 156 410
307 94 519 169 manutenebat
535 106 628 169 unalia

120 225 227 261 extremitas
238 227 320 262 abissum
335 233 410 273 tangere
423 228 530 272 videbatur3
545 228 609 264 subtus
623 228 688 274 igneus
701 231 740 263 erat
755 225 822 261 fluuius

121 280 227 324 decurrens,
235 286 253 317 et
261 281 277 317 si
285 282 325 327 quis
333 282 379 317 forte
387 283 410 317 de
420 287 459 318 rota
467 283 545 325 caderet,
553 282 572 317 in
580 282 628 327 ignis
636 281 742 326 voraginem
751 281 822 316 demer-

122 335 204 378 gebatur.
227 335 284 370 Erant
295 341 356 371 autem
363 335 382 370 in
390 341 430 370 rota
438 336 484 371 radii
494 336 562 371 dentati
569 336 621 380 quasi
633 335 688 370 clauis
694 335 759 370 terreis
766 333 823 369 acutis

122 392 140 421 et
151 387 215 431 longis.
238 388 260 422 In
271 388 305 423 hac
315 395 355 423 rota
365 388 421 423 irater
432 389 536 433 imponitur,
548 395 566 423 et
577 389 685 434 quibusdam
696 387 753 422 clauis
764 392 822 421 rotam

104 440 269 484 5percutientibus,
281 451 324 476 mox
337 442 415 477 velotius
426 443 534 477 versabatur
543 452 597 486 quarn
610 441 656 485 lapis
668 441 743 475 molaris
756 439 774 473 in
784 449 823 473 mo-

122 492 195 527 lendino
203 494 297 529 vertitur¹.
320 494 400 530 Demum
407 494 450 530 inde
458 495 551 538 depositus
558 496 582 529 ad
590 494 681 538 quoddam
689 504 739 528 mare
747 491 823 532 ducitur,

121 545 140 579 in
159 544 210 580 cuius
230 546 341 591 profundum
360 557 439 590 mersus,
453 547 498 582 vidit
513 548 611 590 baratrum,
629 545 679 582 cuius
698 557 719 581 os
738 543 823 590 superius

121 603 226 644 angustum,
243 610 287 645 pars
306 600 382 636 interior
400 600 526 636 inestimabilis
544 599 671 646 profunditatis
687 604 706 636 et
724 597 823 634 latitudinis

122 653 226 696 apparebat
250 653 277 687 Ibi
291 654 382 697 ploratum
395 660 466 688 tanturn
480 660 498 688 et
511 655 599 688 vlulatum
612 653 687 695 audiuit,
699 658 717 686 et
730 652 823 686 neminem

97 716 114 739 ro
122 714 156 747 pre
168 705 248 740 tenebris
260 706 375 740 densissimis
386 706 449 740 videre
460 706 523 749 potuit.
547 705 592 740 Inde
604 716 637 749 per
650 705 752 739 vastitatem
764 703 824 737 cuius-

122 757 165 793 dam
176 758 252 803 heremi,
260 759 319 805 spinis
329 766 347 794 et
354 759 426 794 tribulis
437 759 507 795 exustis
517 759 638 804 gradientium
650 758 721 804 plantas
728 757 823 803 perforan-

122 811 171 846 tibus
184 812 253 855 repleti,
265 812 364 856 adducitur,
377 818 395 847 et
407 813 446 848 viso
458 813 532 848 castello
544 814 622 856 quodam
633 812 721 847 altissimo
734 816 752 845 et
765 810 823 854 nigro,

123 869 141 899 et
152 865 171 899 in
182 865 221 899 eius
232 865 303 909 fastigio
315 866 358 910 igne
369 865 420 910 piceo
431 871 449 901 et
460 865 539 909 putrido,
550 865 628 910 qualiter
639 864 681 900 inde
693 864 780 899 dimissus
791 862 824 898 luit

123 917 196 960 penitus
207 917 303 961 ignorauit.
325 919 381 951 Venit
392 929 436 961 ergo
449 919 472 952 ad
485 919 552 952 vallem
567 919 636 952 infinite
650 917 772 960 longitudims,
785 916 824 949 lati-

96 980 114 1011 15
123 968 191 1004 tudinis
206 975 224 1003 et
239 969 373 1013 profunditatis,
385 970 466 1005 flammis
481 969 595 1005 sernentibus
609 969 715 1011 terribilem,
729 968 824 1004 animabus

123 1022 201 1066 plenam.
230 1021 258 1058 De
277 1022 342 1067 quibus
361 1023 459 1058 nonnullos
479 1022 498 1057 in
517 1023 579 1059 seculo
598 1022 652 1066 nouit,
672 1032 750 1068 quorum
768 1020 824 1066 aliqui

123 1076 219 1117 seculares,
231 1077 262 1110 alii
273 1077 353 1121 religiosi
364 1082 382 1111 et
393 1078 490 1121 pontifices
505 1082 523 1111 et
534 1077 609 1111 abbates
621 1077 704 1118 suerunt;
720 1086 777 1111 vnum
790 1085 824 1119 pre

123 1128 188 1164 ceteris
201 1128 298 1165 eiulantem
311 1129 384 1173 audiuit,
393 1130 428 1175 qui
441 1130 460 1165 in
473 1130 535 1165 seculo
548 1130 630 1175 prelatus
640 1129 701 1173 magni
713 1128 791 1164 nominis
806 1134 825 1164 et

123 1181 158 1216 loci
168 1181 206 1217 fuit.
229 1182 253 1217 Et
263 1194 304 1218 cunt
314 1183 404 1218 tremulus
415 1183 481 1218 mediis
493 1183 572 1218 flammis
580 1194 601 1218 se
609 1183 740 1228 proiiciendum
748 1183 825 1225 timeret,

97 1249 116 1271 ao
124 1241 142 1268 ct
154 1235 241 1269 velociter
255 1237 317 1279 sugam
332 1236 426 1280 arriperet,
440 1238 476 1270 duo
488 1237 529 1270 tetri
543 1236 594 1269 illum
608 1236 727 1280 insequentes
741 1246 825 1280 compre-

123 1287 206 1323 hendere
216 1288 324 1323 nitebantur.
347 1290 388 1333 Quo
395 1289 483 1325 velociter
493 1294 584 1331 currente,
591 1288 666 1334 sanguis
677 1289 700 1324 ab
712 1300 744 1324 ore
756 1288 795 1323 eius
806 1293 825 1323 et

124 1341 208 1377 manibus
220 1353 294 1377 manare
306 1343 358 1388 cepit.
382 1342 406 1377 Et
419 1354 461 1377 curn
471 1343 554 1377 venisset
565 1343 588 1376 ad
599 1343 691 1387 quandam
702 1347 781 1387 portam,
793 1343 825 1376 de·

124 1395 178 1430 albati
186 1395 259 1439 quidam
270 1396 321 1430 illum
332 1407 366 1441 per
371 1397 450 1438 brachia,
459 1401 477 1430 et
488 1397 536 1441 nigri
548 1406 582 1441 per
593 1397 646 1431 tibias
657 1397 680 1430 ad
691 1406 712 1430 se
723 1396 825 1430 trahebant.

125 1449 148 1483 Et
163 1449 224 1483 statim
243 1449 336 1492 euigilans,
352 1449 430 1483 ceruical
445 1450 534 1491 sanguine
553 1459 659 1492 respersum
676 1448 752 1490 inuenit,
768 1453 786 1481 et
804 1459 825 1482 se

97 1512 115 1546 ²5
124 1499 225 1544 sanguine²
239 1501 296 1536 fluere
308 1501 432 1536 sensit—Nec
445 1501 501 1535 multo
512 1505 554 1546 post
566 1500 585 1534 in
596 1511 674 1546 sompno
687 1511 747 1535 coram
760 1500 825 1535 abbate

124 1553 210 1589 Walleuo
225 1554 248 1588 ab
264 1554 335 1589 eisdem
350 1555 436 1589 dealbatis
453 1555 553 1590 adducitur.
576 1555 636 1598 Quem
654 1555 705 1589 vultu
723 1565 789 1589 sereno
808 1560 826 1589 et

124 1608 202 1643 iucundo
215 1608 322 1651 accerciens,
334 1619 358 1643 ne
369 1609 441 1643 timeret
454 1609 552 1651 admonuit,
566 1613 584 1642 et
596 1608 699 1643 ductoribus
713 1608 794 1652 precepit
805 1613 826 1643 vt

124 1662 147 1695 ad
155 1660 194 1695 loca
204 1661 272 1706 requiei
281 1666 299 1695 et
308 1661 368 1707 gaudii
375 1661 454 1696 videnda
465 1672 507 1696 eum
518 1661 634 1696 adducerent.
657 1661 743 1696 Sublatus
752 1672 795 1706 ergo
806 1661 825 1696 in

124 1719 206 1747 montem
219 1715 313 1748 excelsum
325 1715 378 1748 valde
394 1720 412 1748 et
424 1714 443 1748 in
456 1716 548 1757 quandam
559 1714 653 1758 regionem
666 1714 766 1747 maximam
781 1714 826 1747 lucis

97 1778 117 1812 30
125 1772 142 1802 et
153 1766 209 1811 pacis,
217 1766 262 1801 vidit
272 1767 378 1802 mansiones
388 1767 459 1810 multas,
469 1768 557 1811 quasdam
569 1767 621 1811 quasi
632 1768 656 1801 de
667 1776 710 1801 auro
722 1766 826 1811 purissimo,

124 1821 212 1865 quasdam
227 1820 251 1855 de
266 1825 345 1864 argento,
360 1821 449 1865 quasdam
465 1821 488 1855 de
503 1820 594 1865 lapidibus
606 1818 694 1865 preciosis
709 1823 826 1855 constructas.

124 1874 195 1909 Omnes
203 1873 262 1909 incole
269 1873 346 1909 iuuenes
354 1874 450 1918 splendidi,
458 1873 517 1909 leticia
525 1873 580 1919 pleni.
595 1873 646 1908 Vidit
653 1873 677 1908 ibi
685 1873 760 1908 fluuium
768 1872 826 1907 melli-

125 1927 182 1963 fluum
190 1932 208 1961 et
216 1928 345 1969 delectabilem,
351 1933 369 1963 et
377 1928 439 1962 omnia
444 1938 513 1972 genera
518 1929 603 1962 arborum
611 1933 629 1961 et
637 1927 707 1961 florum.
721 1928 792 1961 Ductus
798 1932 827 1961 est

124 1981 171 2014 vltra
182 1990 254 2013 murum
265 1982 357 2025 quendam
369 1991 444 2014 aureum
455 1985 473 2013 et
486 1981 543 2014 altum
555 1980 575 2013 in
585 1980 679 2024 regionem
690 1979 827 2022 lucidissimam,

97 2047 115 2079 35
124 2035 155 2068 vbi
163 2034 252 2068 canticum
260 2034 319 2068 leticie
327 2034 395 2069 audiuit
403 2035 456 2078 quale
466 2035 546 2070 humane
554 2044 609 2069 aures
617 2033 645 2069 vel
653 2033 714 2077 lingua
723 2032 827 2076 exprimere

125 2092 223 2133 nequeunt.
238 2086 296 2121 Affuit
303 2087 514 2123 ibiWalleuusabbaset
521 2086 557 2123 ait:
570 2085 646 2122 ‘Vidisti
651 2085 748 2130 supplicia³
754 2096 828 2122 reorum

126 2146 144 2176 et
159 2140 230 2185 premia
244 2141 343 2177 iustorum:
361 2142 427 2176 amodo
439 2141 476 2176 noli
489 2152 531 2176 esse
542 2140 652 2181 incredulus,
663 2140 696 2174 sed
710 2139 779 2183 fidelis;
796 2140 827 2175 de-

125 2194 173 2229 clina
182 2205 193 2226 a
204 2195 251 2227 malo
262 2199 280 2228 et
291 2194 319 2228 fac
330 2195 404 2236 bonurn,
415 2200 433 2228 et
445 2194 559 2238 propositum
570 2193 638 2228 ordinis
649 2191 668 2225 in
677 2204 713 2236 quo
720 2198 795 2227 vocatus
807 2205 827 2228 es

125 2247 222 2290 diligenter
240 2247 322 2280 obserua
346 2247 400 2288 Rota,
415 2245 479 2290 inquit,
495 2250 513 2280 et
528 2255 596 2288 vorago
615 2249 633 2279 et
649 2244 706 2286 vallis,
722 2255 758 2289 que
776 2245 827 2289 prius

97 2315 118 2345 40
126 2298 191 2340 vidisti,
203 2298 243 2332 loca
257 2297 357 2342 purgatorii
368 2303 421 2342 sunt3
433 2298 479 2332 infra
489 2297 559 2332 castelli
570 2298 657 2331 ambitum
668 2302 734 2341 puteus
745 2297 828 2341 putridus

126 2351 191 2397 igneus
204 2356 221 2386 et
232 2351 348 2396 sulphureus,
356 2351 416 2386 aditus
427 2357 455 2386 est
466 2350 538 2394 inferni,
547 2351 651 2386 infidelibus
659 2357 676 2385 et
684 2351 786 2386 criminosis
794 2351 828 2387 im·

127 2405 251 2451 penitentibus
263 2406 366 2449 deputatus.
394 2405 456 2440 Prima
463 2404 513 2449 regio
521 2415 576 2450 quarn
588 2404 651 2449 [nunc]
660 2404 726 2449 vidisti,
734 2404 786 2439 iustis
794 2405 828 2440 sed

125 2458 239 2505 imperfectis
248 2458 350 2503 assignatur
357 2472 361 2503 ;
373 2457 408 2493 ista
413 2456 460 2494 uero
466 2458 528 2503 patria,
533 2458 618 2504 proxima
624 2463 652 2492 est
657 2458 701 2502 celo,
708 2469 762 2503 quam
768 2459 829 2493 nullus

159 2565 193 2595 The
199 2568 232 2595 text
240 2564 255 2595 in
263 2563 304 2596 Boll.
311 2564 350 2595 here
357 2564 385 2594 has
393 2573 403 2594 a
410 2573 446 2603 gap.
486 2562 547 2600 ²soT..
555 2562 572 2594 E.
581 2562 679 2602 sanguinent.
719 2562 725 2581 ⁵
732 2562 750 2594 E.
757 2562 828 2602 suplicia.
