1762 2803
273 146 319 202 Dr
334 144 434 200 eontra
449 145 595 203 Quartana.
741 149 785 205 287

83 277 138 302 voces
150 266 204 304 dixit:
222 267 285 303 ‘Absit
297 267 331 302 hoc
342 272 361 303 vt
373 267 414 303 fiat!
430 267 477 303 absit
488 268 522 303 hoc
533 272 553 303 vt
564 268 606 303 fiat!
623 266 717 302 iudicastis
728 267 786 303 bene:

84 321 178 355 mutaretis
193 332 230 356 non
245 322 304 355 bene!
327 322 358 355 Ad
373 331 429 365 quarn
442 332 506 357 vocem
520 332 586 356 omnes
600 320 731 355 incredibiliter
745 331 788 364 per-

84 373 148 415 territi,
162 375 241 408 clamore
256 374 325 417 pariter
340 381 358 408 et
373 374 403 407 dei
418 374 522 409 laudatione
535 386 598 409 aream
613 373 788 417 complenti—Hanc

85 426 135 460 enim
148 427 253 470 ymaginem
267 437 306 471 ego,
321 426 419 469 Iohannes,
432 426 528 462 Wintonie
540 426 577 462 vidi
591 426 609 462 in
625 426 685 471 capite
698 424 789 461 refectorii

86 480 217 514 monachorum
227 480 286 514 sancti
297 479 387 514 Swithuni
398 479 417 513 in
426 480 483 514 altum
494 485 584 515 erectam:
597 479 641 514 etin
652 479 722 524 pariete
732 489 806 522 supra5

85 537 139 577 caput
154 532 246 577 ymaginis
261 532 287 567 sic
302 532 389 578 scriptum
403 538 453 569 erat:
473 532 570 568 ‘Humano
585 543 636 568 more
650 543 695 568 crux
710 542 789 578 presens

86 586 142 620 edidit
156 597 188 620 ore
201 587 271 622 Celitus
284 587 385 631 affatuque
397 587 487 631 perspicis
502 587 532 621 hic
547 588 642 622 subarata:
658 587 712 621 Absit
724 587 759 621 hoc
770 591 790 619 vt

87 640 128 681 fiat:
141 645 159 674 et
173 646 233 675 cetera
245 641 330 684 superius
341 646 446 675 memorata.
492 633 532 676 His
543 640 593 675 enim
604 640 715 675 aduersariis
726 640 790 674 viuen-

87 693 146 727 tibus¹
162 700 253 728 cessatum
272 700 300 729 est
315 705 326 729 a
341 694 469 729 contentionet
487 704 583 738 quousque
600 703 635 737 per
653 693 790 728 successionem

87 745 166 780 filiorum
174 747 224 790 prior
232 747 322 781 discordia
330 752 417 781 renouata
427 752 461 780 est.
483 746 555 789 Quibus
562 746 581 779 in
589 746 631 780 villa
639 746 713 780 nomine
722 744 791 780 Calue²
800 756 819 777 ro

88 798 195 833 Dunstanus
203 800 229 834 sic
236 800 341 843 respondit:
354 799 455 842 ‘Quoniam
465 803 574 833 senescente
582 809 612 832 me
623 798 702 842 antiquis
710 797 791 842 querelis

89 852 184 888 deseruire
192 854 306 896 contenditis,
314 854 377 895 fateor,
384 853 432 888 vinci
440 852 493 887 nolo:
506 851 583 886 ecclesie
591 863 625 886 sue
635 862 709 886 causam
718 851 791 886 Christo

88 905 143 940 iudici
155 907 256 941 committo.¹
279 906 352 941 Dixit³2
369 910 387 940 et
398 906 447 950 quod
461 905 506 940 dixit
519 904 560 939 irati
574 905 604 939 dei
617 914 695 939 censura
707 905 792 940 firmauit.

89 960 134 993 Mox
145 960 213 993 etenim
224 970 313 994 concussa
326 960 397 999 domus,
409 958 515 992 cenaculum
529 958 563 991 sub
576 957 654 1002 pedibus
667 963 696 992 est
707 958 793 999 solutum,

89 1013 152 1047 hostes
164 1013 203 1047 solo
215 1011 317 1056 precipitati
328 1021 349 1046 ac
361 1010 453 1046 ruentium
464 1011 542 1045 trabium
553 1010 637 1054 pondere
648 1016 691 1044 sunt
702 1010 793 1055 oppressi.
802 1021 820 1051 15

89 1064 124 1098 Vbi
135 1076 179 1097 vero
190 1076 232 1098 cum
244 1064 283 1098 suis
294 1070 369 1098 sanctus
380 1064 484 1105 accubabat,
495 1062 520 1097 ibi
532 1063 581 1096 nulla
595 1063 648 1097 ruine
660 1063 735 1097 suffusio
746 1069 793 1097 erat.

92 1111 169 1160 Edgaro
182 1128 226 1162 rege
238 1122 310 1151 mortuo
321 1122 339 1151 et
352 1118 443 1151 Edwardo
456 1118 479 1151 ad
495 1126 572 1161 regnum
584 1117 652 1159 relicto,
664 1117 708 1150 dum
720 1116 793 1162 quidam

90 1170 184 1215 principes
197 1171 315 1215 acquiescere
329 1171 403 1211 nollent,
417 1171 525 1205 Dunstanus
537 1175 610 1215 arrepto
624 1170 683 1205 crucis
693 1170 762 1205 vexillo
774 1171 794 1205 in

92 1223 153 1258 medio
166 1224 251 1267 constitit,
264 1224 375 1259 Edwardum
387 1223 423 1257 illis
435 1223 519 1265 ostendit,
529 1223 589 1267 elegit,
600 1223 688 1265 sacrauit;
700 1224 794 1268 patrisque

91 1289 112 1312 ac
128 1278 210 1321 magistri
223 1278 313 1320 affectum,
327 1277 387 1322 quoad
402 1276 452 1319 uixit,
466 1277 483 1312 ei
496 1276 591 1321 impendit,
614 1277 652 1312 Sed
665 1276 696 1311 illo
708 1284 750 1322 post
762 1277 794 1311 tri·
803 1286 823 1308 πο

92 1330 168 1364 ennium
182 1330 274 1364 nouercali
289 1330 353 1364 fraude
368 1330 434 1371 occiso,
447 1330 536 1364 successit
551 1330 662 1364 Ethelredus
674 1330 730 1365 frater
745 1341 795 1365 suus.

92 1383 180 1417 Attamen
191 1383 210 1416 in
223 1384 252 1418 die
264 1382 406 1417 consecrationis
418 1393 457 1425 sue,
467 1388 509 1427 post
519 1382 624 1427 impositam
635 1393 727 1424 coronam,
737 1383 796 1417 fcrtur

93 1436 200 1470 Dunstanus
212 1437 247 1471 hoc
258 1435 284 1469 illi
296 1436 411 1479 predixisse:
429 1436 530 1477 ‘Quoniam
541 1435 627 1479 aspirasti
638 1436 661 1470 ad
673 1447 750 1479 regnum
761 1447 796 1482 per

94 1492 171 1522 mortem
187 1488 247 1524 fratris
262 1488 293 1531 tui,
308 1488 327 1523 in
343 1488 395 1523 cuius
410 1488 500 1533 sanguine
515 1488 668 1532 conspirauerunt
682 1488 739 1533 Angli
754 1499 796 1523 curn

94 1541 216 1586 ignominiosa
227 1546 285 1576 matre
295 1547 331 1585 tua,
339 1552 376 1577 non
388 1541 461 1577 deficiet
469 1542 541 1587 gladius
551 1542 575 1577 de
585 1542 640 1577 domo
651 1546 686 1585 tua,
694 1542 769 1577 seuiens
777 1542 796 1577 in
806 1552 823 1582 ²5

94 1600 113 1630 te
128 1594 213 1629 omnibus
226 1595 291 1629 diebus
303 1595 340 1629 vite
354 1601 391 1635 tue,
403 1594 515 1630 interficiens
531 1595 554 1629 de
569 1595 640 1629 semine
653 1601 689 1636 tuo,
702 1607 797 1639 quousque

95 1658 172 1691 regnum
186 1653 237 1681 tuum
251 1648 372 1682 transferatur
384 1647 403 1681 in
416 1659 493 1692 regnum
505 1647 590 1689 alienum,
602 1647 653 1682 cuius
666 1648 721 1682 ritum
735 1653 753 1683 et
765 1649 797 1683 lin-

95 1711 150 1743 guam
158 1711 204 1743 gens
212 1701 241 1735 cui
249 1700 333 1744 presides
341 1711 378 1735 non
386 1701 442 1735 nouit.
458 1701 497 1735 Nee
505 1700 609 1744 expiabitur
616 1700 652 1735 nisi
660 1700 714 1744 longa
719 1701 799 1735 vindicta

95 1757 191 1796 peccatum
203 1758 260 1794 tuum,
272 1758 291 1787 et
302 1758 397 1797 peccatum
410 1753 474 1787 matris
486 1759 522 1794 tue,
535 1758 553 1786 et
566 1758 661 1797 peccatum
673 1753 755 1788 virorum
767 1755 798 1799 qui

95 1805 194 1839 interfuere
209 1805 285 1839 consilio
299 1806 349 1840 illius
364 1808 453 1850 nequam.¹
501 1798 542 1840 Hic
558 1807 612 1841 etiarn
628 1806 739 1842 Ethelredus
754 1808 826 1847 dumao

97 1858 179 1903 pusiolus
190 1869 201 1892 a
213 1859 310 1893 Dunstano
323 1859 450 1903 baptizaretur,
462 1859 528 1894 minxit
541 1859 560 1893 in
573 1871 625 1894 sacro
637 1860 692 1895 fonte.
714 1861 769 1895 Vnde
781 1867 799 1896 et

96 1915 162 1947 beatus
177 1912 285 1946 Dunstanus
299 1913 385 1956 predixit,
401 1913 530 1946 exterminium
545 1913 649 1956 Anglorum
664 1919 747 1958 tempore
759 1913 799 1948 eius

97 1967 182 2002 futurum.
227 1958 311 2009 Contigit
323 1965 372 2000 enim
386 1965 680 2001 Ethelwoldum⁴wintoniensern
691 1966 799 2010 episcopum

97 2029 138 2054 curn
146 2018 221 2051 roffensi
229 2017 316 2062 episcopo
324 2018 440 2051 Cantuariam
445 2019 514 2052 venire.
530 2018 651 2060 Quibuscum
659 2028 726 2063 magno
733 2020 800 2064 gaudio

98 2069 194 2113 susceptis,
205 2080 246 2103 cum
256 2069 332 2103 tandem
340 2070 364 2103 ad
376 2079 410 2103 sua
419 2070 487 2104 reuerti
498 2070 572 2113 vellent,
583 2071 680 2105 confestim
693 2072 800 2107 Dunstanus
808 2080 828 2110 35

98 2123 158 2168 erupit
165 2122 184 2157 in
192 2122 260 2163 fletum,
267 2122 330 2156 fletum
338 2123 385 2157 adeo
392 2133 480 2168 magnum
485 2128 505 2158 vt
512 2123 543 2158 vix
552 2123 601 2169 loqui
609 2130 677 2169 posset.
701 2124 801 2170 Inquisitus

99 2188 132 2213 cur
139 2177 197 2218 fleret,
204 2176 239 2211 ait:
251 2175 288 2210 ‘Ea
296 2186 322 2218 re,
328 2175 391 2220 inquit,
398 2176 440 2219 fleo,
448 2177 533 2221 quoniam
542 2188 575 2213 vos
583 2177 601 2212 in
610 2177 695 2222 proximo
703 2178 801 2213 morituros

99 2229 148 2264 scio.'
170 2229 227 2271 ‘Noli,
239 2228 328 2273 inquiunt,
342 2235 394 2273 pater
406 2235 474 2273 sancte¹
487 2235 525 2264 tam
538 2230 578 2264 dira
592 2230 646 2264 nobis
659 2232 759 2275 prophecia
772 2242 801 2265 oc-

99 2284 184 2317 currere.¹
208 2283 231 2317 Et
243 2282 284 2317 ille:
301 2282 363 2324 ‘Quod
377 2281 421 2325 dixi,
432 2294 509 2318 necesse
522 2288 550 2318 est
561 2284 606 2319 fieri.
629 2283 739 2326 Moriemini,
750 2294 801 2318 narn-

100 2347 136 2380 que
150 2335 193 2370 huic
208 2335 274 2377 seculo,
286 2335 319 2369 sed
333 2334 400 2369 viuetis
412 2335 466 2369 cuml
479 2337 519 2370 deo.
547 2336 586 2371 Nec
601 2336 620 2370 in
635 2335 670 2370 hac
682 2336 719 2371 vita
734 2337 801 2372 diutius
809 2347 830 2377 40

100 2400 176 2423 manere
187 2388 263 2430 debetis,
274 2388 307 2422 sed
321 2387 425 2422 eternaliter
437 2399 479 2423 cum
490 2387 521 2422 illo
532 2387 597 2423 victuri
608 2388 690 2433 pergetis
700 2390 723 2424 ad
736 2391 802 2425 deum?

102 2442 125 2476 Et
138 2441 185 2476 infra
197 2453 265 2486 paucos
278 2442 322 2483 dies,
334 2441 380 2475 sicut
391 2441 502 2484 predixerat,
514 2442 568 2474 ambo
582 2442 664 2485 episcopi
676 2443 742 2477 mortui
755 2449 803 2478 sunt.

103 2487 203 2535 Defuncto,
221 2499 241 2529 vt
259 2493 374 2537 premittitur,
394 2493 481 2536 episcopo
501 2492 621 2535 Ethelwoldo,
640 2498 659 2527 et
677 2494 701 2528 de
718 2495 803 2538 eligendo

101 2546 188 2591 pontifice
200 2547 261 2581 habita
270 2545 388 2588 dissentione,
397 2544 454 2579 orauit
463 2545 570 2579 Dunstanus
577 2546 601 2579 ad
608 2545 705 2582 dominum
712 2553 732 2582 vt
739 2547 804 2592 digna-

122 2598 157 2630 1Ε,
164 2600 257 2631 videntibus.
287 2599 378 2631 ‘unane
408 2598 493 2630 ’uniat
522 2598 557 2629 ’Β
565 2598 682 2630 ethelwaldum.
712 2601 787 2632 tatum.
