1762 2803
148 130 192 195 322¹
339 115 418 169 muna
434 114 550 175 litamur
565 113 659 175 unalia

147 243 221 282 tempus
239 239 331 282 elongare,
346 243 365 272 vt
382 238 423 281 ipso
438 238 485 272 facto
501 238 561 272 cordis
576 241 688 270 monstraret
703 235 850 277 amaritudinem,

146 292 228 334 ipsorum
237 292 345 325 detestando
353 290 447 324 malitiam.
492 284 586 336 Quidam¹
595 290 618 324 de
628 289 699 323 clericis
709 290 748 323 eius
756 288 850 332 quartanis

146 349 229 386 vexatus,
240 354 274 388 per
285 344 351 385 aulam,
363 344 407 377 dum
418 342 516 387 episcopus
528 342 657 384 discumberet,
667 342 755 386 perrexit.
778 341 801 375 Et
809 350 851 375 cum

146 397 238 438 quesisset
246 398 270 430 ab
278 407 300 429 eo
308 406 340 430 cur
348 407 389 429 cum
397 396 463 430 ceteris
473 406 511 430 uon
522 397 626 439 pranderet,
634 395 729 440 respondit
738 407 741 428 :
754 394 851 435 ‘Domine,

128 459 137 490 5
146 447 195 483 diem
204 459 265 482 meum
275 454 352 492 expecto
360 449 414 483 hodie
422 460 458 493 quo
466 459 496 483 me
505 449 552 483 solet
560 447 616 483 febris
625 447 733 482 molestare!
756 446 786 480 Ad
794 456 850 491 quem

146 506 220 537 sanctus
231 502 267 536 ait:
280 501 330 546 ‘Ego
340 501 413 546 signum
424 501 483 535 crucis
493 512 550 545 super
558 500 677 535 morsellum²
684 510 766 542 murene,
774 510 811 543 que
822 504 851 534 est

146 554 165 587 in
176 554 227 588 disco
236 565 283 596 meo,
292 554 361 595 faciam,
370 559 388 589 et
397 554 449 588 illum
459 556 478 587 in
488 554 563 588 nomine
571 553 656 588 trinitatis
664 553 683 587 in
691 559 722 588 tuo
730 564 762 587 ore
770 559 849 597 ponam:

146 617 201 649 quem
217 607 232 641 si
248 607 309 642 statim
326 608 423 642 comedere
438 607 524 647 volueris,
539 607 645 641 sanaberis!
677 607 710 640 Ille
725 618 767 640 cum
784 605 851 651 gaudio

145 660 252 695 morsellum
265 660 339 705 recepit,
353 661 376 695 ad
389 670 473 695 mensam
485 670 527 695 cum
542 659 596 695 sociis
611 659 701 695 comedit:
717 665 736 694 et
751 669 793 695 eum
809 663 851 703 post

119 725 138 747 ιο
146 714 180 746 hec
188 713 245 748 febris
253 713 337 748 molestia
345 724 382 747 non
389 713 470 747 uexauit.
515 706 587 746 Beatus
595 713 676 748 Thomas
688 719 758 756 martyr
766 712 850 756 insignis,

145 770 244 809 antequam
256 767 280 800 de
292 765 360 810 Anglia
375 765 434 801 exiret
447 765 464 800 ei
477 765 496 800 in
509 765 580 800 visione
592 766 678 809 apparuit
690 770 708 798 et
720 766 743 799 ad
757 765 850 808 agendum

145 817 222 852 viriliter
229 819 278 862 quod
286 818 354 862 incepit
362 818 437 852 monitis
445 818 542 852 roborauit.
566 818 606 859 Quo
614 817 660 859 viso,
667 818 696 854 vir
705 818 770 852 beatus
782 818 849 861 pedem

146 870 225 905 martiris
233 871 311 906 osculari
319 871 421 905 nitebatur:
433 871 466 904 sed
474 871 539 905 beatus
545 869 731 914 Thomas'prohibuit,
738 870 850 904 subtrahens

146 925 213 969 pedem
225 935 284 959 suum.
307 925 425 969 Quapropter
433 923 484 959 ilenti
491 929 510 960 et
521 923 627 969 ingementi,
638 922 663 958 ait
674 928 749 959 sanctus
756 923 849 958 Thomas:

119 989 137 1020 1⁵
147 978 200 1020 ‘Cur,
213 979 277 1022 inquit,
290 978 345 1013 ssesi¹
381 979 438 1020 ‘Quia
450 977 549 1022 indignitas
562 988 609 1019 mea,
620 977 650 1019 ait,
661 988 698 1011 non
712 977 779 1020 patitur
792 977 850 1021 pedes

146 1035 187 1065 tuos
200 1031 326 1066 sanctissimos
339 1031 427 1066 osculari!
451 1031 475 1064 Et
490 1031 531 1065 ille:
550 1031 595 1064 ‘Pro
611 1031 650 1071 hac,
665 1030 728 1075 inquit,
740 1041 760 1065 re
775 1030 818 1064 nolo
831 1035 850 1065 te

146 1083 191 1117 flere
204 1083 234 1118 vel
248 1086 334 1128 gemere!
381 1077 432 1118 Mari
448 1085 522 1118 tandem
538 1084 620 1125 transito,
636 1084 769 1125 Pontiniacum,
784 1084 850 1128 prede-

145 1147 240 1170 cessorum
259 1148 334 1170 suorum
353 1137 424 1177 asilum,
444 1137 556 1180 ingreditur;
579 1142 598 1170 et
616 1137 757 1180 ingrauescente
775 1137 849 1170 demum

145 1188 204 1222 morbi
211 1189 299 1231 molestia,
305 1190 381 1223 secessit
387 1191 435 1233 apud
445 1189 556 1229 Sasiacum³‚
562 1189 672 1233 promittens
679 1188 850 1224 Pontiniacensibus

118 1253 137 1274 20
145 1243 194 1283 quod
207 1242 226 1274 in
239 1242 286 1276 festo
298 1242 357 1276 sancti
370 1241 463 1275 Edmundi
475 1242 524 1285 regis
535 1248 554 1276 et
565 1242 651 1285 martyris
663 1243 803 1276 reuerteretur⁴.
826 1242 850 1275 Et

145 1293 212 1328 factum
224 1299 253 1329 est
264 1293 300 1328 ita:
313 1294 382 1328 Eadem
394 1294 462 1339 quippe
474 1294 538 1329 dicad
551 1294 678 1329 Pontiniacum
690 1304 756 1339 corpus
767 1294 806 1329 eius
817 1295 849 1329 de·

145 1347 246 1383 latumest.
270 1347 317 1381 Cum
331 1359 375 1382 vero
390 1348 427 1382 iam
442 1353 527 1382 cerneret
542 1348 591 1382 diem
607 1348 670 1383 mortis
682 1348 784 1390 imminere,
797 1348 849 1382 iussit

145 1399 217 1435 afferri⁶
231 1401 265 1434 sibi
278 1400 418 1434 eucharistiam:
431 1401 550 1444 extenditque
563 1402 658 1435 dexteram
671 1402 694 1435 ad
706 1400 766 1445 ipsam
778 1407 849 1435 etcum

145 1452 215 1497 ingenti
228 1453 294 1488 fiducia
306 1453 363 1488 dixit:
377 1454 416 1487 ‘Tu
429 1465 455 1493 es,
468 1453 547 1495 domine,
559 1454 578 1487 in
591 1465 646 1497 quem
658 1453 733 1496 credidi,
742 1464 797 1497 quem
808 1464 849 1498 pre·

119 1517 137 1547 25
146 1506 209 1546 dicaui,
221 1517 276 1549 quem
285 1507 375 1541 veraciter
385 1507 443 1547 docui,
452 1518 507 1549 quem
517 1507 578 1548 dilexi,
590 1513 608 1541 ct
620 1513 639 1541 tu
651 1507 695 1541 mihi
706 1507 759 1541 testis
769 1517 789 1541 cs
800 1508 848 1550 quod

147 1558 196 1592 aliud
207 1570 262 1602 quam
274 1564 292 1592 te
303 1559 322 1592 in
334 1564 384 1592 terra
394 1559 465 1603 positus
476 1570 513 1592 non
525 1558 607 1602 quesiui:
620 1559 649 1593 et‘¹
663 1559 708 1593 sicut
721 1563 740 1593 tu
753 1558 789 1593 scis
800 1559 849 1603 quod

147 1610 193 1644 nihil
206 1610 247 1645 volo
260 1610 295 1645 nisi
309 1611 357 1654 quod
370 1616 388 1645 tu
402 1611 435 1652 vis,
448 1611 527 1653 domine,
539 1611 564 1645 ita
578 1612 609 1645 fiat
624 1611 709 1645 voluntas
724 1613 764 1645 tna)
788 1612 849 1646 Mirati

147 1669 190 1697 sunt
202 1663 284 1697 uniuersi
298 1664 329 1708 qui
343 1665 425 1705 aderant,
439 1664 500 1707 ipsum
516 1670 577 1698 mente
590 1669 676 1707 putantes
690 1665 791 1700 excedere:
808 1675 849 1708 pre·

146 1716 211 1750 sertim
226 1727 268 1751 cum
283 1727 304 1751 se
319 1716 345 1750 sic
361 1717 437 1751 haberet
451 1716 503 1760 quasi
515 1722 622 1760 presentem
638 1722 655 1751 et
670 1717 689 1751 in
705 1727 760 1751 carne
772 1717 848 1752 vidisset

119 1770 258 1809 3ocrucifixum.
282 1769 326 1804 Post
344 1769 482 1812 perceptionem
501 1770 562 1812 itaque
576 1768 642 1810 viatici,
657 1774 695 1803 tota
714 1770 743 1803 die
761 1769 792 1804 illa
811 1775 849 1806 tam
874 1764 875 1768 ¹

146 1821 235 1855 iocundus
246 1827 285 1856 erat
296 1827 315 1856 et
326 1822 394 1864 hilaris,
402 1832 423 1855 ac
435 1822 451 1856 si
462 1827 512 1856 esset
523 1822 546 1855 ab
558 1822 608 1856 omni
618 1822 719 1866 egritudine
731 1823 778 1856 liber
788 1828 806 1857 et
816 1822 848 1857 im-

146 1875 212 1909 munis.
234 1876 316 1919 Accepta
326 1875 406 1919 denique
417 1880 500 1909 extrema
507 1875 598 1916 unctione,
610 1886 651 1910 cum
663 1880 713 1910 esset
722 1875 776 1910 morti
787 1876 848 1921 proni-

146 1939 193 1971 mus,
205 1929 275 1962 nullum
289 1934 351 1962 tamen
364 1933 435 1963 certum
448 1928 512 1963 mortis
526 1928 613 1962 indicium
626 1929 705 1972 pretulit,
718 1939 755 1962 non
770 1929 848 1972 gemitus

146 1982 202 2015 edidit
210 1986 241 2015 aut
248 1981 333 2025 suspiria,
341 1982 374 2016 sed
382 1991 417 2016 nec
425 1982 511 2025 querulas
519 1992 574 2015 voces
583 1982 643 2024 dedit‚·
655 1992 690 2016 nec
700 1982 747 2015 lecto
758 1982 848 2024 decubuit,

118 2044 137 2074 35
146 2034 217 2069 sedvel
228 2034 275 2069 sedit
285 2035 315 2069 vel
326 2040 379 2078 caput
389 2045 446 2078 super
456 2044 530 2068 manum
540 2044 592 2069 suam
603 2034 703 2077 reclinauit,
711 2035 784 2078 quando
792 2035 848 2069 voluit

146 2097 250 2129 repausare.
274 2087 401 2121 inualescente
409 2087 484 2120 tandem
495 2087 565 2129 morbo,
573 2087 677 2130 preciosam
688 2088 779 2120 resolutus
791 2093 820 2121 est
828 2088 848 2121 in

146 2144 229 2181 mortem,
242 2139 366 2173 sextodecimo
382 2139 469 2173 kalendas
483 2139 591 2180 decembris,
605 2150 654 2174 anno
667 2139 736 2173 domini
750 2139 848 2174 millesimo

146 2190 271 2226 ducentesimo
279 2191 424 2235 quadragesimo.
463 2184 569 2226 Monachus
578 2191 651 2235 quidam
661 2191 736 2226 sacrista
742 2192 848 2235 Pontiniaci,

145 2254 223 2288 corpore
231 2244 289 2278 sancti
298 2244 390 2278 Edmundi
398 2244 417 2278 in
425 2244 503 2278 ecclesia
510 2244 602 2288 insepulto
610 2245 669 2279 adhuc
677 2245 774 2287 existente,
782 2245 848 2280 videns

118 2307 138 2337 40
146 2298 213 2331 multos
226 2307 321 2331 accurrere
334 2297 418 2330 deuotius
430 2297 497 2340 aliquid
509 2296 524 2331 si
536 2303 613 2340 possent
625 2297 708 2342 accipere
713 2299 724 2337 ⁷,
738 2297 783 2331 alios
795 2309 848 2332 orna-

145 2355 208 2384 menta
219 2350 269 2384 varia
280 2349 378 2384 offerentes
389 2350 412 2383 ad
424 2355 497 2392 tactum,
509 2349 573 2384 tacitus
586 2350 665 2394 cogitare
675 2350 735 2395 cepit:
748 2351 808 2393 ‘Quid
820 2357 848 2387 est

145 2403 194 2445 quod
205 2407 256 2436 tanta
268 2402 365 2436 deuotione
375 2402 457 2436 fidelium
467 2402 542 2436 minime
556 2403 662 2447 prouocaris
672 2408 691 2437 vt
701 2402 768 2447 aliquid
779 2404 803 2438 de
813 2404 848 2439 hoc

145 2460 209 2489 sancto
217 2455 336 2500 consequaris
343 2456 392 2499 quod
400 2455 423 2489 ad
433 2465 487 2490 casus
495 2455 566 2490 futuros
576 2456 692 2499 profuturum
700 2457 800 2499 reponasi’
824 2456 848 2492 Et

164 2524 195 2555 1Ε.
204 2525 274 2555 Cuidam.
323 2525 461 2554 “Emorcellum
509 2523 761 2561 ³Vit.Soysi,VB.Soisiacum.
811 2525 846 2557 ⁴E.

145 2568 236 2594 reuertetur.
279 2564 313 2595 5Ε.
321 2565 384 2594 auferri.
426 2564 494 2593 ⁶omin
502 2564 519 2594 T.
561 2562 598 2593 1αῖ.
606 2564 681 2601 arripere.
