1762 2803
212 88 258 143 lte
274 86 375 140 &anae
391 92 549 153 mercatura.
689 103 728 147 171

31 220 73 254 ergo
85 206 190 251 euangelica
203 207 298 243 autoritate
310 206 435 253 quadraginta,
448 208 480 242 sed
492 206 566 251 triginta
580 211 598 242 et
613 216 647 241 sex
661 206 731 241 dierum

31 267 100 299 constat
111 261 154 294 uos'
167 262 266 296 obseruare
279 260 371 295 ieiunium.
395 260 460 295 Restat
473 260 534 305 itaque
546 265 565 294 vt
577 266 655 304 quatuor
668 260 732 296 diebus

31 322 72 352 ante
82 314 222 359 quadragesime
232 315 303 348 initium
314 314 395 348 ieiunare
406 314 501 349 nobiscum
512 314 607 357 incipiatis,
616 314 631 348 si
641 313 732 348 dominico

32 368 116 412 exemplo
126 368 246 412 quadraginta
256 368 327 402 dierum
337 377 413 402 numero
423 366 551 401 abstinentiam
562 367 661 401 obseruare
670 366 732 400 volue-

32 421 80 457 ritis:
98 419 177 463 alioquin
193 426 255 455 contra
270 420 329 463 ipsius
341 420 409 454 domini
423 419 553 459 auctoritatem,
567 425 585 453 et
598 421 653 453 totius
669 425 750 463 sancte5

32 472 108 508 ecclesie
115 483 148 505 vos
159 472 193 505 soli
203 472 329 516 repugnabitis
337 472 462 505 traditionem!
485 471 526 504 Hac
536 472 563 504 illi
573 472 643 506 ratione
651 471 733 506 veritatis

32 523 112 567 conuicti,
121 523 209 569 deinceps
221 526 323 560 secundum
334 534 404 559 morem
412 523 522 559 vniuersalis
534 524 611 559 ecclesie
622 534 655 559 sua
665 523 733 559 ieiunia

31 579 117 612 inchoare
124 582 218 621 ceperunt.
252 571 311 613 Aliud
319 577 415 622 proposuit
421 576 490 622 regina,
496 582 514 612 et
522 576 574 612 iussit
579 583 598 612 vt
603 578 733 612 ostenderent²

32 643 66 676 qua
74 630 144 665 ratione
152 630 182 665 die
193 635 256 666 sancto
265 632 339 675 pasche,
347 631 449 666 seeundum
457 641 528 665 morem
536 636 599 666 sancte
607 636 625 666 et
633 631 733 675 apostolice

32 683 113 725 ecclesie,
120 689 234 719 sacramenta
242 684 324 728 corporis
331 689 349 719 et
356 683 452 728 sanguinis
457 683 525 718 Christi
533 695 607 718 sumere
613 684 732 728 negligerent.
742 699 761 721 ιο

33 737 153 780 Respondent
166 737 202 772 illi:
220 738 335 781 ‘Apostolus
347 737 437 780 inquiunt,
450 738 473 770 de
485 737 521 770 hiis
536 738 614 780 loquens
629 737 664 772 ait:
681 737 733 778 “Qui

32 790 128 823 manducat
139 795 157 822 et
168 789 212 823 bibit
224 790 304 833 indigne,
311 789 398 824 iudicium
409 788 442 823 sibi
453 789 551 822 manducat
563 794 581 822 et
591 788 651 823 bibit.”
673 788 733 830 Vnde,

33 841 73 885 qula
80 851 115 875 nos
122 847 228 885 peccatores
239 841 370 885 cognoscimus,
378 852 402 876 ne
412 840 499 875 iudicium
509 840 562 874 nobis
573 841 705 875 manducemus
716 848 734 875 et

33 893 119 935 bibamus,
127 894 151 927 ad
161 893 206 928 illud
216 893 318 928 misterium
328 895 416 928 accedere
426 894 556 928 formidamus!
579 894 650 936 Quibus
660 894 733 939 regina:

33 946 89 988 ‘Quid
104 946 169 990 igitur?
188 946 251 991 inquit.
279 948 350 982 Omnes
365 948 396 992 qui
411 953 518 992 peccatores
534 952 582 988 sunt,
597 953 733 982 sacrosanctum
744 964 761 993 ¹5

33 999 133 1034 misterium
149 1011 186 1034 non
200 1000 323 1044 gustabunt³e
346 1001 406 1035 Nemo
419 1011 463 1043 ergo
477 1000 521 1034 illud
533 1010 606 1034 sumere
619 1000 680 1041 debet,
691 1000 734 1044 quia

33 1062 87 1086 nemo
98 1053 138 1086 sine
150 1053 204 1086 sorde
215 1052 290 1096 peccati,
299 1064 333 1086 nec
344 1052 405 1086 infans
416 1053 468 1086 cuius
479 1058 508 1085 est
518 1053 571 1086 vnius
584 1052 619 1085 diei
629 1052 666 1085 vita
678 1062 734 1095 super

33 1110 105 1138 terram.
128 1104 148 1139 Si
160 1110 221 1139 autem
233 1116 289 1139 nemo
301 1105 345 1140 illud
358 1105 453 1150 percipere
465 1105 524 1146 debet,
533 1116 566 1139 cur
575 1104 649 1139 domino
661 1104 733 1139 dicente

34 1157 97 1192 clamat
112 1158 227 1202 euangelium
243 1158 293 1193 “nisi
312 1158 466 1193 manducaueritis
483 1168 557 1192 carnem
573 1157 606 1192 filii
621 1158 700 1192 hominis
715 1164 733 1192 et

34 1211 113 1245 biberitis
125 1212 165 1245 eius
176 1212 290 1256 sanguinem,
298 1223 335 1246 non
344 1212 434 1246 habebitis
441 1213 497 1246 vitam
504 1211 523 1245 in
530 1211 583 1246 vobis
588 1212 597 1226 ¹¹
604 1214 610 1245 l
633 1211 671 1245 Sed
679 1211 734 1255 plane
743 1227 762 1248 20

34 1265 142 1298 sententiam
150 1276 205 1308 quarn
212 1266 236 1299 de
243 1266 326 1309 apostolo
334 1265 425 1309 profertis,
433 1265 534 1298 secundum
541 1270 614 1308 patrum
622 1263 734 1297 intellectum

34 1317 85 1349 aliter
98 1328 176 1350 necesse
188 1322 216 1350 est
229 1317 340 1360 intelligatis.
362 1318 404 1349 Non
416 1317 466 1350 enim
478 1326 543 1350 omnes
555 1322 661 1359 peccatores
674 1325 734 1349 sacra·

34 1374 94 1402 menta
100 1369 255 1414 salutis⁴indigne
261 1380 335 1404 sumere
342 1370 422 1412 deputat.
446 1368 734 1403 cumenimdixissee‘iudicium

34 1421 67 1455 sibi
78 1423 175 1457 manducat
185 1427 202 1457 et
213 1421 273 1464 bibit,’'
281 1421 343 1457 additl
351 1423 403 1456 “non
411 1420 512 1456 diiudicans
520 1432 586 1466 corpus
594 1421 663 1455 domini
668 1422 688 1464 ”3
700 1422 735 1456 hoc

34 1480 66 1518 est,
78 1486 115 1509 non
127 1487 216 1520 separans
229 1476 273 1511 illud
286 1476 305 1510 in
318 1477 355 1511 tide
367 1477 390 1510 ab
404 1475 451 1511 escis
465 1475 591 1520 corporalibus
602 1474 688 1509 iudicium
700 1474 735 1509 sibi
744 1493 763 1523 ²5

35 1530 130 1563 manducat
141 1535 160 1564 et
171 1529 220 1564 bibit.
243 1529 281 1564 Sed
292 1534 311 1564 et
321 1529 352 1563 ille
360 1528 391 1573 qui
401 1530 471 1573 absque
482 1528 597 1563 consessione
607 1533 625 1563 et
635 1528 735 1573 penitentia

34 1591 73 1615 cum
82 1593 156 1617 suorum
165 1582 303 1626 inquinamento
311 1583 401 1617 scelerum
412 1584 434 1615 ad
445 1593 497 1616 sacra
507 1581 589 1616 misteria
596 1582 684 1616 accedere
692 1592 735 1626 pre-

34 1636 137 1679 sumpserit,
144 1635 180 1678 itte,
188 1635 269 1679 inquam,
276 1635 362 1670 iudicium
373 1635 408 1669 sibi
418 1636 515 1669 manducat
526 1640 544 1668 et
554 1635 604 1669 bibit.
627 1635 653 1668 At
662 1645 696 1668 nos
704 1634 735 1678 qui

35 1687 95 1721 multis
109 1694 151 1722 ante
163 1689 233 1729 diebus,
244 1688 291 1723 sacta
304 1695 421 1732 peccatorum
434 1680 555 1728 consessione,
568 1688 669 1730 penitentia
681 1687 735 1720 casti·

35 1748 102 1781 gamur,
113 1740 186 1775 ieiuniis
197 1745 317 1782 attendamur,
330 1739 436 1774 elemosinis
447 1745 465 1774 et
478 1739 572 1774 lachrimis
585 1739 607 1774 a⁶
618 1745 734 1783 peccatorum
744 1757 763 1788 50

35 1792 118 1827 sordibus
130 1794 231 1837 abluimur,
242 1795 261 1828 in
274 1794 303 1828 die
314 1793 454 1829 resurrectionis
466 1793 556 1827 dominice
567 1794 590 1827 ad
601 1793 640 1827 eius
651 1803 735 1827 mensam

35 1844 52 1877 in
61 1846 148 1881 catholica
156 1847 192 1881 fide
203 1847 329 1889 accedentes',
337 1858 411 1881 carnem
423 1852 441 1881 et
452 1847 560 1891 sanguinem
570 1846 613 1891 agni
624 1846 735 1880 immaculati

36 1896 88 1933 ihesu
97 1899 171 1942 Christi,
179 1911 216 1933 non
227 1902 250 1933 ad
262 1900 354 1941 iudicium,
361 1901 395 1933 sed
406 1901 430 1934 ad
441 1906 557 1942 peccatorum
569 1900 659 1933 sumimus
670 1899 735 1933 remis-

35 1950 110 1993 sionem,
124 1957 141 1986 et
156 1954 179 1986 ad
194 1953 293 1986 salutarem
307 1952 426 1996 percipiende
441 1951 558 1986 beatitudinis
571 1957 635 1986 eterne
647 1961 735 1996 prepara·

35 2002 112 2040 tionem!
132 2005 175 2040 Hiis
182 2006 205 2039 ab
213 2016 235 2040 ea
243 2004 341 2050 perceptis,
347 2006 461 2049 respondere
469 2005 494 2038 nil
502 2010 606 2049 potuerunt,
612 2011 667 2049 atque
674 2005 735 2049 agnita
744 2023 763 2053 35

36 2055 120 2102 deinceps
131 2058 208 2093 ecclesie
218 2058 301 2093 instituta
311 2059 329 2092 in
340 2058 417 2092 misterii
428 2059 512 2093 salutaris
522 2058 640 2104 perceptione
648 2060 735 2094 obserua-

35 2116 80 2145 runt.
126 2105 216 2147 Preterea
229 2113 248 2146 in
261 2113 352 2157 aliquibus
365 2112 410 2147 locis
423 2113 520 2147 Scotorum
533 2113 607 2157 quidam
620 2113 691 2147 fuerant
704 2114 736 2156 qui

36 2168 96 2197 contra
107 2165 163 2199 totius
174 2165 252 2200 ecclesie
264 2165 415 2200 consuetudinem
426 2165 506 2200 missas⁸
517 2166 647 2201 excelebrarel
658 2176 736 2201 consue-

36 2222 103 2251 uerunt.
126 2219 179 2260 Quod
187 2219 255 2262 regina,
263 2219 303 2253 zelo
310 2218 339 2254 dei
347 2229 430 2261 accensa,
436 2218 461 2252 ita
468 2219 563 2254 destruere
571 2225 626 2263 atque
634 2220 736 2256 annihilare

36 2269 105 2311 studuit,
113 2277 133 2304 vt
141 2271 228 2313 deinceps
239 2272 270 2314 qui
280 2272 315 2304 tale
323 2271 367 2314 quid
375 2277 492 2314 presumeret
503 2282 558 2306 nemo
565 2273 585 2306 in
595 2278 633 2306 tota
639 2273 735 2308 Scotorum
744 2279 765 2312 4⁰

35 2325 87 2359 gente
99 2329 202 2367 appareret.
247 2315 339 2360 Solebant
347 2333 425 2367 quoque,
433 2324 516 2367 neglecta
524 2325 656 2360 dominicorum
664 2326 735 2360 dierum

36 2376 142 2418 reuerentia,
150 2375 197 2411 sicut
205 2381 223 2411 et
234 2377 274 2412 aliis
282 2376 347 2412 diebus
357 2377 381 2411 ita
392 2377 410 2411 in
421 2376 458 2412 illis
471 2377 564 2413 laboribus
573 2378 665 2414 insistere.
682 2379 735 2422 Quod

36 2432 70 2460 non
83 2427 144 2472 licere,
156 2430 226 2465 ratione
238 2430 307 2475 pariter
318 2436 336 2464 et
348 2431 454 2466 auctoritate
466 2432 580 2467 ostendebat.
603 2433 736 2477 ‘Dominicum,

37 2493 130 2548 ³¹E.nos.
178 2499 317 2531 transcenderet.
347 2499 382 2530 8Ε.
390 2500 499 2537 gustabuntur.
529 2499 735 2533 ¹E.salut'issacra1nenta.

50 2533 139 2570 Reddidit.
171 2538 204 2569 εΤ.
212 2544 232 2570 et.
262 2539 414 2570 'Descendentes
441 2541 580 2572 ‘ienundlnaa
607 2543 735 2573 ⁹adcelebrare.
