1762 2803
114 140 155 193 196
303 136 383 189 nouo
399 132 515 195 uantum
530 131 622 194 unctio.

113 257 168 301 gendi
176 256 262 290 decidunt
270 279 274 289 .
282 280 286 289 .
295 281 300 290 .
308 256 428 299 Quecumque
439 265 511 298 quoque
521 255 564 288 luna
574 258 616 287 ante
627 252 750 296 equinoctium
760 250 815 293 plena

113 315 146 353 est,
155 309 290 354 quartadecima
299 308 384 342 videlicet
393 308 423 342 vel
433 308 568 352 quintadecima
576 308 663 347 existens,
672 305 706 338 hec
717 304 740 338 ad
751 312 814 347 prece-

113 364 174 397 dentis
182 363 225 396 anni
233 362 354 395 nouissimum
362 362 441 404 pertinet
448 372 538 404 mensem,
544 361 621 403 ideoque
629 358 697 403 pasche
706 355 815 392 celebrando

114 416 180 451 habilis
191 427 228 449 non
240 419 273 448 est.
297 415 337 456 Que
347 424 392 448 vero
403 419 445 458 post
456 414 580 458 equinoctium
588 414 618 447 vel
629 414 648 446 in
660 411 700 456 ipso
712 408 815 454 equinoctio

97 477 105 506 5
115 480 169 504 suum
181 468 302 513 plenilunium
314 467 374 508 habet,
388 467 407 500 in
420 468 454 501 hac
467 468 537 511 absque
550 468 588 501 vlla
599 468 695 507 dubietate,
708 463 750 508 quia
761 461 816 507 primi

114 523 184 557 mensis
192 527 225 563 est,
233 525 252 554 et
262 521 347 563 antiquos
357 520 426 563 pascha
436 520 528 554 celebrare
539 520 607 563 solitos7
615 525 633 554 et
644 530 678 553 nos
685 518 716 552 vbi
725 515 816 551 dominica

114 575 154 610 dies
160 573 260 615 aduenerit‚
265 573 358 607 celebrare
364 573 438 615 debere,
445 573 609 608 noscendum¹est.
628 572 682 615 Quod
688 572 712 605 ita
718 570 758 604 fieri
764 577 815 612 opor-

114 634 153 662 tere
165 627 207 662 iila²
216 626 282 661 nimiro
293 627 338 660 ratio
350 626 402 669 cogit,
411 627 454 670 quia
462 627 481 660 in
490 626 558 661 Genesi
569 626 657 670 scriptum
666 630 694 659 est
702 625 751 668 quod
759 623 769 640 “
775 621 816 654 fecit

115 683 161 714 deus
169 681 205 713 duo
212 690 279 722 magna
286 680 392 713 luminaria:
403 679 492 712 luminare
501 680 565 720 maius,
571 684 590 712 vt
598 683 681 721 preesset
689 678 731 718 diei,
738 681 756 709 et
764 674 817 708 lumi-

88 740 107 762 10
115 744 159 767 nare
171 732 237 774 minus,
249 735 268 765 vt
279 735 362 775 preesset
374 731 438 764 nocti.”
461 730 512 765 Sicut
523 741 567 775 ergo
579 731 630 774 prius
642 729 670 763 sol
681 739 692 762 a
703 728 764 762 medlo
774 735 817 770 pro·

115 787 184 820 cedens
200 785 280 826 orientis,
295 784 418 827 equinoctium
435 783 509 817 vernale
527 794 560 817 suo
575 784 649 827 prefixit
664 788 738 823 exortu;
751 779 817 813 deinde

115 838 164 880 luna,
176 837 215 872 sole
226 837 250 870 ad
257 847 354 880 vesperam
366 836 465 878 occidente,
477 840 495 869 et
506 837 547 880 ipsa
558 836 613 879 plena
624 847 635 869 a
645 834 705 869 medio
716 838 779 868 secuta
789 836 817 865 est

116 891 202 927 orientis:
214 890 239 925 ita
247 890 332 925 omnibus
339 889 393 924 annis
401 890 450 924 idern
458 889 528 933 primus
537 889 580 923 lune
589 889 659 924 mensis
668 887 733 922 eodem
741 894 818 921 necesse

116 951 145 979 est
156 945 220 979 ordine
232 945 307 985 seruari,
316 948 335 977 vt
347 953 384 976 non
396 948 438 977 ante
448 943 577 986 equinoctium,
587 943 658 977 sedvel
668 942 709 985 ipso
720 938 818 984 equinoctii

90 1006 108 1037 15
117 999 152 1041 die,
168 999 214 1031 sicut
228 997 247 1030 in
262 996 351 1040 principio
366 995 433 1030 factum
447 1001 480 1038 est,
492 996 523 1031 vel
538 1007 560 1030 eo
575 1001 682 1030 transcenso
697 993 818 1038 plenilunium

118 1052 185 1085 habere
193 1051 264 1085 debeat.
285 1050 310 1084 At
318 1051 334 1084 si
341 1060 377 1083 vno
388 1050 454 1084 saltem
465 1050 494 1083 die
507 1050 628 1094 plenilunium
638 1055 711 1092 tempus
721 1045 818 1091 equinoctii

117 1104 233 1147 precesserit,
241 1113 279 1135 non
287 1103 334 1135 hanc
341 1103 401 1145 primo
409 1103 469 1135 mensi
476 1103 520 1136 anni
530 1103 639 1145 incipientis,
648 1102 680 1135 sed
688 1101 751 1135 vltimo
759 1100 819 1143 potius

117 1157 198 1199 preteriti
210 1156 273 1188 lunam
286 1166 328 1188 esse
342 1155 475 1195 ascribendam,
489 1160 508 1188 et
520 1156 561 1188 ideo
575 1155 626 1188 festis
638 1154 754 1197 paschalibus
767 1151 819 1184 inha-

117 1209 178 1249 bilem,
187 1211 288 1241 memorata
298 1207 343 1239 ratio
351 1206 420 1249 probat.
444 1205 497 1248 Quod
507 1206 523 1240 si
533 1205 623 1240 misticum
632 1217 704 1250 quoque
712 1204 756 1239 1105Β
763 1204 783 1237 in
790 1202 819 1237 his

91 1268 110 1290 20
118 1261 207 1294 rationem
215 1260 278 1293 audire
286 1259 374 1292 deiectat:
388 1258 449 1297 Primo
457 1268 522 1293 mense
530 1260 579 1300 anni,
586 1261 617 1301 qui
623 1259 677 1292 etiam
684 1259 754 1291 mensis
762 1267 818 1290 nouo-

117 1324 159 1347 rum
172 1314 231 1346 dictus
243 1316 276 1353 est,
290 1311 359 1356 pascha
371 1310 431 1345 facere
444 1311 533 1354 iubemur,
547 1312 589 1355 quia
602 1316 689 1346 renouato
703 1312 726 1345 ad
738 1320 820 1344 amorem

118 1365 213 1400 celestium
221 1364 286 1408 spiritu
294 1365 361 1398 mentis
371 1369 440 1406 nostre,
446 1364 571 1398 sacramenta*¹
577 1365 668 1398 dominice
674 1362 820 1404 resurrectionis,

118 1424 136 1453 et
151 1418 250 1462 ereptionis
266 1422 329 1451 nostre
344 1417 436 1450 celebrare
451 1418 546 1451 debemus.
572 1417 634 1451 Tertia
649 1417 732 1450 eiusdem
750 1414 820 1449 mensis

120 1473 222 1517 septimana
230 1471 290 1505 facere
298 1470 418 1515 precipimur:
429 1470 471 1514 quia
479 1476 521 1505 aute
528 1470 588 1515 legem
595 1476 612 1505 et
621 1471 655 1505 sub
663 1470 703 1514 lege
711 1469 820 1515 promissus,

92 1533 110 1563 ²5
119 1526 171 1560 tertio
177 1531 260 1568 tempore
265 1524 322 1557 seculi
327 1534 368 1557 cum
374 1524 431 1567 gratia
435 1524 484 1557 venit
491 1524 537 1568 [ipse
543 1523 662 1567 qui]⁶paseha
668 1528 750 1558 nostrum
756 1524 821 1556 immo-

119 1579 191 1619 laretur,
201 1577 295 1610 Christus:
310 1576 363 1619 1111111Β
370 1577 424 1609 tertia
435 1580 476 1619 post
488 1576 632 1610 immolationem
644 1587 677 1610 sue
688 1576 780 1619 passionis
791 1576 821 1610 die

119 1640 219 1673 resurgens
230 1640 240 1662 a
252 1630 332 1670 mortuis,
341 1629 388 1661 hanc
400 1629 509 1662 dominicam
517 1629 582 1670 vocari,
591 1635 608 1663 et
619 1630 637 1663 in
649 1640 670 1662 ea
681 1640 715 1663 nos
727 1629 821 1663 annuatim

120 1683 213 1728 paschalia
227 1682 310 1715 eiusdem
323 1682 462 1715 resurrectionis
477 1682 533 1715 voluit
547 1681 594 1715 festa
608 1682 711 1716 celebrare:
729 1682 772 1725 quia
786 1692 821 1716 nos

120 1746 193 1780 quoque
201 1737 225 1768 ita
233 1734 292 1768 solum
300 1734 389 1768 veraciter
399 1735 438 1768 eius
450 1734 552 1778 solempnia
562 1735 681 1777 celebramus,
690 1736 705 1768 si
715 1746 748 1779 per
760 1735 821 1777 fidem,

92 1797 111 1827 3⁰
121 1798 179 1833 spem,
192 1793 211 1822 et
222 1788 329 1822 charitatem
340 1787 414 1831 pascha,
426 1787 444 1821 id
456 1792 485 1821 est
499 1788 613 1822 ‘transitum‘
626 1789 649 1822 de
663 1788 697 1822 hoc
713 1788 782 1822 mundo
797 1789 820 1822 ad

120 1847 196 1886 patrem,
210 1851 252 1872 cum
264 1840 295 1873 illo
310 1840 370 1872 facere
384 1850 474 1872 curamus.
497 1840 542 1873 Post
557 1840 680 1883 equinoctium
695 1842 750 1882 veris,
763 1841 822 1883 pleni-

120 1895 190 1929 lunium
203 1893 273 1927 mensis
286 1893 399 1937 precipimur
412 1894 511 1927 obseruare
524 1893 621 1937 paschalis,
633 1899 652 1928 vt
664 1894 748 1928 videlicet
761 1894 821 1937 primo

120 1948 148 1983 sol
156 1947 257 1991 longiorem
265 1952 318 1979 nocte
327 1945 380 1979 faciat
388 1946 443 1988 diem,
452 1946 518 1980 deinde
526 1946 569 1979 luna
580 1946 655 1989 plenum
664 1957 697 1979 sue
705 1946 750 1980 lucis
758 1946 822 1980 orbem

120 2001 189 2035 mundo
197 2004 300 2043 presentet:
313 1999 355 2042 quia
362 1999 422 2042 primo
430 1998 504 2042 quidem
512 2000 540 2033 sol
548 2000 623 2042 iusticie,
631 2001 650 2033 in
659 2000 710 2033 cuius
720 2001 786 2044 pennis
794 2005 823 2033 est

93 2061 111 2090 55
121 2054 194 2094 sanitas,
207 2053 267 2085 idest
280 2053 366 2085 dominus
379 2051 450 2094 Ihesus,
463 2063 497 2095 per
510 2053 648 2086 resurrectionis
662 2064 695 2086 sue
708 2053 822 2096 triumphum

121 2109 195 2139 cunetas
206 2105 269 2137 mortis
277 2105 362 2137 tenebras
374 2105 473 2147 superauit,
485 2114 505 2138 ac
514 2104 551 2138 515τ
559 2106 661 2139 ascendens
669 2105 688 2138 in
699 2106 754 2147 celos,
765 2106 823 2139 misso

121 2159 201 2202 desuper
209 2157 278 2201 spiritu,
287 2156 382 2190 ecclesiam
393 2168 446 2191 suam
457 2168 493 2201 que
505 2168 550 2201 sepe
562 2157 605 2190 lune
613 2157 700 2192 vocabulo
711 2159 823 2201 designatur,

120 2212 192 2245 interne
203 2210 260 2254 gratie
271 2209 311 2243 luce
322 2209 405 2253 repleuit.
428 2211 472 2244 Post
482 2212 607 2254 equinoctium
615 2222 693 2255 quoque,
701 2211 823 2254 plenilunium

121 2275 142 2298 ac
152 2263 326 2308 quartamdecimam
338 2263 392 2304 diem,
403 2268 491 2296 monente
503 2264 598 2306 euangelio
608 2265 657 2297 diem
668 2264 779 2297 dominicum
791 2276 823 2298 ex-

93 2324 113 2354 40
121 2322 220 2362 pectantes,
232 2316 301 2360 pascha
312 2321 396 2350 nostrum
408 2316 528 2359 celebramus,
539 2321 559 2350 vt
571 2316 673 2351 indicemus
686 2327 721 2351 nos
733 2328 770 2351 non
782 2328 823 2352 cum

122 2371 201 2415 antiquis
212 2380 311 2404 excussum
323 2370 397 2413 egyptie
410 2370 502 2404 seruitutis
516 2371 579 2414 iugum
591 2370 679 2411 venerari,
692 2371 725 2404 sed
738 2371 824 2415 redemp-

121 2425 190 2458 tionem
198 2424 254 2457 totius
262 2424 330 2465 mundi,
336 2434 372 2467 que
380 2423 399 2457 in
408 2424 477 2467 antiqui
485 2423 514 2457 dei
523 2423 586 2467 populi
594 2423 701 2457 liberatione
707 2424 823 2468 prefigurata,

122 2478 141 2510 in
149 2476 216 2511 Christi
224 2481 285 2509 autem
293 2477 426 2511 resurrectione
435 2476 525 2520 completa
532 2482 566 2519 est,
574 2476 640 2510 deuota
651 2476 687 2509 fide
698 2487 718 2511 ac
727 2478 823 2513 dilectione

143 2548 274 2578 ¹E.tenendum
321 2549 411 2580 ῃΙ·Ξ,11111111.
458 2550 492 2578 ΒΕ.
500 2559 534 2578 nos.
581 2547 689 2580 ⁴E.sacram.
739 2551 772 2582 5Τ.
782 2551 799 2581 Ε.
807 2551 824 2581 in

98 2596 159 2627 qua.
218 2587 252 2618 ⁶T.
260 2587 277 2617 E.
286 2587 358 2625 Qui;al.
367 2589 407 2626 quia.
468 2587 546 2619 ⁷E.acsi.
