1762 2803
241 126 286 182 ba
302 125 402 178 senua
418 124 582 177 columbano.
716 141 757 172 211

59 246 89 281 dei
99 247 194 291 oportunis
205 246 291 282 subsidiis
302 247 398 289 honorare,
406 258 461 291 quam
471 247 566 282 dominum
577 258 601 282 ex
611 258 708 282 seruorum
719 246 759 282 eius

59 300 129 334 offensa
142 302 165 334 ad
177 300 289 335 iracundiam
300 302 412 345 prouocare?
436 300 488 335 Missi
500 306 543 334 sunt
553 300 608 344 igitur
618 300 684 342 nuncii,
694 300 760 334 cibaria

59 352 172 386 Columbano
185 354 295 387 deferentes.
318 353 407 394 Quicum
418 352 494 386 vidisset
508 353 575 387 cibaria
588 359 606 387 et
620 354 690 396 pocula,
704 353 760 387 abho-

59 403 138 438 minatus
147 411 175 439 est
185 417 212 447 ea,
220 406 296 440 dicens:
308 406 360 440 ‘Non
369 405 418 440 enim
427 405 502 450 dignum
510 411 538 441 est
546 412 564 441 vt
572 405 682 440 famulorum
691 406 720 440 dei
728 416 760 440 ora

59 457 104 491 cibis
116 458 156 492 eius
168 459 271 502 polluantur
282 459 313 502 qui
325 469 362 493 non
374 459 433 492 solum
445 459 489 499 suis,
499 469 563 493 verum
574 465 592 493 et
604 458 681 493 aliorum
691 458 778 499 habita-5

60 509 105 544 culis
116 510 189 545 famulis
200 511 230 546 dei
241 512 309 546 aditum
322 513 411 556 denegat?
435 512 470 547 His
481 512 533 547 dictis
544 524 588 547 vasa
601 513 662 547 omnia
672 512 691 547 in
703 512 760 547 frusta

60 563 132 607 dirupta
140 565 234 606 suntuna
242 566 281 599 solo
290 565 361 607 diffusa,
366 570 388 600 'et
398 570 459 600 cetera
468 565 579 609 separatim1
588 565 679 610 dispersa.
702 565 760 600 Paue-

60 616 101 650 sacti
114 616 191 651 ministri
204 628 243 651 rem
255 624 325 662 gestam
338 618 377 662 regi
389 618 476 653 nunciare
488 630 511 653 ex
523 619 588 653 ordine
600 619 693 653 curabant.
717 618 759 652 Rex

59 668 114 713 igitur
125 669 190 704 timore
202 677 301 715 correptus,
314 682 355 705 cum
368 671 409 705 auia
421 671 499 705 diluculo
512 672 535 706 ad
547 672 607 706 virum
619 671 648 706 dei
661 677 759 716 properat:

60 727 159 765 precantur
166 724 189 755 de
197 724 295 757 commisso
303 723 381 764 veniam,
389 724 407 757 in
415 724 496 757 futurum
508 735 528 758 sc
538 724 637 757 emendare
645 724 760 767 pollicentur.
770 733 789 755 ιο

61 774 153 809 Promissa
167 780 228 810 tamen
240 787 274 810 rex
285 786 360 810 seruare
372 775 447 819 negligit
461 780 480 810 et
493 775 547 809 solita
559 775 648 810 adulteria
659 775 760 810 committit.

61 827 102 870 Quo
113 828 179 870 audito,
187 828 215 862 vir
226 829 255 863 dei
266 830 336 863 litteras
347 828 385 872 regi
394 829 503 863 verberibus
514 829 580 872 plenas
592 828 677 872 dirigens,
686 839 760 864 excom-

60 880 201 916 municationem
209 882 335 923 comminatur,
343 881 359 915 si
367 892 387 915 se
396 883 495 916 emendare
504 892 541 916 non
549 887 666 926 proponeret.
689 882 719 916 Aa
726 881 761 917 hec

61 934 177 969 Brunchildis
189 936 320 969 contravirum
332 935 361 968 dei
373 945 436 979 regem
448 934 520 976 excitat,
532 945 624 978 proceres,
634 941 652 969 et
664 935 762 979 episcopos

61 987 143 1020 sollicitat
156 993 175 1021 vt
188 988 228 1021 eius
242 987 325 1031 religioni
337 988 455 1030 detrahendo,
467 987 549 1031 regulam
563 997 617 1032 quam
630 987 669 1022 suis
682 988 789 1028 custodi-15

61 1040 128 1073 endam
139 1041 234 1073 monachis
246 1045 338 1082 statuerat,
349 1041 466 1074 macularent.
489 1040 531 1074 Rex
543 1040 598 1084 igitur
608 1040 707 1075 multorum
719 1051 761 1084 per·

61 1092 177 1127 suasionibus
184 1092 274 1136 incitatus,
283 1093 386 1128 Luxouium
394 1093 449 1135 venit,
458 1099 476 1128 et
487 1104 519 1127 cur
526 1093 555 1128 vir
562 1093 592 1128 dei
600 1105 611 1128 a
619 1094 761 1139 comprouincia-

61 1145 105 1178 lium
112 1145 193 1179 moribus
199 1146 316 1188 discreparet,
322 1151 340 1179 et
345 1147 393 1179 intra
399 1151 451 1189 septa
457 1147 556 1179 secretiora
565 1147 650 1179 omnibus
657 1146 761 1180 christianis

61 1196 121 1230 aditus
134 1209 171 1231 non
183 1203 253 1241 pateret
265 1198 348 1243 quesiuit.
370 1198 404 1231 Vir
415 1205 475 1232 autem
487 1199 516 1232 dei
528 1209 549 1232 se
561 1200 712 1233 consuetudinem
724 1209 761 1234 non

62 1251 130 1284 habere
135 1252 235 1294 respondit,
241 1251 373 1284 vtsecularium
379 1251 473 1284 hominum
479 1251 635 1284 voluntatibus²et
642 1252 667 1295 [a]
673 1251 760 1295 religione
771 1261 790 1282 ro

62 1301 126 1337 alienis
134 1302 244 1337 famulorum
253 1303 283 1338 dei
295 1303 410 1338 habitationis
420 1305 488 1349 pandat
498 1303 602 1346 introitum;
615 1304 660 1339 sed³
670 1311 712 1348 apta
721 1305 761 1340 loca

62 1356 85 1392 ad
97 1356 130 1392 hoc
142 1357 210 1392 habere
222 1362 289 1401 parata,
300 1368 336 1401 quo
347 1357 429 1392 omnium
440 1356 533 1400 hospitum
545 1358 635 1392 aduentus
646 1357 760 1401 suscipiatur.

63 1409 105 1443 Rex
117 1409 152 1443 ait:
167 1409 197 1443 ‘Si
210 1410 297 1452 largitatis
311 1415 373 1443 nostre
385 1420 462 1443 munera
475 1415 493 1443 et
506 1409 600 1443 solaminis
612 1410 761 1454 supplementum

63 1472 129 1504 capere
140 1462 197 1505 cupis
205 1462 291 1495 omnibus
301 1462 319 1495 in
329 1462 373 1495 locis
383 1461 464 1495 omnium
472 1461 540 1504 patebit
550 1461 656 1504 ingressus.¹
679 1462 713 1495 Cui
721 1462 762 1497 ille:

63 1514 99 1556 ‘Si,
107 1515 156 1559 quod
164 1525 212 1548 nunc
220 1526 278 1559 vsque
286 1515 320 1548 sub
329 1514 406 1558 regulari
415 1513 510 1559 disciplina
518 1521 647 1550 conseruatum
655 1520 688 1557 est,
694 1515 763 1551 violare
773 1524 790 1555 25

63 1567 140 1609 conaris,
148 1578 182 1601 nec
193 1568 228 1602 tuis
239 1567 345 1602 muneribus
356 1578 390 1603 nec
400 1567 538 1612 quibuscunque
546 1567 632 1602 subsidiis
642 1579 672 1603 me
680 1579 691 1602 a
698 1574 717 1603 te
724 1568 763 1604 sore

63 1621 204 1654 sustentandum
210 1621 290 1654 noueris.
315 1620 338 1654 Et
344 1621 360 1654 si
367 1621 414 1655 hanc
420 1621 443 1655 ob
450 1631 523 1655 causam
530 1620 564 1655 huc
569 1621 635 1655 venisti
641 1627 660 1656 vt
667 1632 763 1657 seruorum

63 1673 93 1708 dei
104 1674 181 1708 cenobia
192 1675 282 1713 destruas,
290 1678 309 1707 et
319 1674 422 1717 regularem
434 1673 549 1717 disciplinam
561 1674 647 1714 macules,
656 1674 701 1709 scito
712 1680 764 1709 tuum

48 1724 50 1727 ’
64 1737 142 1771 regnum
148 1726 229 1761 funditus
235 1726 325 1760 ruiturum
332 1731 349 1760 et
356 1737 397 1760 cum
403 1726 452 1760 omni
458 1727 558 1770 propagine
565 1726 614 1770 regia
620 1727 764 1762 anullatumm⁴.’

65 1778 101 1812 His
116 1780 169 1812 dictis
181 1778 256 1811 territus
270 1788 304 1811 rex
319 1778 412 1821 egreditur
427 1783 445 1811 et
460 1778 505 1812 diris
519 1778 673 1821 increpationibus
686 1778 720 1813 viri
735 1779 764 1814 dei
773 1786 793 1816 30

65 1835 179 1875 perurgetur.
198 1830 221 1863 Et
229 1829 253 1862 ait
261 1841 305 1864 rex:
315 1829 408 1873 ‘Martyrii
415 1841 501 1864 coronam
507 1841 538 1864 me
544 1830 576 1863 tibi
584 1830 675 1864 illaturum
682 1834 764 1874 speras?

64 1894 101 1918 non
109 1893 151 1918 esse
162 1893 183 1917 se
190 1886 240 1916 tante
249 1881 341 1916 dementie
348 1887 367 1916 vt
378 1881 414 1916 hoc
424 1887 494 1916 tantum
502 1887 583 1927 patraret
593 1883 663 1926 scelus3
676 1884 709 1917 sed
717 1884 763 1928 poti·

64 1936 102 1971 oris
113 1935 183 1970 consilii
196 1946 216 1969 se
224 1934 274 1968 vtilia
285 1940 390 1978 paraturum
402 1935 502 1979 respondit,
509 1940 529 1970 vt
540 1935 571 1979 qui
582 1936 605 1969 ab
617 1936 699 1970 omnium
711 1947 764 1971 secu-

64 1989 130 2024 larium
142 1999 193 2023 more
204 1988 321 2031 discreparet,
329 1998 365 2031 qua
375 1993 450 2022 venerat
462 1988 521 2023 cavia
533 1988 622 2032 repedare
633 1989 710 2023 studeat.
732 1989 763 2024 Ad

65 2043 99 2077 hec
113 2042 238 2077 Columbanus
253 2051 274 2075 se
287 2040 330 2075 dicit
343 2041 366 2074 de
380 2040 451 2074 cenobii
466 2041 524 2085 septis
539 2052 576 2075 non
591 2052 714 2086 egressurum,
727 2042 763 2077 nisi
773 2048 792 2079 35

65 2095 154 2130 violenter
162 2095 282 2128 abstrahatur.
305 2093 394 2127 Discessit
405 2104 449 2137 ergo
459 2104 498 2134 rex,
507 2094 613 2138 relinquens
624 2100 666 2138 post
675 2095 764 2129 sevirum

65 2149 140 2182 nomine
149 2146 263 2188 Baudulsum,
272 2145 302 2189 qui
310 2146 370 2180 virum
380 2146 409 2180 dei
420 2157 431 2180 a
441 2146 552 2181 monasterio
559 2147 660 2190 expellens,
668 2148 691 2181 ad
698 2158 765 2182 veson-

66 2201 150 2234 tionense
164 2199 238 2243 opidum
250 2199 273 2232 ad
286 2198 397 2232 exulandum
411 2198 513 2242 perduxitt
537 2198 564 2232 lbi
578 2199 627 2232 enim
641 2199 766 2235 Columbanus

66 2263 164 2295 carcerem,
170 2252 201 2287 vbi
209 2251 260 2285 multi
268 2250 361 2294 dampnati
369 2256 426 2292 erant,
434 2252 484 2284 nullo
492 2252 576 2285 obstante
583 2251 684 2295 ingressus,
688 2253 766 2288 verbum

67 2304 136 2340 domini
145 2304 248 2349 dampnatis
256 2302 351 2348 depromit.
374 2303 471 2348 Spondent
481 2303 506 2338 illi
515 2303 559 2338 sesi
570 2303 695 2347 liberarentur,
703 2315 767 2341 emen·
775 2312 796 2344 4⁰

66 2360 140 2393 daturos
158 2364 176 2392 et
195 2360 218 2392 de
236 2358 334 2392 commissa
350 2367 399 2390 noxa
416 2356 536 2400 penitentiam
553 2362 630 2391 acturos.
653 2358 692 2392 Nec
709 2369 767 2402 mora¹

67 2412 166 2455 compedes
178 2412 244 2455 quibus
258 2411 307 2455 ligati
322 2415 379 2453 erant,
390 2409 446 2444 veluti
461 2409 521 2444 frutex
536 2410 643 2453 putrefacta,
656 2422 691 2456 per
705 2418 768 2456 partes

66 2464 174 2500 comminuti
185 2470 233 2500 sunt.
256 2463 307 2499 Lotis
313 2473 358 2498 vero
367 2462 445 2508 pedibus
455 2473 519 2497 eorum
529 2467 584 2508 atque
593 2463 663 2500 lintheo
673 2464 768 2510 abstersis,

87 2528 218 2566 ¹E.seperatim.
280 2525 631 2560 ²om.inT.;Vitsecularibushominibus.
691 2528 737 2560 'vu
745 2539 769 2560 se.

66 2567 73 2586 ⁴
83 2567 114 2599 Vit.
122 2568 252 2605 demergendum.
311 2567 317 2584 ³
327 2566 346 2596 Τ.
353 2566 371 2597 E.
378 2566 458 2604 produxit.

403 2626 433 2649 ΡΖ
