1762 2803
298 140 344 196 Da
359 138 459 193 sautu
474 139 622 195 munuum.
765 153 808 197 275

108 260 194 295 delectet¹
203 261 271 295 habere
281 265 369 295 eternam.
391 260 488 295 Accensus
497 271 541 304 ergo
549 261 610 294 furore
618 259 708 303 dyabolus
716 259 764 303 quod
772 264 809 293 tam

107 313 176 348 sanctis
184 313 372 363 principiis'iuuenem
382 312 414 347 niti
425 313 544 358 conspiceret,
552 313 620 347 inuidie
628 311 707 347 stimulis
714 311 809 356 operarios

107 366 207 411 iniquitatis
219 367 325 409 inflammat,
333 366 364 411 qui
375 367 452 401 conficto
463 367 558 401 mendacio
566 366 671 411 opinionem
679 364 752 400 iuuenis
759 364 809 409 apud

107 430 171 464 regem
179 421 244 463 ledant,
253 425 358 455 asserentes
366 420 416 454 illum
427 420 480 454 malis
488 420 557 455 artibus
567 420 663 460 imbutum,
671 430 705 453 nec
713 418 810 462 quicquam

108 472 170 506 diuino
181 473 253 516 auxilio,
262 474 295 507 sed
306 473 393 517 pleraque
401 474 500 507 demonum
508 473 595 517 prestigio
603 472 681 516 operari.
703 472 810 505 Aduertens
820 483 828 514 5

109 530 171 558 autem
180 526 287 560 Dunstanus
295 526 359 560 faciem
370 526 419 569 regis
430 536 467 560 non
477 536 519 561 esse
531 526 577 560 sicut
588 526 626 560 heri
635 531 653 559 et
665 524 732 559 nudius
740 523 811 563 tertius,

108 576 203 613 discedere
214 584 272 624 parat,
281 578 352 614 malens
361 590 425 624 regem
435 585 502 624 sponte
510 579 601 621 deserere,
609 589 665 624 quam
673 589 683 612 a
691 588 734 623 rege
742 575 811 611 inuitus

108 632 215 676 derelinqui.
238 632 353 667 Emulatores
365 632 414 667 enim
426 632 465 668 eius
475 632 547 668 insidiis
558 632 593 667 iter
603 632 693 674 obsident,
703 630 763 666 socios
774 630 810 664 dis-

108 686 186 728 turbant,
198 686 248 720 illum
260 698 307 730 equo
318 686 409 729 deiiciunt,
417 686 508 730 supplitiis
519 686 606 730 affligunt,
618 691 637 720 et
646 684 724 720 vinculis
734 684 809 728 ligatum

108 737 127 771 in
143 738 240 773 cisternam
256 740 347 783 quandam
364 739 463 782 depellunt.
486 738 578 772 Intellexit
593 749 638 782 ergo
653 738 688 771 hoc
703 748 745 771 esse
760 738 810 781 prin·
821 745 839 768 10

109 791 176 835 cipium
182 792 292 833 certaminis,
298 793 320 826 ad
326 793 374 835 quod
382 792 433 825 illum
442 791 515 825 diuinus
523 802 582 834 nuper
587 791 692 825 citharedus
699 790 810 834 premonuit.

109 844 203 878 Profectus
211 844 259 885 inde,
267 850 364 888 cognatum
372 854 426 877 suum
435 844 538 887 Elphegum
543 844 637 877 Wentane
644 843 695 877 vrbis
703 843 810 886 episcopum

110 896 165 938 adiit;
181 909 192 931 a
203 909 239 941 quo
250 896 341 941 frequenti
354 896 486 940 supplicatione
499 901 573 940 rogatus
585 901 613 930 est
625 901 644 929 vt
660 895 770 930 monachum
784 895 811 929 in·

109 951 178 993 dueret‚
190 953 195 970 ‘
200 950 247 994 quia,
261 950 323 994 inquit,
338 960 415 984 necesse
431 955 459 984 est
470 949 501 984 νῑ2
511 949 542 993 qui
558 948 620 993 ignem
633 948 713 983 iehenne
723 947 812 983 voluerit³

110 1003 196 1047 effugere,
205 1005 266 1046 ignem
278 1002 425 1046 concupiscentie
437 1003 509 1037 studeat
520 1002 633 1046 extinguere.
656 1001 707 1046 lgnis
714 1012 758 1036 vero
769 1012 811 1036 con·
822 1013 839 1043 15

110 1056 222 1100 cupiscentie
234 1067 271 1090 non
283 1056 360 1089 multum
372 1055 489 1099 extinguitur,
497 1055 513 1089 si
525 1055 606 1090 fomenta
616 1055 665 1090 illius
676 1055 761 1089 humanis
769 1066 812 1089 sen·

109 1109 160 1142 sibus
175 1120 212 1142 non
228 1109 365 1142 subtrahuntur.
387 1108 438 1141 Sicut
452 1108 501 1141 enim
514 1109 564 1151 ligna
578 1109 601 1141 ad
616 1108 685 1151 ignem,
700 1108 726 1141 sic
741 1119 763 1141 ea
776 1119 812 1151 que

110 1161 195 1195 sensibus
204 1160 298 1195 subiacent
306 1161 328 1194 ad
337 1160 508 1204 concupiscentiam.
531 1160 570 1194 Sed
582 1160 632 1194 nulla
643 1160 678 1194 erit
688 1160 812 1194 fomentorum

110 1214 214 1256 subtractio,
229 1214 245 1247 si
260 1214 370 1248 secularium
385 1214 500 1256 negotiorum
518 1224 556 1247 non
573 1213 627 1247 luerit
642 1213 759 1247 renunciatio.
783 1213 811 1247 Ex

110 1266 176 1310 quibus
186 1266 256 1299 elicitur
262 1272 282 1299 vt
293 1265 308 1299 si
317 1266 378 1309 ignem
389 1265 468 1299 iehenne
476 1265 556 1299 volueris
565 1265 652 1309 effugere,
664 1265 725 1298 seculo
737 1265 812 1299 studeas
821 1280 840 1301 ao

110 1319 230 1353 renunciare!
252 1319 306 1361 Quod
316 1329 358 1352 cum
369 1318 429 1352 facere
438 1318 524 1359 differret,
532 1317 551 1351 in
560 1317 645 1362 ambiguo
652 1317 733 1362 positum
741 1318 811 1362 grauis·

110 1372 157 1406 sima
170 1372 226 1406 febris
238 1372 309 1413 inuasit,
323 1377 342 1405 et
354 1382 412 1415 vsque
426 1372 449 1405 ad
462 1371 609 1415 desperationem
622 1371 659 1405 vite
674 1371 765 1415 perduxit.
788 1372 812 1406 Et

110 1424 168 1459 accito
176 1424 268 1469 episcopo,
276 1424 355 1468 postulat
363 1423 398 1457 sibi
406 1424 460 1457 dilate
468 1423 561 1467 religionis
568 1424 650 1457 habitum
658 1423 703 1457 dari.
726 1424 761 1466 Qui
770 1434 812 1458 cum

110 1489 177 1522 magna
189 1477 245 1512 letitia
258 1477 343 1512 celeriter
354 1477 405 1511 illum
421 1476 523 1511 monachali
538 1487 559 1511 ac
574 1476 682 1511 sacerdotali
697 1477 755 1521 gratia
770 1488 813 1522 pro-

111 1531 173 1572 mouit,
181 1530 274 1564 attitulans
282 1541 324 1564 eum
333 1529 411 1564 ecclesie
417 1530 471 1563 beate
479 1529 537 1563 Marie
545 1529 564 1563 in
572 1529 672 1571 Glastonia,
677 1529 708 1564 vbi
716 1535 812 1573 parentum
823 1543 841 1573 ²5

111 1595 186 1618 suorum
194 1583 269 1627 sponsio
278 1594 320 1617 eum
328 1583 394 1617 dicauit
402 1584 424 1617 ab
432 1582 489 1617 initio.
512 1582 539 1616 lbi
549 1582 598 1617 enim
606 1583 727 1617 adherentem
736 1584 813 1618 ecclesie

111 1636 182 1676 cellam,
190 1636 229 1670 siue
237 1636 333 1678 destinam,
341 1636 381 1670 siue
389 1636 502 1680 speluncam,
510 1635 551 1669 siue
559 1635 595 1669 alio
603 1635 684 1679 quolibet
692 1636 767 1671 nomine
773 1647 813 1672 rec-

110 1690 147 1724 tius
162 1690 252 1723 nominari
271 1694 397 1734 potest,-non
416 1689 465 1722 enim
484 1689 558 1722 inuenio
573 1700 610 1732 qua
628 1689 672 1722 illud
691 1690 813 1733 appellatione

110 1748 192 1784 vocetur,
209 1753 250 1775 cum
265 1753 303 1775 non
318 1747 356 1776 tam
373 1741 448 1775 humani
463 1741 561 1774 habitaculi
576 1752 631 1785 quam
646 1741 724 1775 formam
738 1743 814 1785 gerebat

111 1794 306 1838 sepulchri—propriis
321 1794 414 1828 laboribus
429 1793 528 1828 fabricauit.
559 1794 647 1828 Eiusdem
660 1806 704 1828 vero
719 1795 814 1839 longitudo
823 1810 843 1839 30

111 1848 157 1882 celle
169 1859 207 1881 non
219 1848 298 1891 amplius
308 1848 389 1892 quinque
401 1849 475 1892 pedum,
488 1847 563 1881 latitudo
576 1849 622 1881 duos
635 1852 653 1881 et
666 1848 723 1882 semis
734 1848 813 1883 habebat

111 1901 174 1946 pedes.
198 1900 255 1935 Porro
266 1901 342 1936 altitudo
352 1906 440 1936 staturam
450 1900 536 1945 exprimit
547 1900 631 1942 hominis,
639 1899 698 1945 siquis
709 1900 728 1935 in
739 1901 814 1936 defossa

111 1960 161 1988 terra
172 1953 278 1988 constiterit.
300 1954 360 1988 Aliter
369 1953 419 1988 enim
430 1965 490 1998 neque
503 1953 547 1987 satis
557 1954 580 1987 ad
591 1959 655 1997 pectus
666 1954 774 1997 porrigitur;
789 1962 814 1996 vt,

112 2006 158 2041 sicut
168 2006 211 2048 dixi,
222 2006 281 2050 magis
291 2006 358 2040 mortui
368 2007 451 2040 videatur
463 2006 586 2050 sepulchrum,
594 2017 649 2050 quam
656 2006 736 2041 uiuentis
746 2008 814 2041 habita-

112 2060 177 2093 culum.
195 2058 249 2091 Vnde
257 2058 374 2092 manifestum
382 2065 410 2093 est
418 2059 469 2092 illum
477 2070 538 2102 neque
545 2058 622 2093 iacendo
629 2070 727 2103 sompnum
736 2061 814 2104 cepisse,
822 2076 842 2106 35

112 2117 131 2145 et
146 2111 211 2145 stando
226 2111 281 2145 deum
297 2121 372 2154 semper
385 2122 453 2145 orasse.
476 2111 567 2145 Ostiolum
580 2117 641 2145 autem
656 2111 705 2146 idem
721 2118 749 2146 est
765 2113 813 2155 quod

111 2164 183 2208 paries:
196 2163 249 2205 Quod
260 2163 309 2197 enim
321 2163 431 2207 ingredienti
441 2163 514 2205 ostium,
522 2163 570 2198 idem
582 2164 666 2207 ingresso
679 2164 740 2208 parics
753 2164 814 2200 fiebat.

113 2217 195 2251 Medium
208 2216 268 2250 ostioli
280 2215 396 2250 fenestrella⁴
408 2216 472 2260 aperit,
484 2227 585 2261 perquam
599 2217 661 2250 lunren
673 2217 756 2261 operanti
768 2217 814 2252 irra-

112 2271 173 2304 diauit.
196 2270 237 2303 Hec
248 2274 287 2303 erat
297 2269 358 2302 iuueni
366 2270 437 2310 domus,
446 2270 475 2303 hic
485 2270 548 2311 lectus,
556 2270 591 2303 hoc
601 2270 624 2303 de
632 2275 669 2303 toto
680 2271 749 2303 mundo
759 2282 813 2315 spec-

111 2325 197 2358 taculum.
219 2323 289 2357 Vemm
300 2321 376 2356 humani
387 2322 461 2366 generis
472 2322 562 2363 inimicus,
572 2333 627 2367 quem
639 2328 681 2357 ante
693 2333 730 2357 non
741 2324 813 2360 sinebat
822 2337 843 2368 40

111 2378 194 2412 habitare
202 2377 221 2410 in
228 2376 300 2421 palatio,
309 2386 351 2409 eum
358 2386 407 2409 nunc
417 2375 480 2409 nititur
487 2376 580 2420 depellere
588 2376 665 2420 tugurio.
688 2376 727 2410 Sub
735 2378 814 2413 obscuro

112 2441 193 2474 namque
203 2440 282 2473 vespere
294 2429 358 2462 cellam
369 2428 441 2462 iuuenis
451 2423 521 2472 petens,
532 2428 615 2462 immisso
625 2429 684 2473 capite
695 2429 777 2464 fenestre
786 2431 814 2465 in·

112 2483 185 2523 cumbit,
193 2483 252 2516 cernit
261 2482 311 2515 illum
323 2481 382 2514 fabrili
394 2492 450 2524 opere
460 2486 572 2524 occupatum,
581 2482 661 2524 postulat
673 2482 708 2516 sibi
719 2484 814 2526 quippiam

112 2534 201 2569 fabricari.
217 2535 325 2568 Dunstanus
332 2539 393 2567 autem
401 2544 461 2578 neque
467 2533 507 2567 eius
515 2533 632 2567 calliditatem
640 2535 745 2577 aduertens,
753 2546 814 2580 neque

132 2594 249 2626 ¹atde1ectat.
280 2593 383 2632 linquit-vt
390 2602 420 2624 orn.
429 2593 445 2623 in
453 2592 471 2624 T.
506 2592 540 2624 ³13.
547 2592 623 2625 voluerat.
660 2592 695 2625 ⁴E.
703 2594 814 2626 fenestrellam.

450 2649 484 2675 aa
