1762 2803
273 99 319 157 Qu
333 99 436 153 &anae
451 97 531 151 uhta.

170 261 185 297 ll
197 253 231 295 Dr
242 270 314 294 sarcre
326 252 383 293 Enna
393 269 470 293 vinciar
481 269 504 292 rr
515 268 617 292 aanarrssn
622 257 633 292 ¹.

56 338 148 417 SAncta
162 337 214 382 virgo
230 337 282 371 Ebba
299 348 323 371 ex
338 335 395 381 regali
410 336 498 381 progenie
512 342 557 380 orta,
573 346 626 371 soror
640 335 689 380 regis
705 334 755 370 Oswi

110 390 321 432 Northanhumbrorum,
334 395 353 425 et
367 389 436 435 Egiridi
451 389 500 435 regis
515 390 571 425 amita
585 389 650 424 extitit.
673 389 756 432 Quorum

48 443 168 488 temporibus
183 444 232 478 velut
250 448 310 477 mater
328 443 381 487 regni
396 448 414 477 et
429 445 486 478 decus
501 448 552 478 tante
569 442 668 477 nobilitatis
687 441 757 477 enituit.

54 497 137 531 Tradunt
149 496 198 531 enim
210 496 290 539 historie,
302 496 428 540 Ethelsridum,
439 496 497 531 filium
509 495 602 538 Ethelrici,
614 496 645 530 filii
655 496 696 531 Yde
708 495 757 540 regis

55 549 188 592 Berniciorum,
200 561 224 584 ex
235 550 285 584 Acca
298 550 335 584 filia
347 550 387 583 Elle
399 549 448 594 regis
460 549 558 583 Deirorum
572 554 644 592 septem
657 547 774 591 suscitasse5
835 575 838 578 .

55 602 103 636 filios
113 607 131 636 et
140 613 196 636 vnam
206 603 267 644 filiam,
276 602 345 636 scilicet
356 608 438 636 sanctam
447 602 518 635 Ebbam
528 601 644 635 abbatissam.
667 601 704 634 Alii
712 612 757 634 vero

55 659 74 688 et
85 653 154 697 verius,
167 654 213 688 sicut
227 655 312 699 superius
326 655 345 688 in
357 654 394 688 vita
409 654 467 688 sancti
481 654 563 688 Oswaldi
577 653 660 696 habetur,
672 658 758 688 asserunt

56 706 186 741 Eanstridum⁹
194 713 212 742 et
221 708 327 742 Oswaldum
338 718 362 742 ex
373 707 423 741 Acca
433 706 497 751 regina
507 706 619 751 progenitos,
627 706 679 741 Oswi
686 716 730 740 vero
740 711 758 740 et

57 765 129 794 ceteros
140 770 164 793 ex
175 759 282 794 concubinis
293 759 332 794 sore
343 765 454 805 procreatos.
477 758 499 793 In
511 759 577 794 diebus
590 758 627 793 illis
640 769 713 793 summa
726 770 758 792 no-

56 812 120 846 bilium
130 811 234 855 ingenuitas
245 812 346 847 habebatur
353 811 371 846 in
380 823 416 856 qua
424 811 492 847 Christi
502 813 582 847 seruitus
592 813 711 856 probaretur;
723 823 758 846 nec
768 825 786 847 ro

57 866 136 909 aliquam
145 865 259 900 celsitudinis
268 866 344 909 gloriam
352 876 373 899 se
381 866 480 899 credebant
488 865 575 909 attigisse,
583 876 629 909 quos
637 864 758 900 humilitatem

57 917 148 952 dominice
156 918 214 953 crucis
222 929 259 953 non
268 918 348 952 constitit
359 917 446 953 induisse.
468 917 550 963 Vtraque
557 923 601 952 tunc
609 918 678 952 domini
686 917 759 959 familia,

56 971 138 1005 virorum
150 971 218 1006 scilicet
229 982 282 1005 sacre
293 970 415 1005 multitudinis
426 976 534 1013 conuentus,
545 976 563 1004 et
574 970 713 1005 innumerabilis
724 970 759 1005 vir·

57 1023 121 1067 ginum
132 1023 204 1066 chorus,
215 1023 293 1069 sparsim
305 1034 340 1068 per
350 1023 436 1067 Angliam
448 1022 554 1066 militabant,
566 1028 584 1058 et
597 1022 616 1057 in
627 1034 664 1058 vno
674 1024 715 1058 loco
725 1024 760 1058 sub

56 1076 111 1110 vnius
124 1076 182 1120 patris
197 1077 237 1111 siue
252 1076 316 1111 matris
329 1076 424 1120 regimine,
437 1076 516 1110 diuersis
529 1075 583 1111 diuisi
598 1076 715 1111 monasteriis
728 1078 760 1111 de·
769 1093 787 1124 ¹5

57 1135 129 1173 gentes,
141 1135 204 1164 contra
217 1134 317 1174 potestates
328 1130 445 1164 tenebrarum
457 1129 517 1174 gladio
528 1129 603 1174 spiritus
615 1129 690 1164 accincti
702 1129 760 1174 prelia

58 1182 146 1217 castitatis
155 1184 272 1217 exercebant.
294 1183 367 1217 Horum
377 1182 430 1216 beata
437 1183 489 1226 virgo
498 1182 549 1217 Ebba
556 1182 655 1217 indefessis
665 1183 760 1227 gressibus

59 1246 140 1279 sequens
147 1236 229 1280 vestigia,
237 1246 315 1279 regnum
326 1235 390 1270 mundi
398 1241 416 1269 et
424 1245 498 1269 ornnem
507 1241 590 1269 ornatum
599 1236 655 1270 seculi
664 1246 705 1270 curn
713 1236 760 1271 ssore

58 1288 159 1322 iuuentutis
171 1289 286 1332 contempsit,
294 1294 371 1332 propter
382 1298 463 1322 amorem
475 1287 507 1321 filii
518 1288 548 1322 dei
558 1299 613 1332 quern
625 1290 694 1322 mundo
705 1289 760 1323 corde

60 1341 128 1381 dilexit,
137 1346 155 1374 et
165 1352 176 1374 a
186 1347 249 1375 sancto
258 1341 334 1381 Finano,
342 1340 479 1375 lindisfarnensi
489 1341 581 1384 episcopo,
589 1347 651 1375 sancte
662 1352 760 1375 conuersa·
769 1354 788 1374 ao

58 1392 113 1426 tionis
125 1392 210 1427 velamen
225 1392 300 1437 accepit.
324 1391 439 1427 Dominlcam
453 1392 561 1427 seruitutem
576 1393 665 1427 nobilitati
680 1394 761 1438 pretulit,

60 1444 171 1488 spiritualem
179 1450 306 1489 paupertatem
313 1444 390 1484 diuidis,
396 1444 497 1479 honoribus
505 1450 626 1489 spontaneam
634 1445 761 1481 abiectionem.

60 1497 215 1542 Clarissiquidem
222 1497 272 1532 orta³
280 1497 375 1540 natalibus,
383 1497 472 1532 mundum
481 1497 523 1540 fide,
529 1503 547 1533 et
553 1498 641 1533 sormam⁴
650 1498 737 1543 moribus,
743 1505 761 1535 et

60 1562 126 1586 sexum
130 1552 228 1586 virtutibus
233 1552 281 1585 vicit.
303 1552 401 1586 Petebatur
409 1557 470 1586 autern
479 1562 489 1585 a
497 1553 576 1596 quodam
581 1552 678 1587 Scotorum
684 1554 762 1595 tiranno,

60 1614 103 1647 rege
116 1603 196 1646 Eadano,
206 1604 225 1638 in
234 1615 316 1638 vxorem.
339 1604 380 1646 Quo
391 1605 466 1638 demum
478 1605 501 1637 ob
512 1606 540 1638 sui
552 1610 677 1649 contemptum
689 1611 761 1649 raptum
771 1621 789 1651 ²5

60 1657 166 1697 meditante,
174 1662 192 1690 et
203 1667 266 1691 amore
277 1657 331 1691 simul
342 1662 360 1692 et
367 1656 453 1692 violentia
463 1667 504 1691 earn
515 1663 644 1701 persequente,
652 1659 729 1693 traditur
739 1660 762 1693 ad

60 1715 143 1743 montem
154 1709 224 1752 Coludi‚
233 1708 252 1742 id
262 1715 290 1743 est
301 1709 427 1753 Coldingham‚
436 1709 551 1753 confugisse3
563 1716 581 1745 et
592 1711 615 1744 ad
625 1721 691 1754 preces
701 1711 741 1745 eius
752 1722 763 1746 a

60 1761 137 1796 meridie
143 1761 162 1795 in
168 1762 224 1796 altum
230 1772 281 1796 mare
289 1773 310 1796 se
318 1764 397 1806 erigens,
402 1764 483 1797 subiecte
489 1763 542 1797 vallis
549 1764 623 1797 alueum
629 1768 763 1806 transcurrens,

61 1815 109 1850 hosti
116 1816 177 1849 triduo
183 1815 274 1849 continuis
281 1815 367 1850 ssuctibus
374 1816 472 1857 obstitisse,
477 1821 496 1850 et
504 1822 614 1861 cooperante
622 1818 697 1853 domino
704 1819 763 1853 muni·

61 1869 116 1903 tionis
131 1868 232 1912 presidium
244 1868 310 1912 virgini
324 1869 431 1914 prestitisse.
454 1868 516 1903 Habet
529 1870 578 1904 enim
591 1880 645 1905 mons
659 1871 690 1906 ille
703 1871 763 1906 sontes
771 1888 791 1919 3⁰

61 1922 108 1957 duos
118 1923 141 1956 ad
149 1934 182 1957 sue
193 1922 297 1957 solitudinis
307 1928 325 1957 et
333 1922 439 1957 heremitice
447 1922 593 1958 conuersationis
601 1924 698 1959 solatium:
710 1925 763 1960 Vnus

62 1976 116 2016 enim,
125 1976 148 2008 ad
158 1976 230 2009 radices
240 1976 285 2017 elus,
293 1976 345 2009 latice
355 1981 445 2018 perpetuo
456 1976 523 2018 madet,
531 1977 578 2011 alter
587 1977 606 2009 in
618 1977 713 2012 cacumine
723 1978 764 2013 eius

62 2028 85 2061 ad
93 2028 164 2062 calores
171 2027 240 2062 estiuos
248 2028 357 2072 quandoque
365 2028 436 2062 arescit.
457 2027 530 2062 Horum
538 2028 604 2063 haustu
612 2030 686 2072 salubri,
694 2030 764 2067 meritis

63 2087 125 2115 sancte
134 2081 191 2123 Ebbe,
202 2080 254 2115 multi
263 2080 333 2114 debiles
344 2086 363 2114 et
374 2080 442 2115 infirmi
454 2081 550 2126 pristinam
562 2083 659 2117 sanitatem
671 2085 764 2119 consecuti

62 2139 115 2169 sunt:
133 2133 161 2168 Er
175 2134 203 2168 his
218 2132 267 2168 enirn
281 2133 335 2168 beata
347 2132 400 2177 virgo
413 2133 465 2168 Ebba
477 2139 495 2169 et
508 2145 542 2170 sue
555 2136 702 2180 congregationis
714 2136 764 2172 ciues
773 2147 792 2178 35

62 2192 126 2230 potare
147 2192 286 2222 consueuerunt.
314 2186 335 2221 In
355 2186 409 2221 huius
427 2186 512 2222 vastitate
532 2188 601 2223 deserti
618 2194 679 2224 vtrum
700 2191 764 2235 spiritu

63 2247 127 2274 sancto
139 2246 228 2283 preuenta
239 2240 331 2282 religionis
343 2240 411 2273 cultum
422 2241 482 2282 prima
495 2242 598 2281 instituerit,
611 2252 634 2275 an
647 2244 670 2275 ab
682 2248 765 2277 anteces-

63 2302 126 2326 sorum
143 2292 208 2327 studiis
227 2290 329 2326 institutum
347 2290 444 2335 inuenerit,
459 2292 549 2328 incertum
569 2298 602 2328 est.
625 2294 684 2329 Nichil
703 2301 764 2331 autem

62 2347 124 2379 verius
136 2356 191 2389 quarn
202 2345 250 2390 quod
263 2345 287 2379 ibi
298 2344 364 2386 sobrie,
375 2345 423 2379 iuste
434 2350 452 2380 et
463 2346 494 2389 pie
504 2352 612 2381 conuersata
623 2347 652 2389 sit,
662 2354 680 2383 et
691 2348 764 2384 beatum

63 2399 103 2432 celo
117 2399 206 2441 spiritum,
217 2398 279 2432 relicta
290 2403 339 2432 terre
352 2399 434 2441 corporis
447 2399 517 2432 sancti⁵
529 2400 588 2443 gleba,
600 2400 686 2436 intulerit.
708 2402 765 2437 Aliud
774 2413 794 2443 4⁰

84 2467 88 2485 ¹
99 2468 128 2497 Ed.
134 2468 150 2497 in
156 2467 175 2497 Α.
182 2467 211 2498 SS.
218 2468 258 2505 Aug.
265 2466 285 2496 V.
292 2468 325 2506 19⁶-
339 2466 377 2496 nor.
382 2466 422 2495 srom
429 2467 457 2497 the
462 2466 499 2496 Vita
504 2468 526 2505 by
531 2468 610 2506 Reginald
616 2469 632 2499 in
638 2470 672 2501 MS.
679 2470 741 2501 Fairiax
746 2473 756 2502 6
762 2483 766 2509 ;

64 2507 205 2538 ntereanberd.
267 2506 402 2538 ²T.eantridu1n.
467 2507 568 2539 ³T.exorta.
631 2509 765 2542 ‘Batormaet

63 2546 69 2563 ³
80 2547 97 2576 E.
105 2547 239 2585 sancti-corpeus.
