1762 2803
75 70 78 76 ’
97 103 126 144 54
176 148 178 154 χ
287 90 367 141 munt
382 87 498 149 termut
513 87 605 149 trotio

97 211 163 253 lorum,
171 220 213 244 cum
220 215 292 245 teneret
299 209 358 244 vicem
370 220 427 251 suam,
436 214 454 243 et
465 209 575 244 incolumem
585 209 708 254 intactamque
716 213 799 253 segetem

99 274 173 298 seruare
181 274 218 297 non
227 268 295 308 posset,
304 263 386 297 diuinum
397 263 492 297 consilium
504 269 522 297 ct
533 263 620 297 auxilium
628 263 699 308 querit:
712 268 730 297 et
737 263 799 296 datum

99 324 127 352 est
143 317 168 351 illi
181 317 269 351 diuinitus
284 316 353 360 agitare
362 317 447 351 volucres
462 316 503 351 sine
517 317 584 351 volatu.
612 317 735 361 Temptabant
750 314 800 348 enim

99 372 167 413 volare,
173 381 206 404 nec
211 375 304 415 poterant:
312 370 440 414 compellitque
446 369 496 403 illosl
502 376 544 404 ante
549 381 570 404 se
577 369 688 415 abire,quasi
694 368 801 403 domestica²

82 425 225 469 5quadrupedia
240 429 341 467 spontanea
355 424 453 457 voluntate.
476 424 538 458 Coacti
548 425 571 457 ad
583 423 661 458 ostium³
672 428 769 463 venerunt,
783 428 800 456 et

100 476 147 511 ostio
155 481 217 520 aperto
225 477 266 510 sine
274 487 325 510 mora
333 475 452 510 intrauerunt.
475 476 515 517 Quo
523 476 553 510 die
561 476 640 510 crastina
650 476 727 520 cognito,
736 475 801 509 lltutus

101 530 203 564 libertatem
210 529 284 564 volandi
296 540 331 572 quo
343 528 449 563 vellent'eis
459 529 554 570 concessit,
564 534 582 562 et
593 540 617 563 ne
628 528 707 572 amplius
719 532 801 571 segetem

102 580 475 625 suamtangerepresumerentinterdixit.
496 574 801 624 Hocdiuulgatomiraculo,missis

103 635 167 679 legatis
175 634 194 667 in
200 635 295 668 dolensem
301 633 409 678 episcopum
416 633 524 677 [Sampson]
531 633 603 677 eligitur
610 647 614 674 ς
623 640 687 668 etcum
693 645 703 667 a
709 631 802 673 Dubricio,

75 699 93 721 10
103 687 211 722 landauensi
219 687 312 731 episcopo,
320 686 434 721 diaconatum
443 687 539 730 reciperet,
545 687 629 731 apparuit
635 687 716 731 pontifici
724 691 742 720 et
749 686 802 719 lltuto

103 740 164 775 abbati
172 740 255 774 columba
263 740 305 774 niue
313 740 412 781 candidior,
417 751 474 784 super
482 745 536 785 caput
543 739 615 774 iuuenis
623 739 642 774 in
650 739 764 774 ordinatione
770 749 803 773 sua

103 794 171 829 sedens
177 792 189 827 ⁴,
212 794 295 837 Cumque
300 793 362 827 multis
370 793 423 827 annis
432 794 495 827 sedem
503 793 598 828 dolensem
606 793 625 827 in
634 793 701 828 Minori
710 792 804 827 Britannia

104 848 196 890 Sampson
204 847 288 887 rexisset,
296 851 338 890 post
345 847 401 881 finem
409 846 446 881 vite
458 857 491 880 sue
501 846 561 891 posito
572 846 591 880 in
603 847 716 891 sarcophago
728 855 804 889 corpore

104 901 149 942 eius,
155 899 214 932 subito
219 905 285 934 ventus
290 899 361 933 validus
367 899 464 932 commouit
471 905 489 932 et
494 900 561 932 leuauit
567 899 611 932 illud
616 900 639 933 ad
644 910 700 941 mare,
706 904 724 933 et
729 898 804 932 transito

77 965 95 995 15
106 952 152 987 mari
161 953 184 986 ad
192 953 258 986 ostium
268 952 316 986 lltuti
327 952 387 986 venit:
404 957 422 986 et
429 952 459 986 ille
468 951 485 985 in
495 953 534 987 loco
543 951 644 986 honorabili
655 963 697 986 cum
705 950 779 996 hymnis
787 956 805 985 et

105 1005 180 1040 canticis
188 1005 232 1039 illud
241 1004 340 1039 collocauit,
375 998 465 1039 Coniunx
473 1005 522 1038 enim
531 1006 623 1048 quondam
631 1004 679 1039 beati
687 1003 747 1038 Iltuti⁵
756 1010 805 1038 casta

106 1059 177 1098 nuens,
182 1057 263 1100 quotidie
268 1057 313 1090 hora
317 1068 366 1090 nona
372 1057 391 1090 in
397 1068 445 1100 pane
453 1058 542 1091 ordeaceo
548 1062 566 1090 et
572 1068 619 1100 aqua
625 1058 708 1091 soluebat
712 1056 805 1091 ieiunium.

107 1111 148 1153 Que
159 1109 199 1145 vice
208 1110 286 1154 quadam
294 1109 368 1144 visitare
378 1110 442 1145 volens
455 1109 535 1152 iltutum,
545 1110 589 1145 vidit
601 1109 652 1144 illum
662 1120 760 1154 operosum
769 1109 806 1144 fos·

106 1174 168 1199 sorem
181 1174 214 1206 pro
227 1163 301 1197 assidua
312 1163 384 1197 fossura
399 1163 509 1197 lutulentum
521 1174 555 1206 per
570 1163 640 1206 faciem,
652 1163 721 1197 macies
733 1173 806 1206 quoque

78 1229 97 1249 πο
108 1221 233 1251 attenuauerat
240 1216 305 1249 faciem
313 1215 358 1249 eius.
370 1215 467 1259 Inquisiuit
473 1216 496 1248 ab
503 1227 525 1249 eo
533 1226 589 1248 suaue
595 1215 714 1259 colloquium:
727 1214 807 1248 audienti

106 1268 199 1312 inquisitio
207 1268 299 1312 displicuit
306 1268 439 1311 inquisitusque
449 1268 519 1301 nullum
527 1278 637 1311 responsum
648 1268 726 1302 reddidit
734 1279 737 1310 ;
750 1268 807 1301 noluit

106 1322 170 1357 videre
182 1320 231 1355 illam
244 1332 278 1355 nec
289 1320 352 1354 videri.
375 1321 399 1354 Et
411 1332 453 1354 cum
465 1327 542 1365 propter
553 1320 675 1355 visitationem
688 1320 807 1364 incongruam

107 1376 167 1411 visum
178 1375 272 1408 oculorum
283 1374 380 1416 amisisset,
388 1379 462 1418 rogatus
470 1379 532 1408 tamen
541 1375 606 1408 lltutus
614 1374 697 1408 diuinum
704 1374 808 1418 implorauit

107 1427 199 1468 auxilium,
208 1439 243 1471 quo
255 1426 352 1470 pristinum
361 1437 470 1470 recuperare
482 1432 546 1470 posset
553 1427 624 1461 visum:
637 1432 655 1461 et
667 1427 763 1461 exauditus
775 1433 808 1469 est,

80 1492 98 1521 ²5
108 1480 210 1522 mulierque
225 1481 248 1512 ad
259 1480 319 1512 locum
333 1489 386 1512 suum
398 1478 456 1511 rediit.
502 1472 623 1522 Prepositus⁶
637 1479 731 1513 cuiusdam
742 1479 791 1522 regis
797 1481 809 1518 ⁷,

108 1534 160 1568 cuius
170 1532 207 1566 vita
218 1531 303 1566 omnibus
315 1537 354 1565 erat
365 1531 509 1575 abhominabilis,
521 1532 605 1566 abbatem
618 1531 692 1566 iltutum
704 1532 810 1576 frequenter

108 1585 213 1620 offendebat
225 1589 243 1619 et
253 1584 323 1618 clerum
332 1594 390 1625 suum,
400 1585 456 1618 multa
464 1584 530 1618 iniuste
541 1584 611 1628 direpta
619 1594 630 1618 a
637 1584 711 1619 domino
722 1594 755 1619 suo
765 1595 809 1629 rege

110 1638 158 1682 exigi
171 1638 256 1682 fingebat,
270 1637 299 1671 illo
311 1642 373 1672 tamen
383 1636 453 1672 inscios
467 1642 485 1672 et
500 1637 540 1672 sine
552 1637 591 1672 eius
603 1643 695 1683 precepto.
718 1637 809 1673 Omnibus

109 1692 227 1734 irascebatur,
235 1696 253 1725 et
262 1701 326 1724 omnes
335 1692 382 1725 mala
389 1691 508 1734 imprecando
519 1691 570 1725 illum
582 1691 663 1726 oderant.
687 1691 809 1736 Omnipotens

82 1759 101 1788 3⁰
110 1745 163 1789 igitur
171 1745 256 1777 dominus
264 1744 306 1777 fecit
314 1744 365 1777 illum
373 1744 425 1788 quasi
433 1754 494 1778 ceram
502 1745 590 1778 mollitam
596 1750 614 1778 et
622 1743 737 1788 liquefactam
745 1745 810 1779 ardore

109 1800 163 1843 igneo
182 1797 290 1842 liquescere,
305 1808 340 1831 nec
354 1808 431 1841 vsquam
447 1797 465 1830 in
479 1798 548 1831 mundo
564 1797 670 1841 comparuit.
694 1798 734 1839 Quo
750 1798 811 1832 audito

109 1852 191 1886 offensus
206 1862 244 1892 rex,
256 1850 317 1883 furore
332 1850 388 1883 nimio
402 1855 484 1883 sanctum
498 1850 572 1883 iltutum
587 1849 696 1890 interficere,
710 1848 728 1884 et
741 1851 810 1885 clerum

110 1906 205 1939 destruere
213 1902 303 1946 cogitauit.
326 1902 360 1935 Vir
367 1903 422 1946 igitur
429 1902 463 1943 dei,
472 1902 531 1936 locum
539 1903 585 1936 dans
593 1903 625 1945 ire,
633 1902 715 1946 perrexit
723 1904 745 1936 ad
754 1914 811 1947 quen-

111 1959 153 1992 dam
161 1955 254 1998 fluuium,
262 1960 280 1990 et
288 1955 307 1989 in
315 1956 403 1998 spelunca
410 1960 481 1990 secreta
488 1966 523 1999 per
530 1965 599 1989 annum
608 1955 689 1998 latitauit,
698 1955 746 1990 omni
758 1962 812 1992 nocte

83 2023 101 2053 35
112 2021 168 2054 super
179 2009 263 2053 frigidam
277 2015 348 2053 petram
360 2009 426 2043 iacens.
450 2009 501 2043 Hora
517 2015 578 2043 autem
593 2020 641 2043 nona
655 2009 731 2053 singulis
747 2010 812 2045 diebus

112 2063 188 2098 mittitur
202 2062 228 2095 illi
243 2062 307 2096 celitus
320 2060 374 2105 panis
386 2072 434 2096 vnus
449 2062 549 2096 ordeaceus
565 2066 583 2095 et
594 2071 631 2095 vna
644 2062 732 2106 particula
745 2063 812 2106 piscis;

112 2116 208 2158 vicinoque
219 2117 243 2149 de
252 2116 302 2149 sonte
313 2126 379 2157 aquam
391 2115 478 2148 hauriens
486 2115 535 2149 sitim
543 2114 626 2148 extinxit.
649 2115 721 2159 Vbique
728 2116 747 2149 in
756 2115 812 2159 siluis,

112 2170 188 2204 saltibus
203 2176 221 2201 et
236 2167 309 2201 latebris
324 2167 426 2211 inquisitus,
440 2168 474 2200 deo
489 2173 597 2211 protegente
609 2167 688 2202 inueniri
702 2180 739 2201 non
750 2169 813 2212 potuit.

114 2217 197 2265 Legatos
209 2220 282 2255 interim
293 2220 366 2263 quidam
375 2220 428 2254 Gilde
437 2220 578 2264 historiographi
588 2220 629 2254 illuc
640 2222 732 2255 transiens
745 2221 813 2255 cimba-

83 2286 104 2316 40
113 2277 150 2310 lum
162 2284 236 2315 cneum,
248 2284 259 2306 a
271 2272 324 2307 Gilda
339 2272 459 2316 compositum
476 2278 494 2307 et
511 2279 574 2307 sancto
589 2273 671 2316 pontifici
684 2273 743 2307 Dauid
753 2278 813 2308 trans-

113 2328 196 2369 missum,
211 2325 315 2360 deferebat:
333 2330 351 2359 et
370 2338 413 2360 ecce
429 2325 469 2360 sine
485 2326 565 2360 humano
584 2331 634 2360 motu
651 2326 748 2360 cimbalum
764 2326 813 2361 clare

113 2391 180 2418 sonare
194 2381 247 2424 cepit.
277 2379 318 2421 Quo
331 2379 392 2413 audito
408 2378 473 2413 iltutus
485 2379 554 2422 exiens,
566 2378 721 2424 pulchritudinem
736 2378 784 2415 illius
796 2386 814 2415 et

132 2457 166 2486 ¹so
173 2457 203 2493 V.;
215 2457 232 2486 E.
241 2465 279 2485 aues
286 2455 330 2490 illas;
341 2454 358 2484 T.
366 2454 405 2483 illas.
456 2454 561 2484 ²V.domitn.
610 2454 724 2485 ³T.h0stium.
779 2454 814 2484 ⁴V.

113 2498 202 2527 considens.
255 2494 443 2524 ⁵V.nomineTrinihid.
492 2494 671 2530 ⁵V.nomineCyblim.
722 2493 814 2524 ⁷sc.Meir·

113 2537 174 2567 chlaun,
215 2536 220 2553 ⁵
230 2536 247 2566 E.
256 2535 314 2564 nescio.
356 2535 362 2552 l
372 2534 391 2564 V.
400 2533 472 2570 Eugenni
480 2534 547 2563 fluminis
555 2534 644 2571 marginem.
