1762 2803
244 138 289 194 Dr
304 136 404 191 &totto
420 136 543 193 autumo.
715 144 743 198 65

44 259 67 292 de
78 269 124 303 rupe
136 258 202 303 iugiter
212 270 288 295 manare
299 259 352 304 cepit.
397 252 421 294 In
435 259 522 294 concilio¹
534 263 595 294 autem
606 261 655 305 apud
668 260 745 295 Barrum

43 312 134 347 celebrato
139 314 245 357 Anselmus,
253 325 264 347 a
271 324 320 358 papa
327 324 433 357 persuasus,
441 313 511 348 Grecos
519 313 538 347 in
546 314 664 357 processione
672 313 747 357 spiritus

42 365 105 407 sancti,
121 371 183 411 vtpote
199 366 266 411 quem²
281 376 293 400 a
307 372 364 411 patre,
383 377 421 400 non
438 377 449 400 a
464 366 502 400 filio
519 366 621 411 procedere
635 366 747 406 astruebant,

43 424 132 461 errantes,
151 420 253 455 rationabili
272 426 327 464 atque
345 418 434 454 catholica
457 419 581 463 disputatione
600 418 709 461 consutauit;
728 424 747 454 et

43 481 121 517 magnus
134 475 183 518 apud
195 485 260 508 omnes
272 473 345 508 habitus
357 479 391 514 est,
404 478 422 507 et
434 473 553 508 veneratione
565 473 685 517 dignissimus
698 482 764 513 com-5

42 527 135 568 probatur.
158 527 180 559 In
188 527 237 559 omni
245 532 337 560 conuentu
344 525 439 567 nobilium,
447 526 466 558 in
475 526 629 569 processionibus,
637 525 655 558 in
664 524 747 559 stationi-

43 577 82 621 bus,
91 588 166 623 semper
174 584 192 613 et
199 578 266 624 vbique
276 590 287 613 a
297 590 346 623 papa
356 579 450 614 secundus
461 583 506 619 erat,
516 589 551 624 pre
560 578 630 613 cunctis
641 579 746 621 honoratus,

44 630 113 665 cunctis
127 637 218 675 acceptus,
233 638 251 666 et
266 632 307 676 ipse
322 632 408 666 omnibus
425 632 503 676 simplici
519 631 621 665 humilitate
636 632 746 666 submissus.

43 675 111 717 Tertia
123 684 224 718 ebdomada
236 686 305 729 pasche
319 685 379 718 Rome
393 685 504 718 celebratum
518 689 546 719 est
559 684 661 726 concilium,
673 684 704 718 vbi
717 684 745 718 in-

43 741 111 770 tererat
125 736 231 778 Anselmus,
244 742 262 772 et
275 737 468 772 excommunicationis
483 736 593 772 sententiam
608 742 645 771 tam
657 737 676 771 in
689 737 745 771 laicos
755 747 774 769 ro

44 789 75 831 qui
81 788 199 823 inuestituras
205 790 324 824 ecclesiarum
330 791 380 830 dant,
388 800 443 833 quam
452 790 471 823 in
479 800 511 823 eos
519 789 550 833 qui
558 790 581 823 de
589 790 674 823 manibus
682 800 745 824 eorum

44 841 85 876 illas
98 842 205 887 suscipiunt,
219 854 261 877 cum
274 848 311 877 toto
324 843 411 877 eoncilio¹
424 853 473 887 papa
488 841 566 877 intorsit.
588 841 658 877 Eadem
673 853 746 887 quoque

44 895 136 930 sententia
144 896 250 940 dampnauit
258 902 276 930 et
284 907 315 930 eos
323 895 354 939 qui
363 894 381 929 in
390 895 470 929 officium
479 895 505 930 sic
513 894 574 940 adepti
582 895 657 929 honoris
666 896 746 939 aliquem

44 953 122 982 sacrant.
151 942 255 983 Anselmus
271 948 381 992 Lugdunum
396 948 479 989 veniens,
493 947 591 983 nonnullos
606 958 617 982 a
632 948 713 982 febribus
729 953 747 982 et

44 1000 85 1034 aliis
96 1000 166 1035 morbis
176 1012 257 1045 pressos,
267 1000 346 1046 sumptis
355 1001 436 1034 ciborum
447 1000 486 1035 eius
496 1000 583 1045 reliquiis,
595 1000 666 1045 integre
674 1001 746 1036 sanitati
756 1011 774 1042 15

44 1053 128 1088 restituit.
151 1054 220 1088 Milites
230 1064 305 1098 quoque
312 1055 354 1094 duo,
362 1059 434 1097 gustato
442 1054 482 1088 cibo
490 1054 535 1095 cius,
543 1065 554 1087 a
561 1054 655 1097 quartanis
665 1054 748 1089 febribus

45 1105 314 1141 etintestinorumtorsionibus
320 1106 426 1140 liberantur.
443 1099 747 1141 Mulieremademoneobsessam

45 1169 79 1192 sua
89 1159 217 1194 benedictione
228 1159 311 1194 sanauit:
323 1164 340 1193 et
352 1160 401 1203 apud
411 1159 567 1194 matisconensem
579 1160 644 1195 vrbem
653 1171 687 1205 pro
697 1160 747 1195 sicci-

45 1216 82 1246 tate
93 1217 143 1246 terre
153 1212 202 1246 illius
213 1223 278 1256 preces
290 1213 325 1246 deo
334 1212 386 1253 ludit,
398 1218 416 1246 et
426 1212 487 1246 subito
498 1213 588 1246 serenitas
599 1213 633 1246 celi
644 1213 721 1247 vertitur
728 1213 747 1246 in

45 1263 134 1306 nubilum,
142 1269 160 1299 et
167 1265 230 1309 pluuia
237 1264 311 1308 copiosa
319 1263 374 1297 terris
382 1263 466 1298 illabitur.
488 1257 547 1309 Apud
555 1264 665 1309 Lugdunum
674 1265 747 1310 scripsit
756 1276 776 1299 ro

46 1316 113 1350 librum
132 1317 165 1351 ‘de
184 1323 273 1361 conceptu
292 1317 387 1360 virginali,'
403 1328 475 1351 necnon
491 1324 509 1350 et
524 1317 573 1351 aliud
589 1318 698 1361 opusculum
714 1318 747 1352 ‘de

46 1369 163 1403 meditatione
179 1369 312 1414 redemptionis
328 1369 419 1403 humane:
446 1362 505 1404 Anno
521 1369 570 1403 exilii
585 1370 613 1404 sui
628 1370 682 1404 tertio
696 1370 747 1405 venit

46 1421 147 1456 Anselmus
165 1422 301 1456 Marceniacum
320 1423 343 1455 ad
362 1421 503 1466 colloquendum
520 1433 561 1456 cum
581 1423 661 1467 Hugone
682 1424 748 1457 abbate

46 1474 156 1509 cluniacensi
168 1481 187 1509 et
196 1474 375 1509 sanctimonialibus:
385 1475 416 1508 vbi
427 1476 450 1509 de
461 1475 490 1510 his
502 1486 538 1519 que
550 1475 599 1509 inter
608 1476 719 1510 Anselmum
730 1482 749 1510 et

46 1537 109 1571 regem
118 1529 239 1562 versabantur
249 1527 311 1561 verbis
323 1527 365 1561 hinc
377 1532 395 1562 et
406 1527 449 1562 inde
461 1527 543 1572 prolatis,
554 1528 614 1562 intulit
626 1528 675 1563 idem
685 1529 748 1570 abbas,
757 1543 775 1574 ²5

46 1582 80 1613 sub
88 1580 192 1614 testimonio
197 1580 284 1621 veritatis,
289 1580 478 1624 proxime³preterita
485 1587 539 1615 nocte
547 1581 626 1616 eundem
634 1592 697 1625 regem
706 1587 748 1616 ante

47 1632 133 1667 thronum
144 1633 173 1667 dei
187 1637 297 1673 accusatum,
309 1632 413 1674 iudicatum,
424 1633 572 1676 sententiamque
582 1633 717 1676 dampnationis
729 1633 748 1667 in

46 1694 89 1718 eum
95 1685 233 1729 promulgatam.
262 1677 326 1719 ⁴Vidit
334 1683 389 1719 etiarn
394 1684 495 1720 Anselmus
502 1685 522 1720 in
529 1685 600 1720 visione
606 1694 695 1720 nocturna
701 1687 749 1731 quod

47 1748 111 1772 omnes
119 1738 176 1771 sancti
182 1737 249 1782 Anglie
257 1738 431 1782 conquere[re]ntur
439 1738 528 1773 altissimo
536 1750 592 1783 super
600 1740 698 1783 tyrannide
702 1739 749 1774 Wil-

47 1790 97 1825 lelmi
105 1791 159 1834 regis,
166 1790 253 1825 ecclesias
258 1801 301 1825 suas
307 1791 423 1826 destruentis.
449 1791 471 1825 Et
479 1791 503 1826 ait
509 1792 594 1827 dominus
602 1805 606 1827 :
615 1792 706 1827 ‘Accedat
711 1793 749 1827 An·
758 1807 778 1838 30

47 1844 118 1887 giorum
124 1844 261 1887 prothomartyr
266 1843 360 1878 Albanus.¹
380 1844 403 1877 Et
411 1845 484 1878 tradidit
491 1844 507 1877 ei
512 1855 567 1879 vnarn
575 1844 659 1888 sagittam
667 1845 749 1889 ignitam,

47 1898 121 1932 dicens:
132 1897 190 1931 ‘Ecce
198 1908 247 1930 mors
255 1896 309 1938 illius,
317 1897 340 1930 de
348 1908 384 1940 quo
392 1897 584 1941 querimonia³coram
592 1909 622 1932 me
630 1900 726 1942 reponitur
731 1899 749 1933 ⁶?

48 1950 71 1984 Et
78 1951 143 1984 beatus
151 1950 241 1990 Albanus,
251 1959 292 1982 eam
302 1949 399 1993 accipiens,
408 1949 466 1982 dixit:
478 1949 512 1982 ‘Et
521 1960 555 1994 ego
564 1950 617 1982 trado
627 1960 668 1984 eam
678 1949 749 1995 spiritui

47 2014 132 2048 nequam,
145 2003 199 2036 vltori
211 2004 337 2046 peccatorum.¹
360 2002 383 2036 Et
395 2002 472 2045 proiecit
485 2012 527 2037 eam
539 2003 558 2037 in
570 2007 643 2044 terram,
656 2003 749 2037 volantem

47 2066 81 2099 per
96 2066 158 2091 aerem
171 2055 229 2089 instar
241 2059 317 2089 comete.
340 2054 363 2088 Et
377 2064 421 2089 nrox
434 2054 524 2089 intellexit
537 2054 638 2088 Anselmus
649 2054 668 2088 in
684 2054 748 2098 spin'tu
758 2071 776 2101 35

48 2109 97 2151 quod
108 2119 142 2142 rex
153 2107 218 2152 sagitta
228 2107 259 2140 illa
270 2107 366 2151 sagittatus
377 2106 465 2141 interiret.
489 2100 568 2141 Postera
580 2106 615 2148 die,
627 2106 679 2141 dictis
690 2114 749 2142 matu·

47 2161 97 2204 tinis,
109 2161 184 2205 quidam
195 2159 268 2194 iuuenis
281 2160 391 2204 splendidus
402 2160 486 2204 apparuit
498 2160 569 2194 cuidam
581 2160 647 2194 clerico
659 2159 750 2202 Anselmi,

47 2215 79 2248 vix
92 2215 155 2248 oculos
170 2215 193 2247 ad
208 2224 307 2258 sompnum
323 2213 395 2246 clausos
411 2213 490 2253 habenti,
505 2213 580 2247 dicens:
595 2213 670 2254 ‘Adam
685 2213 749 2256 inquit¹

48 2267 129 2302 dormis?
151 2266 185 2302 Vis
196 2266 260 2301 audire
271 2267 331 2300 noua?
353 2264 389 2299 Pro
398 2270 448 2299 certo
458 2265 506 2300 scias
516 2265 564 2309 quod
574 2269 632 2298 totum
642 2264 749 2300 dissidium²

49 2322 98 2363 quod
117 2326 146 2354 est
164 2320 214 2354 inter
232 2319 342 2353 Anselmum
361 2323 379 2351 et
399 2328 467 2361 regem,
487 2318 628 2352 determinatum
648 2322 677 2352 est
695 2323 779 2365 atque4o

49 2374 143 2406 sedatum.¹
166 2373 192 2406 At
211 2372 241 2406 ille
260 2371 337 2405 alacrior
355 2370 418 2411 lactus,
435 2370 505 2415 apertis
519 2370 576 2403 oculis
591 2370 685 2405 neminem
700 2372 750 2407 vidit.

49 2417 142 2468 Sequenti
153 2430 207 2459 nocte
219 2425 267 2459 inter
278 2424 376 2458 matutinas
387 2424 461 2466 quidam
473 2434 497 2456 ex
508 2423 575 2456 familia
586 2423 671 2457 Anselmi
683 2424 752 2459 clausis

49 2478 107 2513 oculis
118 2478 178 2512 stabat
189 2483 208 2513 et
219 2476 315 2522 psallebat.
337 2476 361 2510 Et
373 2487 415 2511 ecee
428 2475 501 2520 quidam
514 2475 540 2510 illi
553 2476 642 2510 cartulam
652 2477 752 2512 admodum

68 2547 103 2576 ¹E.
110 2546 181 2577 consilio.
226 2545 261 2577 ².T,
269 2547 287 2577 E.
294 2546 326 2583 qui.
370 2544 404 2574 8Τ.
413 2544 431 2574 E.
438 2544 516 2581 proxima.
559 2543 752 2582 ⁴]'hispassageaddett

49 2585 55 2602 ⁵
65 2587 83 2616 E.
90 2586 208 2624 querimoniam.
268 2585 274 2604 ⁸
284 2585 302 2616 T.
310 2583 375 2623 reponis
379 2594 384 2622 ;
395 2583 413 2614 E.
420 2584 506 2622 reponitur.
567 2582 573 2601 ⁷
583 2583 602 2615 E.
609 2584 697 2616 discidium.

395 2644 406 2667 r
