1762 2803
54 78 173 124 anunm
261 75 307 131 bt
322 73 424 128 &auda
440 73 544 129 dtttutu.
707 75 753 130 489

53 201 105 247 gines
121 197 140 231 in
156 196 228 231 edendo
243 206 358 238 consumere,
373 194 424 229 omni
442 194 478 229 iliis
493 193 683 230 amministrabantur¹
697 193 754 238 copia.

53 252 165 298 Angelorum
175 251 224 285 enim
236 251 310 294 quidam
322 249 404 294 ipsarum
416 249 507 291 ductores,
515 248 670 293 quemadmodum
681 247 755 282 domina

53 312 115 343 nostra
130 314 190 348 nuper
202 303 231 344 ait,
243 313 275 337 eas
290 313 366 347 semper
378 303 499 347 precedentes
511 302 631 337 honestorum
644 301 717 346 species
727 300 755 335 vi-

53 369 114 396 rorum
127 357 162 392 sibi
175 361 322 400 assumpserunt,
338 355 497 401 accedentes[que]
511 356 540 390 ad
549 357 629 391 maiores
644 354 722 390 ciuitatis
736 359 755 389 et

53 413 123 458 primos
132 421 169 454 quo
180 415 234 444 nocte
246 409 319 443 suerunt
327 415 410 450 venture,
421 419 478 453 super
489 409 560 443 illarum
572 408 599 442 eis
611 407 703 442 aduentu¹
713 418 755 451 pre·
764 416 773 447 5

54 466 143 500 dixerunt.
170 462 206 504 Qui
216 472 258 495 cum
269 462 336 506 gaudio
347 463 371 496 de
383 462 466 506 pluribus
476 467 594 495 occurrerunt
605 461 674 495 leucis⁸
683 460 756 494 nobiles

54 517 85 562 [et]
97 521 185 557 matrone,
192 514 254 558 plebei
264 520 282 550 et
289 514 358 558 villani,
366 525 408 549 cum
417 513 514 549 deuotione
524 513 602 549 feruenti
613 513 712 548 offerentes
723 523 756 547 ne·

54 568 137 605 cessaria.
165 567 238 602 Fertilis
253 568 314 602 enim⁴
328 572 367 603 erat
380 577 444 611 annus,
458 572 567 612 tempusque
580 567 690 601 habundans
702 564 756 600 bonis

53 623 180 658 vniuersorum
195 621 267 665 copiam
282 622 375 665 prebebat.
398 620 487 655 Noctibus
501 620 599 664 sepissime
611 620 631 654 in
646 619 704 664 pratis
717 618 756 663 qui·

54 679 137 710 escentes
152 673 271 715 dormierunt,
289 674 356 708 nullius
375 673 459 707 molestie
473 672 575 707 sentientes
589 682 700 717 grauamen3
718 677 756 705 tota
765 679 784 702 10

54 738 132 771 namque
143 730 196 761 nocte
207 725 294 762 immensi
306 726 380 762 luminis
391 726 463 762 claritas
474 735 530 770 super
541 736 573 762 eas
584 730 639 770 atque
650 725 669 760 in
681 723 756 759 circuitu

54 781 123 816 illarum
138 779 251 814 choruscans
266 779 352 815 radiabat.
375 779 405 815 Ad
420 780 488 815 arduos
503 780 577 815 tandem
592 783 665 814 montes
680 776 756 823 Alpium

54 834 153 876 venientes,
165 844 238 867 necnon
251 834 274 867 ad
286 834 347 878 ipsum
360 839 442 868 montem
454 833 485 878 qui
499 833 565 868 ceteris
576 838 595 868 et
607 832 702 867 altitudine
715 843 756 876 pre-

54 888 110 922 minet
125 892 143 920 et
158 887 233 921 horrore
250 888 364 929 accedentes,
379 887 410 931 qui
427 887 467 921 solo
484 886 539 921 etiam
557 892 632 930 aspectu
651 885 756 920 robustissi-

55 948 124 973 morum
141 938 236 982 quosque⁵
250 938 330 973 virorum
349 944 419 973 terrere
435 939 498 981 solet⁶,
513 938 598 973 facilitate
616 948 689 973 summa
707 942 756 971 tran·
765 946 784 977 15

55 991 146 1026 silierunt:
157 996 207 1025 tanta
215 990 283 1035 quippe
291 991 375 1036 agilitate,
381 998 400 1027 vt
406 992 485 1036 quedam
494 991 518 1026 ait
525 990 609 1027 illarum⁷
615 990 712 1035 virginum,
718 995 756 1025 tam

55 1045 128 1090 illeque
137 1043 235 1080 infantulus
242 1046 338 1090 gestabant
345 1044 364 1080 in
372 1044 452 1080 brachiis
460 1046 613 1087 conscendebant,
622 1043 688 1090 quamu
695 1049 713 1079 et
721 1042 756 1079 iste

55 1109 90 1142 que
101 1098 170 1141 absque
182 1109 239 1132 onere
250 1098 296 1133 nihil
307 1103 402 1143 portantes
415 1099 533 1134 scandebant.
554 1099 608 1133 Adeo
620 1108 685 1132 reuera
697 1097 755 1138 facile,

55 1156 73 1185 vt
79 1151 109 1184 illa
117 1151 168 1192 dixit,
176 1151 222 1194 ipsis
233 1152 291 1195 patuit
300 1152 383 1186 elusdem
391 1153 459 1186 montis
466 1152 518 1185 ardui
525 1162 614 1186 aseensus
621 1156 639 1186 et
647 1150 684 1191 alti,
691 1160 755 1194 quem·

55 1203 152 1236 admodum
169 1203 221 1237 alicui
238 1209 322 1238 nostrum
339 1204 357 1238 in
374 1204 429 1238 domo
445 1203 506 1247 aliqua
520 1203 651 1238 commorantil
666 1203 755 1237 concede·
764 1214 784 1236 ro

55 1261 103 1290 retur
117 1267 176 1301 vsque
190 1256 213 1290 ad
231 1255 297 1292 ostium
316 1257 399 1292 eiusdem
416 1257 482 1292 domus
500 1256 604 1302 peruenire.
634 1255 718 1301 Denique
737 1260 756 1290 et

55 1310 127 1343 domina
135 1315 203 1353 nostra,
211 1322 253 1344 eum
261 1311 284 1346 de
292 1311 332 1356 ipso
340 1316 407 1351 monte,
415 1316 470 1355 atque
478 1321 535 1357 super
542 1310 582 1345 aliis
592 1309 675 1345 eiusdem
686 1308 756 1343 itineris

56 1361 189 1397 difficultatibus
200 1363 348 1408 interrogaretur,
356 1364 381 1398 ait
393 1364 441 1409 quod
451 1364 544 1398 videretur
555 1364 590 1398 illis
601 1363 663 1408 ipsum
674 1367 756 1397 montem

55 1416 240 1458 conls]cendentibus,
253 1417 306 1461 quasi
320 1418 339 1452 in
355 1417 462 1462 planissima
474 1416 504 1451 via
518 1416 626 1452 incedentes
638 1422 694 1460 atque
708 1417 756 1450 bene

56 1468 155 1510 spaciosa¹⁰
171 1470 290 1505 ambularent.
313 1471 409 1512 Quomodo
427 1475 488 1503 autem
507 1469 541 1504 hee
560 1470 631 1511 fierent,
649 1469 708 1503 fateor
725 1478 756 1503 me
765 1479 784 1511 ²5

55 1519 127 1563 penitus
134 1520 224 1565 ignorare.

87 1611 99 1647 ll
114 1611 167 1653 Quod
176 1611 216 1655 ipse
224 1611 305 1656 virgines
313 1612 456 1647 ammirabantur
463 1611 526 1656 sepius
534 1613 626 1656 quomodo
634 1611 724 1646 montium

205 1665 313 1710 viarumque
321 1666 406 1710 grauium
413 1666 479 1701 itinera
487 1667 604 1701 transierunt.

77 1717 136 1760 Beata
151 1726 242 1770 siquidem
255 1727 322 1762 Vrsula
336 1727 363 1762 vti
381 1728 482 1762 testabatur
499 1738 572 1762 necnon
590 1733 609 1762 et
627 1727 662 1762 alie
677 1727 756 1771 quedam

56 1787 96 1811 cum
108 1780 240 1823 superbarum
252 1779 387 1815 difficultatibus
398 1780 468 1815 viarum
480 1780 642 1826 interrogarentur,
653 1787 697 1814 tunc
710 1787 756 1815 tem-

56 1830 104 1872 poris
112 1842 153 1866 sese
161 1833 281 1868 vehementer
288 1833 381 1868 ammirari
390 1833 480 1877 dicebant,
488 1838 506 1868 et
514 1834 591 1878 qualiter
598 1834 673 1868 eosdem
684 1839 756 1868 montes

56 1888 150 1928 ceteraque
160 1886 225 1920 itinera
235 1886 340 1921 difficillima
347 1887 446 1921 transirent
451 1887 469 1921 ¹¹.
492 1887 548 1921 Porro
556 1887 630 1921 domina
638 1892 700 1920 nostra
707 1887 756 1921 dulci
764 1899 784 1929 ³⁰

56 1945 88 1969 sua
95 1948 126 1971 eas
133 1938 192 1982 gratia
199 1939 281 1973 crebrius
289 1939 392 1973 confortans
400 1938 498 1982 letificauit,
505 1940 529 1973 ita
536 1946 556 1974 vt
564 1939 689 1974 consolatione
696 1939 756 1984 ipsius

56 1987 186 2033 benignissima
194 1992 254 2027 omnis
265 1992 300 2028 illis
311 1993 362 2028 labor
372 1993 418 2028 leuis
429 1993 481 2027 fieret
493 1998 510 2027 et
522 1993 639 2033 delectabilis,
647 2003 702 2028 omne
713 2004 756 2037 pre·

56 2044 105 2075 terea
119 2043 154 2077 cibi
169 2045 269 2088 corporalis
283 2046 436 2080 delectamentum
452 2046 513 2079 multis
528 2045 601 2080 fastidio
616 2052 660 2079 erat.
686 2045 757 2080 Aderat

56 2091 109 2135 plane
120 2095 156 2131 illis
167 2097 225 2132 dulcis
234 2097 326 2143 virginum
338 2098 401 2144 regina
412 2098 532 2143 gubernando
543 2111 575 2134 eas
587 2103 605 2134 et
615 2099 703 2144 regendo,
714 2110 756 2134 cum

56 2148 93 2181 suis
109 2152 179 2194 angelis
194 2158 212 2187 et
227 2153 295 2188 sanctis
311 2154 352 2188 illas
369 2153 479 2188 custodiens
508 2153 562 2188 Vnde
581 2154 642 2189 nullus
660 2154 757 2195 latronum,
765 2161 785 2193 35

56 2198 114 2235 surum
127 2210 158 2238 aut
171 2205 274 2248 predonum
287 2206 314 2240 eis
327 2207 392 2240 obesse
405 2205 469 2249 potuit,
482 2211 513 2240 aut
525 2212 627 2251 corruptor.
655 2206 720 2241 Plures
732 2206 757 2241 si·

56 2252 127 2292 quidem
135 2256 227 2300 virginum
237 2262 256 2291 et
266 2263 390 2292 matronarum
402 2258 489 2291 nobilium
501 2269 537 2302 que
548 2264 667 2293 occurrerunt
679 2259 706 2292 eis
713 2259 757 2292 visi·

55 2306 113 2340 rantes
121 2307 166 2350 illas,
174 2309 223 2344 bono
233 2311 319 2354 exemplo
330 2311 411 2354 ipsarum
421 2316 503 2353 attracto,
511 2311 615 2355 Christique
624 2311 683 2355 gratia
690 2311 758 2346 intus¹²

55 2443 60 2461 ῃ
73 2406 79 2423 ¹
90 2408 108 2439 Β.
116 2413 184 2457 omnium
191 2414 253 2444 illorum
260 2416 403 2447 administrabatur.
473 2416 479 2435 ²
490 2417 508 2448 Ε.
515 2417 606 2448 aduentum.
671 2417 677 2436 ³
688 2417 706 2448 E.
714 2416 758 2449 locis.

70 2445 163 2486 thutdem.
209 2455 320 2494 ⁵B.quoque.
363 2455 479 2488 ⁶B.s.e0rda.
533 2457 569 2488 ἵΒ,
577 2458 667 2488 earundem.
721 2458 757 2488 εΒ.

55 2492 116 2556 iiiiii?
161 2492 314 2526 ⁰B.eommanenti.
359 2495 370 2514 ¹⁰
381 2497 480 2534 B.spatiose.
525 2496 536 2516 ¹¹
547 2497 670 2529 B.transierlnt.
715 2495 757 2528 ¹²13.
