1762 2803
143 114 178 155 '16
339 111 423 164 tauta
435 108 552 172 tantona
567 109 659 173 flantia

148 231 249 275 imperator
257 235 328 265 creatus
336 237 376 267 est:
389 232 451 276 partiti
459 237 502 267 sunt
508 233 575 268 etenim
584 233 632 267 inter
639 243 660 268 se
668 232 771 276 imperium,
776 232 826 266 vnde
833 234 851 266 et

150 283 233 320 Galerius
245 283 332 319 illiricum
343 295 385 320 cum
396 290 434 320 tota
444 285 490 320 Asia
498 285 580 327 obtinuit,
588 285 709 320 Constancius
717 295 761 320 vero
770 284 851 327 Galliam,

150 337 269 381 Britanniam,
275 342 293 372 et
298 342 355 373 totam
361 339 471 382 Hispaniam
477 339 606 383 gubernandas
611 339 694 384 accepit.l
712 339 748 381 Qui
754 338 852 383 paulopost

150 391 264 425 Britanniam
283 391 365 435 rediens,
383 398 425 436 post
440 402 499 425 annos
511 391 597 426 undecim
613 393 662 435 apud
678 393 782 426 Eboracum
797 391 852 427 morti

132 444 239 486 5subiacuit
250 437 355 488 etregnum
367 445 404 478 filio
412 445 532 478 Constantino
544 443 621 487 reliquit.
644 444 680 487 Qui
689 450 709 479 vt
721 444 795 479 honoris
806 445 852 479 solio

150 498 218 541 potitus
233 503 266 539 est,
275 498 323 541 cepit
336 497 383 530 infra
394 508 462 540 paucos
471 507 530 530 annos
542 496 652 539 probitatem
663 497 763 531 maximam
772 497 852 537 habere;

151 548 244 584 leoninam
255 550 368 584 ferocitatem
383 550 401 583 in
414 550 534 592 aduersarios,
549 550 671 584 columbinam
686 550 820 594 simplicitatem
834 550 852 582 in

151 603 220 639 amicos
230 603 333 645 ostendere,
341 602 430 638 iusticiam
441 602 490 637 inter
500 603 577 648 populos
590 613 687 648 exercere3
699 603 789 639 latronum
801 613 853 648 rapa-

152 658 224 692 citatem
231 668 353 701 compescere,
359 662 478 700 tyrannorum
484 658 568 692 seuitiam
574 658 684 700 conculcare,
690 669 711 692 ac
717 668 781 701 pacem
786 658 853 701 vbique

126 724 143 744 ιο
152 722 242 746 renouare
250 711 333 745 studebat
344 717 362 745 et
370 710 485 744 confirmare.
509 711 582 745 Helena
590 722 662 756 quoque
671 711 786 746 sanctissima
794 716 853 745 mater

152 765 192 799 eius
214 770 233 798 et
254 764 294 807 ipsa
312 774 354 797 cum
373 763 410 798 filio
429 775 507 807 regnum
526 765 654 799 strenuissime
673 771 691 799 et
710 764 853 808 prudentissime

152 817 263 860 gubernans,
275 816 327 848 bonis
341 816 427 859 operibus
440 816 507 859 iugiter
520 817 627 850 insistebat:
640 821 711 860 etpost
724 816 793 849 obitum
805 816 853 849 Con-

152 869 216 903 stancii
224 879 235 902 a
242 870 282 912 lege
289 868 324 902 viri
332 869 395 911 soluta,
403 879 462 912 vsque
470 870 493 902 ad
501 875 580 903 mortem
586 879 660 903 omnem
666 869 779 913 amplectens
787 867 853 903 sancti-

153 922 233 957 moniam
245 923 264 956 in
276 926 339 956 sancta
348 922 436 957 viduitate
448 924 573 966 permanebat.
596 922 634 957 Ea¹
648 922 727 967 denique
738 928 853 967 tempestate,

127 988 144 1018 15
153 977 196 1010 dum
204 976 244 1020 ipsa
252 986 293 1009 cum
301 975 338 1009 filio
347 975 467 1010 Constantino
475 976 534 1010 adhuc
543 977 562 1009 in
569 975 664 1010 Britannia
671 981 738 1020 ageret,
746 976 854 1010 Maxencius

152 1030 225 1074 quidam
233 1034 322 1073 tyrannus
330 1039 427 1063 romanum
432 1028 530 1072 imperium
538 1029 573 1063 sibi
579 1029 683 1072 usurpabat,
690 1035 708 1063 et
713 1028 853 1063 Constantinum

153 1083 201 1116 hunc
209 1092 296 1125 magnum
303 1092 324 1114 ac
330 1082 463 1115 nobilissimum
469 1081 534 1122 virum,
542 1082 590 1124 (licet
595 1087 636 1125 post
642 1082 699 1124 patris
705 1083 773 1115 obitum
779 1088 855 1126 propter

153 1134 192 1169 eius
211 1134 310 1168 maximam
329 1134 439 1178 probitatem
457 1144 493 1167 vno
512 1133 594 1167 omnium
614 1144 705 1168 consensu
724 1134 854 1178 imperatorem

153 1188 243 1230 electum‚)
255 1186 332 1230 imperio
343 1187 417 1230 priuare
429 1187 534 1230 satagebat;
552 1198 573 1220 ae
585 1186 658 1220 interim
670 1187 794 1221 nobilissimos
805 1188 855 1222 viros

126 1252 145 1273 20
153 1240 275 1279 exheredans,
282 1239 365 1282 pessima
372 1239 470 1283 tyrannide
479 1239 610 1282 rempublicam
619 1240 739 1282 opprimebat.
762 1239 792 1272 Ad
804 1240 855 1273 cuius

153 1298 218 1337 postea
226 1292 380 1336 compescendam
392 1291 476 1326 seuitiam
488 1297 506 1326 et
517 1291 676 1326 exterminandam
683 1292 800 1337 tyrannidem
808 1292 855 1327 Con-

153 1346 244 1380 stantinus
253 1346 275 1378 ab
287 1345 373 1379 omnibus
385 1345 494 1389 importunis
506 1345 616 1379 clamoribus
624 1345 704 1379 Romam
715 1347 814 1385 aduocatus
822 1351 855 1380 est.

154 1399 190 1440 Qui
202 1409 246 1431 mox
257 1398 356 1440 reipublice
368 1398 466 1430 consulens
478 1409 579 1441 eorumque
590 1399 735 1440 necessitatibus,
743 1398 856 1442 cupiensque

154 1451 193 1485 iure
205 1450 239 1485 sibi
250 1450 333 1484 relictum
346 1461 456 1495 recuperare
469 1450 572 1494 imperium,
580 1461 621 1485 cum
634 1452 713 1485 maximo
724 1461 745 1485 ac
758 1450 856 1486 fortissimo

127 1517 146 1548 25
155 1504 285 1539 Britannorum
297 1504 379 1538 exercitu
388 1514 424 1538 vna
436 1514 477 1538 cum
488 1509 546 1538 matre
558 1504 631 1538 Helena
642 1509 660 1538 et
672 1515 735 1538 sorore
747 1504 857 1538 Constancia

155 1559 235 1592 Romam
255 1557 365 1601 properauit,
382 1558 512 1601 (superatoque
536 1557 630 1591 Maxentio
649 1558 735 1602 tyranno)
750 1557 799 1591 illam
822 1557 856 1592 sibi

154 1610 269 1654 subiugauitt
282 1615 300 1644 et
308 1609 334 1643 sic
341 1611 459 1653 postmodum
470 1609 518 1644 infra
526 1610 582 1644 breue
592 1609 648 1643 totius
657 1610 721 1644 mundi
732 1610 857 1644 monarchiam

155 1664 237 1696 obtinuit.
259 1663 345 1695 ²Interea
358 1664 392 1695 hec
403 1668 463 1695 mater
473 1663 513 1696 eius
526 1664 599 1695 Helena
610 1663 726 1695 sanctissima
739 1663 804 1695 mulier
815 1674 857 1696 cum

155 1716 194 1750 suis
202 1715 305 1759 nepotibus,
312 1715 427 1749 Constantini
433 1714 480 1758 filiis,
486 1716 534 1758 apud
540 1715 640 1748 Bizantiam
648 1715 746 1757 ciuitatem,
752 1725 788 1758 que
793 1720 858 1759 postea

128 1780 147 1809 30
156 1767 319 1811 Costantinopolim
329 1767 349 1810 (l)
361 1768 492 1811 appellabatur,
504 1767 615 1811 aliquamdiu
626 1772 739 1802 commorata
750 1772 783 1810 est,
793 1768 823 1802 vbi
835 1769 857 1802 ab

156 1820 218 1865 impiis
234 1820 296 1854 Iudeis
315 1819 445 1862 circumuenta,
459 1820 587 1863 Christianam,
603 1831 658 1863 quam
677 1820 729 1864 prius
743 1820 773 1854 vel
787 1820 858 1854 modice

156 1874 246 1916 induerat,
258 1874 314 1908 fidem
326 1884 374 1917 pene
388 1879 444 1907 totam
452 1873 538 1909 amiserat
551 1879 569 1907 et
580 1873 651 1907 iudaice
664 1873 740 1918 perfidie
752 1873 815 1908 lortius
827 1874 858 1908 ad-

156 1928 242 1961 herebat:
263 1928 286 1960 ad
301 1926 359 1971 ipsius
374 1933 437 1961 tamen
452 1931 502 1960 secte
517 1927 587 1961 iudaice
600 1927 673 1961 finalem
685 1928 726 1971 (deo
741 1927 857 1971 disponente)

156 1980 305 2021 destructionem,
314 1990 351 2013 non
359 1981 382 2014 ad
390 1980 429 2014 eius
441 1979 574 2015 incrementum
584 1985 602 2015 et
612 1980 746 2015 exaltationem.
769 1980 858 2015 Constan-

129 2046 148 2076 35
157 2034 205 2067 tinus
213 2044 262 2074 vero,
270 2033 329 2066 adhuc
337 2034 430 2067 erroribus
441 2033 536 2077 gentilium
547 2033 656 2077 implicatus,
664 2035 708 2068 dum
716 2034 793 2068 ecclesie
801 2034 859 2069 chris-

157 2085 859 2129 tianeatroxpersequutort'uissetetplurimassanctorummartirumstrages

157 2137 238 2173 dedisset
246 2147 267 2171 ac
277 2137 365 2180 populum
375 2138 527 2172 innumerabilem
539 2149 572 2182 per
583 2148 647 2172 omnes
655 2139 758 2182 prouincias
765 2138 820 2172 variis
828 2149 859 2182 pe-

157 2203 223 2226 narum
228 2190 327 2234 generibus
332 2189 409 2225 interfici
417 2190 495 2234 fecisset,
499 2191 587 2226 ultionem
594 2190 677 2225 sentiens
685 2191 766 2225 diuinam
774 2190 860 2236 elephan-

157 2245 182 2279 tie
191 2245 255 2279 morbo
263 2254 362 2287 percussus
371 2249 404 2278 est.
427 2244 461 2278 Cui
469 2255 511 2279 cum
518 2246 605 2280 uniuersa
617 2245 730 2279 medicorum
739 2250 756 2278 et
764 2255 860 2288 magorum

130 2311 150 2342 40
158 2297 231 2343 agmina
242 2296 341 2331 subuenire
349 2308 386 2331 non
394 2303 475 2342 possent,
484 2298 567 2343 Capitolii
575 2298 671 2343 pontifices
679 2299 713 2333 hoe
721 2298 811 2333 dederunt
817 2310 860 2334 con-

158 2352 218 2386 silium
230 2356 249 2385 vt
262 2351 341 2395 quedam
353 2351 423 2394 piscina
434 2353 523 2395 sanguine
537 2352 633 2386 infantium
649 2352 756 2396 repleretur,
770 2357 788 2385 et
800 2351 819 2386 in
831 2352 860 2386 illo

158 2405 215 2438 calido
224 2404 313 2447 sanguine
321 2403 416 2447 Augustus
422 2404 519 2446 lauaretur,
527 2411 545 2439 et
553 2405 579 2439 sic
587 2405 670 2439 sanitatis
678 2404 788 2439 beneficium
797 2416 861 2439 conse-

159 2463 249 2502 queretur⁴
273 2457 326 2499 Quod
342 2457 423 2500 quidem.
432 2457 502 2491 facinus
515 2470 557 2493 cum
570 2458 701 2500 abhorruisset,
714 2458 733 2492 in
748 2458 789 2502 ipsa
807 2464 861 2493 nocte

206 2565 211 2582 ¹
222 2566 239 2596 E.
248 2567 276 2596 Eo.
338 2565 344 2583 ²
354 2567 378 2596 Cf.
385 2567 426 2596 Acta
433 2566 449 2596 S.
457 2566 529 2597 Silvestri
537 2567 576 2606 (abr.
584 2567 600 2596 in
607 2567 652 2596 Vino.
660 2567 705 2601 Bell,
714 2567 752 2604 Leg.
759 2566 810 2604 Aua),
822 2563 824 2578 ³
