1762 2803
248 115 294 170 vt
309 112 410 167 banaa
426 111 553 173 euterpe.
707 126 751 169 309

50 239 105 272 fidem
117 237 210 281 suscipere
222 236 294 278 meruit,
307 246 330 269 ex
344 234 400 268 Berta
413 233 477 277 regina
490 232 591 277 progenita.
614 232 643 267 Ex
655 232 689 266 hac
702 233 752 267 enim

50 290 176 333 religiosorum
191 294 288 331 parentum
307 288 394 331 prosapia
408 287 460 329 virgo
479 292 542 319 sancta
558 286 644 329 Edburga
663 285 752 328 originem

50 343 106 377 duxit.
130 343 201 375 Nomen
217 341 267 375 enim
281 341 367 383 Edburge
378 350 402 372 ex
413 344 499 384 corrupto
510 345 528 372 et
539 338 611 383 integro
624 337 752 383 compositum,

51 397 113 430 ‘beata
124 395 198 429 ciuitas'
209 394 344 437 interpretatur.
367 392 425 426 Beata
436 393 505 436 quippe
517 392 581 426 ciuitas
593 397 627 433 est,
639 391 658 425 in
670 400 706 435 qua
717 391 752 425 sibi

51 448 136 483 dominus
144 448 208 482 sedem
216 445 332 481 habitationis
342 456 450 490 preparans,
457 444 513 480 armis
524 456 558 480 sue
568 444 649 490 potentie
660 444 683 478 ab
694 443 752 478 inimi·
761 459 770 490 5

51 513 113 536 corum
122 500 290 545 impugnationibus
301 499 386 535 defendit.
411 499 451 533 Hec
463 498 513 533 enim
520 499 572 543 virgo
580 506 643 533 sancta
653 504 695 542 post
705 498 752 532 sacri

50 553 165 597 baptismatis
173 552 309 596 susceptionem
318 551 347 585 die
355 556 445 595 nocteque
456 551 519 584 laudes
527 552 562 584 deo
570 550 665 592 referebat,
674 550 752 584 feruenti

51 606 112 640 animo
122 606 188 650 iugiter
196 605 295 650 flagitando
303 603 389 649 quatinus
397 604 415 638 in
424 615 504 649 superna
515 603 588 639 ciuitate
600 602 673 639 celestis
685 603 752 638 Hieru-

51 660 109 694 salem
119 659 215 701 conscribi,
227 664 245 692 et
256 659 280 692 ad
291 659 377 692 thronum
389 659 453 702 sponsi
461 657 489 692 sui
499 657 566 692 Christi
577 657 698 702 spiritualium
710 668 752 701 pre·

51 713 129 746 miorum
138 738 141 746 .
150 738 154 746 .
163 711 310 746 ‚circumamicta
321 711 398 745 conduci
410 716 516 745 mereretur.
539 710 560 744 ln
574 710 651 745 ecclesia
663 710 712 744 enim
724 710 752 744 cui
762 725 781 746 ιο

51 765 111 809 neptis
126 776 159 800 sua
172 766 225 799 beata
240 765 330 799 Mildreda
342 763 414 808 prefuit,
428 763 509 798 inomni
522 763 617 799 sanctitate
632 763 667 798 deo
682 763 753 798 seruire

51 819 125 861 studuit,
137 824 155 852 et
165 818 200 852 sibi
211 818 230 851 in
242 818 332 862 regimine
343 817 436 851 successit.
460 817 526 851 Solerti
538 817 598 851 studio
609 816 693 851 meditari
705 817 753 861 cepit

51 882 117 914 corpus
133 876 196 905 sancte
212 870 303 904 Mildrede
314 869 391 913 virginis
404 870 427 903 ad
441 870 501 903 locum
514 869 615 903 transferre
628 875 723 913 paratum:
735 875 754 903 et

51 924 141 967 patefacto
152 923 227 965 tumulo,
236 923 328 968 integrum
336 922 412 967 virginis
424 931 491 967 corpus
499 927 517 956 et
525 922 693 964 incontaminatum,
701 922 753 966 quasi

51 976 92 1020 ipsa
105 976 134 1011 die
146 976 211 1011 luisset
222 970 322 1021 sepultum,
333 975 421 1020 repperit.
442 975 502 1010 Tanta
513 979 575 1009 autem
586 974 681 1009 redolebat
691 974 754 1010 odoris
764 986 782 1016 15

52 1030 139 1073 suauitas,
147 1041 168 1064 ac
176 1029 191 1063 si
199 1030 281 1064 omnium
292 1030 329 1064 illic
341 1030 501 1064 odoramentorum
513 1033 594 1062 aromata
602 1038 691 1062 succensa
699 1028 755 1063 habe-

52 1089 120 1117 rentur.
164 1073 224 1126 Virgo
232 1089 293 1117 autem
303 1083 389 1125 Edburga
399 1082 451 1126 quasi
459 1082 478 1115 in
489 1081 553 1115 mundi
564 1081 648 1115 fluctibus
659 1081 754 1125 nauigans,

52 1136 84 1168 sed
96 1140 157 1169 tamen
165 1135 242 1170 viriliter
249 1146 311 1179 agens,
319 1145 412 1169 corsuum
423 1135 490 1168 diuinis
501 1134 567 1168 studiis
578 1134 688 1175 confortans,
696 1134 754 1170 sacris

52 1188 128 1231 eloquiis
137 1189 218 1222 animum
229 1189 328 1230 oblectans,
336 1188 448 1222 orationibus
455 1187 536 1221 animam
544 1187 639 1228 decorans,
647 1186 754 1222 elemosinis

52 1251 118 1284 corpus
133 1252 219 1285 purgans,
233 1241 309 1284 angelos
322 1239 356 1275 sibi
368 1240 386 1274 in
398 1240 507 1274 adiutorium
520 1239 606 1280 inuitans,
618 1240 641 1274 de
652 1239 720 1274 virtute
734 1240 753 1274 in
763 1251 782 1272 ιο

52 1292 136 1327 virtutem
155 1292 267 1337 proficiebat.
295 1293 371 1336 Iamque
386 1292 450 1327 mundi
466 1291 520 1326 huius
536 1292 608 1326 delitias
622 1291 672 1336 vigili
691 1299 754 1327 mente

52 1346 130 1379 caducas
145 1345 266 1389 conspiciens,
280 1351 345 1379 cuncta
360 1345 415 1379 huius
430 1345 459 1379 eui
472 1345 538 1389 gaudia
549 1350 569 1379 vt
580 1345 638 1379 lutum
651 1344 753 1388 platearum

52 1399 166 1442 contempsit.
189 1398 261 1432 Aurum
275 1399 324 1433 euim
336 1404 354 1432 et
366 1404 466 1442 argentum,
479 1397 515 1431 nisi
531 1397 577 1431 sorte
592 1398 615 1432 ad
631 1397 754 1433 ecclesiastica

52 1457 159 1485 ornamenta
167 1451 196 1485 vel
204 1457 265 1485 cetera
276 1451 339 1485 diuina
350 1451 410 1485 officia
421 1450 528 1495 redegisset,
539 1450 586 1485 sicut
597 1456 669 1485 stercus
681 1457 754 1495 reputa-

52 1504 88 1545 bat,
96 1509 119 1545 et,
127 1515 163 1547 que
175 1515 185 1537 a
196 1504 236 1537 solo
247 1505 281 1537 deo
289 1510 318 1537 est
327 1503 403 1547 gloriam
414 1509 452 1537 toto
463 1504 518 1537 corde
528 1503 612 1547 quesiuit.
634 1502 694 1547 Magis
704 1504 753 1540 enim
763 1523 781 1551 ³5

52 1555 98 1589 solui
112 1562 129 1590 et
142 1567 184 1590 esse
196 1567 237 1589 cum
249 1556 322 1590 Christo
330 1556 443 1597 desiderans,
452 1556 562 1590 sententiam
571 1556 649 1600 apostoli
657 1557 754 1600 ‘quamdiu

53 1608 71 1642 in
84 1620 159 1652 corpore
172 1620 241 1650 sumus,
249 1610 389 1653 peregrinamur
397 1620 407 1643 a
415 1610 490 1643 domino
496 1610 500 1624 ’
507 1609 574 1652 iugiter
581 1610 600 1643 in
608 1610 663 1644 corde
673 1611 755 1645 reuoluit.

54 1661 97 1695 Post
108 1662 206 1696 multorum
217 1661 279 1707 itaque
294 1673 384 1697 annorum
399 1662 494 1704 curricula,
507 1668 549 1707 post
564 1663 614 1697 varia
629 1668 647 1697 et
659 1662 756 1700 innumera

53 1715 110 1749 hostis
117 1715 186 1759 antiqui
192 1716 263 1749 deuicta
269 1720 407 1760 temptamenta,
414 1716 489 1750 inuenta
497 1722 525 1750 est
532 1716 573 1750 sine
579 1716 660 1751 macula:
669 1718 756 1761 quoniam

53 1769 105 1811 ‘post
120 1778 184 1803 aurum
196 1779 233 1803 non
245 1768 293 1811 abiit,
306 1780 340 1804 nec
352 1768 371 1804 in
385 1769 477 1804 thesauris
489 1769 568 1814 pecunie
579 1769 671 1814 sperauit!
694 1770 755 1807 Iustus
764 1788 784 1817 30

53 1821 113 1865 itaque
125 1828 252 1856 remunerator
260 1824 345 1857 dominus
357 1823 427 1857 inuenit
439 1823 525 1857 famulam
535 1834 588 1857 suam
596 1823 657 1867 dignis
668 1825 755 1868 operibus

53 1874 170 1910 inherentem
186 1881 204 1910 et
218 1876 291 1910 uocauit
306 1886 347 1911 earn
362 1877 385 1910 ad
400 1887 481 1921 superna
495 1876 580 1920 polorum
595 1876 667 1921 gaudia,
679 1877 754 1913 dicens:

54 1927 116 1968 ‘Veni
129 1929 188 1963 electa
201 1939 247 1970 mea,
259 1936 278 1964 et
290 1940 358 1974 ponam
370 1930 389 1963 in
401 1935 419 1963 te
433 1930 519 1963 thronum
534 1940 608 1963 meum:
620 1930 706 1974 quoniam
721 1942 755 1964 rex

54 1980 125 2013 iusticie
140 1982 245 2024 concupiuit
260 1983 342 2026 speciem
356 1987 413 2015 tuam.
436 1982 502 2016 Oleum
517 1981 544 2015 tui
559 1982 627 2016 laboris
638 1981 657 2014 in
670 1982 755 2026 lampade

54 2033 138 2076 reconde,
153 2039 172 2068 vt
187 2044 228 2068 cum
243 2035 334 2069 bonorum
349 2046 426 2078 operum
442 2034 482 2069 luce
497 2033 578 2069 venienti
593 2034 679 2069 saluatori
694 2035 755 2078 possis
764 2050 783 2078 35

54 2088 160 2120 occurrere.¹
185 2085 229 2121 Mox
244 2088 294 2122 enim
307 2089 345 2122 fine
360 2087 408 2122 felici
423 2089 495 2122 beatam
506 2087 597 2132 virginem
608 2098 659 2122 mors
670 2089 755 2132 preuenit

54 2140 165 2182 temporalis¹
181 2150 217 2184 qua
233 2151 308 2176 carnem
323 2142 412 2175 hactenus
427 2141 488 2175 anime
503 2151 536 2175 sue
552 2140 699 2175 cohabitatricem
714 2141 755 2176 idus

55 2191 139 2235 deposuit
163 2194 266 2229 decembris
290 2195 412 2240 spiritumque
431 2197 465 2230 deo
484 2194 623 2229 commendauit.
679 2187 756 2230 quenis

55 2244 129 2287 quidam
141 2258 152 2280 a
165 2247 259 2281 natiuitate
271 2255 333 2283 mutus
345 2249 368 2282 ad
379 2249 462 2282 tumbam
473 2253 536 2282 sancte
547 2247 622 2290 virginis
633 2247 717 2289 veniens,
728 2259 756 2283 re-

55 2303 108 2339 cepta
122 2298 194 2341 loquela
210 2301 298 2343 eloquens
314 2306 378 2344 postea
393 2301 471 2334 efficitur
486 2305 504 2333 et
522 2300 616 2333 facundus.
661 2292 757 2334 Sacerdos
765 2316 784 2343 4⁰

55 2348 129 2391 quidam
143 2351 249 2385 monasterii
264 2358 327 2386 sancte
343 2352 435 2396 Edburge,
446 2357 523 2396 propter
535 2351 592 2385 seculi
607 2351 699 2395 presentis
714 2354 758 2387 sub—

56 2401 150 2437 limitatem
161 2404 221 2438 locum
228 2405 258 2439 vel
267 2405 353 2449 reliquias
363 2404 445 2439 eiusdem
453 2415 505 2439 sacre
512 2404 588 2448 virginis
600 2403 685 2448 neglexit.
709 2405 757 2447 Qui¹

56 2464 97 2488 cum
115 2455 134 2489 in
153 2456 223 2491 visione
242 2468 277 2502 per
295 2458 384 2502 virginem
405 2463 486 2492 sanctam
507 2458 661 2501 reprehensiones
682 2459 757 2494 crebras

56 2508 143 2552 audisset,
159 2516 177 2545 et
192 2510 211 2544 in
226 2522 260 2545 sua
274 2511 374 2556 pertinacia
392 2512 523 2555 perdurasset;
536 2517 589 2545 nocte
608 2512 687 2557 quadam
702 2523 757 2558 appa-

367 2569 449 2608 moue.
