1762 2803
103 88 148 142 488
294 86 374 139 mont
390 84 507 147 tacente
522 83 608 147 attolit

104 217 199 251 sponsum,
207 207 249 241 licet
257 207 344 251 episcopo
352 217 390 240 non
399 206 493 251 placuerit,
502 206 529 240 rei
536 211 598 240 tamen
607 206 668 241 exitus
676 207 807 251 comprobauit.

106 253 159 295 Dum
171 259 238 294 iterum
252 260 302 294 solus
315 265 381 302 oraret,
391 259 436 294 vidit
449 261 472 294 de
486 259 568 294 crucifixi
581 259 665 295 eiusdem
678 260 735 295 latere
749 271 807 295 mem-

104 314 170 349 bratim
180 315 277 357 puerulum
287 315 423 356 procedentem,
431 313 490 357 primo
500 318 559 357 caput,
572 319 590 348 et
599 319 640 358 post
651 314 744 355 humeros,
752 318 770 348 et
781 312 807 348 sic

104 378 139 411 per
153 367 237 401 ordinem
253 372 313 401 cetera
329 371 464 409 consequenter
479 367 535 399 exire.
562 366 598 407 Qui
613 367 673 409 primo
689 368 736 400 sedit
752 377 809 408 super

88 419 166 461 saltare,
179 424 243 462 postea
256 418 357 460 descendit,
369 423 387 452 et
400 429 435 463 per
446 417 545 452 oratorium
560 418 665 453 ambulauit.
688 418 732 452 Erat
747 424 808 452 autem

105 472 217 505 rubicundus
227 477 245 505 et
256 471 350 512 candidus,
358 477 377 505 et
384 472 467 505 vestibus
477 471 526 504 niuei
537 471 621 505 candoris
632 471 711 505 indutus.
734 470 808 505 Transi-

105 535 139 558 ens
154 529 215 558 autem
230 535 264 568 per
277 524 381 565 Godricum,
395 524 490 558 dexteram
506 524 565 558 erexit
580 529 598 558 et
614 523 666 558 cum¹
681 523 741 559 crucis
756 524 809 567 signo

105 576 204 612 benedixit
228 577 295 611 Postea
307 588 394 611 reuersus
407 578 430 611 ad
444 587 522 618 crucem,
534 582 554 611 vt
567 577 638 611 exierat
649 577 734 611 introiuit.
756 577 809 611 Tunc

106 629 134 664 vir
150 629 180 663 dei
196 630 262 671 gaudio
277 630 359 673 repletus
374 629 422 673 cepit
437 630 505 672 gratias
520 640 575 673 agere
590 630 681 663 saluatori.
726 623 809 675 Quidam

80 682 165 716 roforma
179 682 289 727 peregrinus
305 688 323 717 et
340 682 407 726 habitu,
422 682 502 726 pulsauit
516 683 539 716 ad
555 681 633 725 ianuam,
650 682 713 717 dicens
730 694 751 717 se
767 693 809 717 esse

107 735 215 770 heremitam
230 736 248 769 in
264 736 349 780 proximo
364 741 475 778 manentem,
491 740 509 769 et
523 735 598 770 venisse
613 737 636 770 ad
651 735 761 780 colloquium
775 736 809 769 viri

106 789 141 829 dei.
165 789 284 823 Intromissus
300 794 366 831 autem,
380 793 422 822 ante
438 789 494 822 limen
506 789 584 823 ecclesie
597 789 719 833 prosternitur
732 788 810 832 genibus

107 841 197 883 curuatis;
210 852 266 884 quem
277 841 373 883 Godricus,
386 851 433 883 aqua
447 842 498 884 prius
510 851 607 885 aspersum
621 841 722 883 benedicta,
735 841 810 875 eleuans

107 893 213 927 introduxit.
235 892 288 927 Tunc
305 893 360 926 simul
378 893 397 926 in
416 893 498 927 oratione
517 894 644 937 procumbunt,
659 898 678 927 et
693 893 810 936 postmodum

91 947 176 990 5pariter
188 948 287 990 eriguntur,
299 951 317 980 et
328 946 431 980 residentes
438 946 500 980 verbis
510 956 530 980 se
541 945 619 980 inuicem
631 945 756 990 spiritualibus
768 957 811 981 con·

108 1000 196 1034 solantur.
220 999 263 1033 Erat
278 1005 338 1033 autem
352 1000 381 1033 vir
395 999 425 1033 ille
438 1009 526 1042 procerus
540 1004 558 1033 et
569 999 658 1043 hispidus,
671 1000 737 1043 capillo
753 999 811 1043 nigro,

108 1058 160 1086 veste
179 1052 244 1086 villosa
262 1052 315 1096 quasi
334 1052 431 1093 caracalla;
450 1053 532 1095 corporis
551 1063 595 1085 vero
611 1052 719 1097 superficies
735 1052 812 1087 interior

109 1106 209 1149 apparebat
223 1106 278 1147 nuda,
291 1111 354 1149 preter
369 1104 418 1139 illam
434 1109 505 1149 partem
522 1115 578 1149 quam
592 1105 681 1139 caracalla
695 1106 777 1147 velabat;
794 1111 812 1140 et

108 1159 165 1193 dixit:
178 1158 246 1191 ‘Fama
256 1163 287 1192 tue
298 1158 398 1192 sanctitatis
409 1158 475 1199 audita,
483 1159 519 1191 iam
528 1158 597 1191 dudum
605 1164 623 1191 te
631 1158 694 1192 videre
702 1158 812 1199 desideraui,

82 1221 101 1243 ιο
109 1212 142 1245 sed
154 1212 243 1244 hactenus
254 1210 332 1254 negotiis
344 1211 369 1244 fui
381 1210 498 1254 prepeditus3
510 1220 559 1244 nunc
567 1221 612 1244 vero
623 1211 724 1245 clementer
735 1210 811 1246 exaudi:

109 1264 149 1308 Ego
157 1274 228 1308 pauper
235 1264 290 1298 nimis
298 1263 317 1298 in
326 1263 457 1298 Northumbria
465 1263 530 1298 cellam
539 1263 628 1298 constituo
634 1265 645 1306 ²,
653 1265 686 1298 sed
695 1264 733 1298 sere
741 1265 811 1299 nullum

109 1318 168 1351 habeo
187 1318 299 1359 adiutorem
316 1318 365 1350 vnde
381 1327 425 1359 rogo
441 1321 461 1350 vt
480 1327 541 1349 meam
556 1316 575 1349 in
590 1318 650 1360 aliquo
666 1317 749 1350 releuare
766 1318 812 1351 velis

109 1369 200 1413 inopiam!
222 1368 256 1402 Vir
269 1369 299 1401 dei
314 1369 382 1412 pietate
396 1373 503 1409 commotus,
516 1370 539 1402 ad
555 1369 611 1402 altare
627 1370 739 1412 conscendit,
752 1374 770 1403 et
785 1369 813 1403 in·

110 1427 185 1456 uentum
202 1420 227 1455 ibi
242 1431 316 1464 panem,
333 1427 351 1455 et
368 1422 464 1455 denarium
480 1421 529 1455 dedit
545 1421 576 1464 illi,
592 1422 666 1456 dicens:
684 1422 763 1466 ‘Accipe
779 1423 813 1456 hoc

83 1486 101 1516 25
110 1485 176 1518 parum
191 1475 239 1518 quod
254 1475 323 1517 habe03
336 1474 379 1518 quia
394 1475 410 1509 si
426 1474 468 1518 plus
484 1475 577 1517 haberem,
593 1474 635 1519 plus
651 1474 683 1510 tibi
699 1475 812 1510 conferrem!

111 1528 165 1570 Quod
176 1527 207 1562 ille
218 1528 328 1571 suscipiens,
337 1539 379 1561 cum
390 1527 490 1570 lachrymis
501 1527 535 1562 ait:
548 1528 641 1561 ‘Obsecro
653 1528 727 1562 domine
738 1529 769 1570 mi,
779 1528 814 1563 ne³

110 1581 214 1615 ulcerosum
234 1591 300 1624 corpus
320 1590 382 1614 meum
399 1585 474 1624 tangere
493 1580 603 1623 dedigneris.
628 1580 689 1624 Spero
706 1581 755 1615 enim
771 1582 814 1616 inde

111 1634 167 1667 michi
181 1635 265 1667 leuamen
278 1633 352 1676 aliquod
364 1632 474 1666 affuturum:
492 1638 510 1666 et
523 1638 542 1665 tu
557 1633 626 1675 poteris
642 1644 664 1666 ea
678 1644 714 1677 que
730 1644 763 1680 pro
778 1635 814 1668 deo

111 1686 179 1730 pertuli
191 1686 237 1718 dura
248 1684 328 1719 sentire)
351 1684 385 1719 Vir
394 1685 424 1719 dei
436 1696 549 1730 compassus,
560 1696 635 1719 manum
646 1686 727 1721 adhibuit
739 1698 814 1732 corpus·

84 1750 103 1778 ,ao
111 1750 147 1782 que
156 1738 249 1783 palpauit:
262 1739 310 1782 quod
319 1744 358 1771 erat
368 1739 427 1773 simile
438 1739 509 1782 corpori
519 1738 591 1772 anseris
601 1739 706 1782 deplumati,
714 1744 733 1773 et
741 1741 815 1783 quando

111 1803 186 1826 manum
202 1791 325 1835 imprimebat,
338 1801 380 1825 caro
396 1791 426 1825 illa
439 1790 491 1836 quasi
507 1796 609 1826 contactum
625 1791 698 1836 fugiens
712 1794 814 1828 recedebat,

111 1844 165 1880 Vnde
177 1844 205 1881 vir
219 1850 293 1879 sanctus
305 1845 396 1878 inhorruit
409 1855 521 1888 manumque
534 1845 613 1879 reduxit.
635 1845 687 1879 Tunc
699 1845 729 1879 ille
741 1847 767 1880 sic
778 1848 814 1881 ait:

112 1898 187 1933 ‘Tantis
199 1897 293 1931 doloribus
306 1898 433 1933 indesinenter
446 1898 517 1942 affligor
528 1897 576 1942 quod
588 1908 622 1941 pre
635 1899 718 1932 molestia
730 1899 761 1933 vix
773 1900 815 1933 sub-

112 1952 167 1994 sisto;
184 1957 202 1985 et
214 1957 234 1984 tu
246 1951 331 1985 similiter
343 1951 419 1994 faceres,
434 1951 450 1984 si
464 1962 520 1985 verus
535 1951 624 1985 heremita
639 1961 696 1986 esses.
720 1952 815 1987 Continuis

85 2016 103 2048 35
112 2005 221 2040 ieiuniorum
232 2010 287 2048 atque
294 2004 397 2048 vigiliarum
408 2004 500 2039 laboribus
510 2004 586 2046 crucior,
594 2004 675 2048 pericula
686 2011 739 2040 nocte
749 2007 815 2050 dieque

112 2058 199 2092 sustineo.
223 2058 273 2101 Sepe
287 2057 415 2091 iehennalibus
428 2059 481 2101 penis
493 2068 561 2101 corpus
576 2058 670 2102 immerg0‚
684 2063 703 2092 et
718 2058 815 2103 aliquando

113 2122 170 2155 super
180 2110 230 2146 celos
241 2111 321 2154 euolans,
333 2112 408 2155 angelos
419 2112 438 2145 in
449 2117 548 2156 conspectu
559 2110 621 2145 diuiue
632 2111 732 2146 maiestatis
741 2112 815 2156 aspicio.

114 2166 212 2209 Nunquam
221 2165 265 2198 cibis
274 2176 304 2199 me
313 2165 380 2207 reficio,
388 2176 483 2209 nunquam
491 2166 561 2199 dormio
569 2164 598 2198 vel
607 2164 691 2208 quiesco.y
709 2165 816 2209 intelligens

112 2219 141 2253 vir
149 2219 179 2252 dei
187 2218 227 2263 quis
235 2224 290 2259 esset,
296 2220 379 2261 precepit
386 2218 405 2251 in
413 2218 488 2251 nomine
496 2217 566 2251 domini
573 2223 592 2250 vt
600 2218 635 2250 cito
643 2218 751 2252 discederet.
775 2218 816 2260 Qui,

85 2283 105 2312 40
114 2282 156 2305 cum
164 2270 218 2305 donis
227 2281 263 2314 que
275 2276 375 2314 acceperat,
384 2281 427 2304 mox
439 2271 512 2314 aufugit,
522 2277 541 2305 et
552 2270 576 2305 ibi
588 2271 665 2305 fetorem
675 2271 753 2306 nimium
764 2273 816 2307 dere-

113 2325 170 2368 liquit.
193 2323 282 2358 Godricus
291 2335 314 2358 ex
324 2329 372 2357 tactu
382 2324 430 2357 illius
440 2329 490 2358 tanta
500 2324 585 2358 sustinuit
592 2325 717 2368 temptationis
726 2325 816 2368 incendia,

114 2384 133 2411 vt
152 2376 238 2411 obscenis
257 2376 406 2411 delectationibus
423 2377 481 2411 virtus
496 2387 544 2421 pene
561 2376 608 2412 victa
627 2379 765 2421 succumberet;
783 2379 816 2414 sed

115 2432 226 2466 orationibus
241 2431 345 2474 inuigilans‚
363 2437 435 2464 scutum
453 2431 516 2465 diuine
534 2431 653 2475 protectionis
668 2432 743 2476 accepit.
766 2432 816 2476 Sepe

135 2533 241 2571 1Τ.1ῑ.ειιιη,
250 2534 270 2564 H,
279 2544 319 2566 eum.
361 2535 399 2565 ΠΗ.
408 2535 486 2566 constitui.
527 2535 804 2573 ³soT.;E.vt..nededigneris.
