1762 2803
123 141 167 184 442
196 169 198 174 ,
314 128 394 179 uota
410 124 526 188 tantona
541 125 634 188 unctio

123 248 202 283 libenter
209 247 296 293 suscepit,
305 252 328 291 et,
333 253 352 283 vt
360 248 427 283 mentis
435 247 484 283 illius
492 248 577 282 affectum
587 246 675 292 indagare
681 247 755 289 valeret,
764 258 825 292 quam·

124 303 155 336 diu
169 302 229 343 vellet,
245 312 307 336 secum
322 311 398 335 manere
413 301 508 335 concessit
532 300 588 335 Cuius
603 301 673 336 vultum
689 300 792 345 simplicem
807 307 826 337 et

124 355 229 400 religiosum
237 354 316 398 intuens,
324 354 360 388 ait:
373 354 471 396 ‘Obsecro
480 353 592 397 charissime,
597 359 616 389 vt
624 353 668 388 mihi
677 353 767 398 originem
775 359 825 390 tuam

123 408 244 451 patriamque,
257 413 275 441 et
290 408 391 441 archanum
403 413 434 440 tue
446 407 513 441 mentis
526 407 617 448 affectum,
630 416 667 450 quo
679 406 746 448 tendis,
758 412 777 440 et
790 417 826 450 quo

106 471 114 503 5
123 459 197 495 nomine
205 458 275 495 vocaris
283 458 392 495 innotescas.
416 460 436 494 Si
446 459 513 495 deinde
524 459 620 494 consilium
630 458 662 495 tibi
674 470 776 504 congruum
783 470 826 504 pre·

124 515 225 558 uerequeo,
231 519 278 549 teste
286 514 320 548 deo
328 514 407 548 libenter
413 514 496 548 donabo)
510 513 543 548 Cui
551 519 626 548 sanctus
633 514 648 547 F
648 513 714 548 iacrius
721 514 825 558 respondit:

123 567 294 602 ‘Reuerentissime
309 573 366 610 pater,
385 567 476 601 Hibernia
491 568 587 601 Scotorum
605 567 665 600 insula
680 566 726 600 mihi
743 567 826 609 meisque

123 619 237 663 genitoribus
251 618 341 663 originem
356 619 411 661 dedit,
427 625 445 654 et
460 619 503 662 quia
518 619 617 653 solitariam
630 619 686 653 vitam
702 620 769 653 ducere
783 630 826 653 con·

124 672 203 716 cupisco,
219 671 296 715 patriam
311 678 434 716 parentesque
449 672 522 716 fugiens
537 671 632 715 dereliqui,
646 673 707 706 locum
726 672 826 715 quemlibet

97 736 116 759 ιο
124 734 225 768 congruum
237 724 331 758 heremitis
343 729 429 768 expetam
434 724 446 767 ¹,
458 725 491 758 sed
502 724 578 758 nomine
591 724 673 758 Fiacrius
684 734 744 759 vocor.
773 724 826 758 Nunc

124 788 168 822 ergo
180 782 230 812 tuam
242 776 339 811 almificam
352 776 481 821 paternitatem
495 776 603 822 suppliciter
615 777 694 821 efflagito
706 776 797 822 quatinus,
811 777 826 813 si

124 831 185 865 locum
201 831 307 874 quempiam
319 842 438 865 nemorosum
449 831 468 865 in
482 831 518 865 hiis
531 831 614 875 partibus
627 831 690 865 inesse
705 831 780 865 noueris
791 842 827 874 quo

125 884 183 919 sacris
198 884 311 919 orationibus
326 884 412 919 insistere
427 895 499 928 queam,
514 883 560 919 mihi
574 884 670 928 indulgere
689 895 726 918 non
742 883 827 919 differas!

126 937 167 971 Hiis
181 937 247 971 auditis
261 938 325 971 beatus
338 937 398 971 Pharo
412 938 494 982 gaudens
508 937 590 978 effectus,
602 937 627 971 ait
642 938 665 971 ad
680 947 733 972 eum:
750 937 827 972 ‘Habeo

98 1000 116 1031 15
125 992 188 1034 vtique
195 1001 232 1024 non
240 991 304 1034 procul
312 990 354 1024 hinc
362 1001 428 1024 nemus
439 991 531 1035 quoddam
541 991 560 1023 in
571 991 610 1024 iure
620 990 701 1034 proprio,
709 990 757 1034 quod
768 990 827 1024 incole

126 1043 221 1077 Brodilum
234 1047 304 1083 vocant,
317 1044 339 1076 ad
352 1044 475 1077 exercendam
488 1043 544 1076 vitain
557 1042 661 1084 solitariam,
674 1047 694 1076 vt
709 1042 769 1083 credo,
783 1042 827 1075 satis

125 1097 225 1139 ydoneum.
250 1095 303 1136 Quod
317 1095 333 1128 si
346 1095 466 1139 contemplari
478 1095 578 1137 desideras,
590 1095 632 1128 illuc
644 1106 703 1139 vsque
717 1097 828 1139 pergamus!

125 1149 167 1191 Quo
182 1154 264 1190 ostenso,
279 1147 304 1181 ait
318 1148 427 1193 episcopus:
447 1148 522 1183 ‘Frater
540 1147 653 1191 charissime,
668 1148 719 1183 locus
736 1147 771 1183 iste
788 1147 828 1183 iure

125 1201 235 1237 hereditario
244 1202 267 1235 ad
275 1212 305 1236 me
313 1207 388 1245 spectat,
395 1207 413 1236 et
421 1201 437 1236 si
444 1202 468 1236 ad
474 1202 593 1236 habitandum
600 1201 643 1236 tibi²
650 1201 744 1246 placuerit,
750 1202 828 1245 (tantum

98 1265 117 1288 20
126 1267 150 1290 ex
166 1254 206 1297 eo)³
221 1260 310 1298 quantum
326 1255 358 1288 tibi
373 1266 451 1289 necesse
466 1256 520 1289 fuerit
535 1256 613 1289 deuotus
627 1255 684 1288 offero
697 1261 715 1288 et
731 1255 828 1288 alachriter

126 1307 218 1342 concedo)
241 1307 282 1349 Quo
291 1307 343 1349 dicto,
351 1306 415 1342 beatus
425 1307 506 1342 Fiacrius
514 1318 558 1342 mox
566 1308 588 1342 ad
598 1307 638 1342 eius
648 1307 725 1352 vestigia
736 1318 827 1351 proruens

119 1356 144 1395 “et
157 1360 226 1394 obortis
240 1360 333 1394 lachrimis
345 1361 368 1394 de
382 1361 447 1393 collato
460 1361 495 1394 sibi
508 1361 598 1395 beneficio
609 1360 677 1404 gratias
690 1360 779 1402 referens,
791 1361 827 1394 ait:

127 1412 247 1447 ‘Beatissimo
263 1417 321 1455 pater,
336 1413 375 1447 solo
394 1412 459 1446 intuitu
477 1414 528 1446 locus
545 1413 581 1446 iste
598 1412 675 1446 nimium
693 1423 723 1446 me
738 1412 828 1446 delectat:

126 1465 184 1500 satis*
195 1464 244 1498 enim
256 1469 289 1506 est,
302 1470 319 1498 et
331 1465 354 1499 ab
366 1464 415 1498 omni
427 1476 503 1508 prorsus
515 1465 610 1499 hominum
622 1465 725 1509 frequentia
736 1465 828 1499 remotus!

99 1528 118 1557 25
128 1518 222 1562 Digressis
230 1518 252 1550 ab
260 1517 340 1551 inuicem
349 1518 423 1558 sanctis,
430 1518 459 1551 vir
466 1518 496 1552 dei
505 1518 586 1552 Fiacrius
595 1519 659 1552 auulso
669 1528 745 1552 nemore
754 1528 828 1551 monas-

127 1570 193 1605 terium
201 1569 220 1603 in
228 1570 298 1603 honore
306 1571 360 1603 beate
368 1570 427 1603 Marie
435 1570 541 1614 construxit,
549 1575 567 1604 et
578 1571 601 1605 de
610 1570 640 1605 die
648 1570 667 1604 in
675 1569 724 1604 diem
732 1569 828 1605 virtutibus

127 1634 236 1658 accrescens
255 1628 273 1657 et
290 1622 325 1657 sibi
343 1629 428 1658 austerus
447 1623 529 1666 effectus,
545 1635 565 1658 se
580 1623 648 1658 Christi
667 1623 742 1658 seruitio
761 1623 828 1658 arctius

127 1676 217 1711 subdebat
230 1681 248 1710 et
262 1677 310 1719 quod
324 1676 407 1710 famelico
419 1676 491 1720 corpori
502 1677 583 1721 quotidie
594 1677 685 1711 subtraxit
695 1676 799 1721 peregrinis
811 1682 829 1711 et

127 1729 239 1774 pauperibus
247 1728 389 1763 misericorditer
396 1730 497 1774 errogabat.
520 1730 541 1764 Si
549 1729 756 1774 quipiamfilacertorum
764 1730 829 1764 robore

99 1790 120 1820 30
127 1782 198 1827 priuati,
211 1787 242 1817 aut
255 1782 337 1826 elingues
351 1782 416 1825 effecti,
430 1783 470 1817 siue
482 1794 582 1818 neruorum
597 1783 679 1817 ariditate
693 1784 786 1826 contracti,
798 1789 829 1817 aut

127 1835 202 1880 maligni
220 1835 294 1879 spiritus
310 1835 425 1869 infestatione
440 1835 506 1877 vexati,
521 1837 551 1870 vel
567 1836 621 1870 etiam
637 1836 691 1870 totius
707 1837 788 1879 corporis
803 1836 829 1869 in·

127 1887 271 1933 com[m]oditate
279 1888 353 1930 detenti,
359 1889 382 1922 ad
391 1898 433 1922 eum
439 1888 537 1923 veniebant
541 1888 571 1923 vel
577 1888 712 1932 deferebantur,
719 1889 758 1922 sola
764 1899 830 1922 manus

127 1941 185 1985 ipsius
199 1940 322 1984 impositione,
333 1940 363 1975 dei
376 1942 463 1985 suffragio
477 1942 596 1975 incolumitati
609 1941 687 1986 pristine
700 1942 829 1976 reddebantur.

128 1993 239 2038 Fragrabatl
253 1993 308 2037 igitur
322 1993 402 2037 vndique
417 1994 479 2037 opinio
494 1994 543 2028 illius
558 1994 633 2028 sancta⁷
648 1999 666 2027 et
681 1994 734 2028 multi
748 1995 772 2027 ad
787 2004 829 2027 eum

100 2056 119 2088 35
127 2047 238 2082 veniebant:
256 2051 275 2080 et
289 2051 309 2080 vt
323 2046 399 2080 haberet
413 2048 463 2081 vnde
478 2047 618 2081 necessitatibus
633 2046 770 2081 aduenientium
786 2048 829 2081 sub-

127 2101 203 2141 ueniret,
217 2105 235 2133 et
248 2100 271 2133 de
284 2100 377 2133 laboribus
389 2110 476 2134 manuum
489 2111 564 2134 suarum
577 2100 657 2144 inopiam
669 2111 772 2144 pauperum
784 2101 830 2134 rele-

127 2152 195 2195 uaret⁸‚
207 2152 268 2188 visum
281 2158 310 2187 est
323 2153 340 2186 ei
353 2153 402 2196 quod
416 2153 494 2198 amplior
507 2158 525 2188 et
540 2152 642 2197 spaciosior
657 2153 707 2188 locus
721 2153 768 2188 foret
781 2153 829 2188 vtilis

127 2213 145 2242 et
155 2206 276 2248 necessarius,
285 2206 308 2239 ad
318 2205 403 2240 hortuml
410 2206 518 2248 faciendum,
527 2208 550 2240 ad
558 2207 678 2251 plantandum
682 2207 694 2226 ¹⁰
703 2208 752 2241 olera
760 2212 778 2241 et
786 2207 829 2241 alia-

127 2272 168 2295 rum
174 2259 186 2281 ¹¹
199 2260 298 2294 herbarum
314 2259 429 2293 diuersarum
444 2270 518 2303 genera.
547 2260 571 2293 Et
586 2259 671 2303 quamuis
687 2260 753 2294 beatus
769 2260 830 2293 Pharo

99 2322 119 2352 40
128 2313 179 2358 prius
191 2313 208 2347 ei
218 2317 289 2346 tantum
301 2311 329 2346 sui
341 2312 422 2346 nemoris
433 2313 555 2347 concessisset
566 2319 654 2356 quantum
665 2312 704 2347 suis
716 2312 830 2346 necessitati-

127 2368 162 2401 bus
178 2364 289 2408 conueniret,
302 2370 364 2400 tamen
379 2365 439 2399 locum
457 2365 546 2409 ampliare
562 2370 579 2400 et
593 2365 666 2400 hortum
679 2366 740 2400 iacere
753 2365 794 2400 sine
810 2365 830 2399 li-

127 2420 187 2454 centia
198 2419 290 2463 pontificis
302 2418 377 2452 humilis
388 2418 478 2453 heremita
489 2429 527 2453 non
538 2419 656 2463 presumpsit.
679 2418 764 2453 Accessit
776 2418 831 2463 igitur

148 2501 154 2518 ¹
165 2499 204 2529 Boll
212 2503 275 2538 expeto.
355 2498 361 2515 ²
371 2499 389 2529 E.
396 2499 413 2528 in
419 2498 450 2529 hoc
457 2498 493 2530 loco
500 2499 531 2530 tibi.
613 2499 619 2518 ³
630 2503 689 2529 tantuin
697 2509 718 2529 ex
725 2509 744 2529 co
752 2509 782 2531 om,
789 2499 805 2529 in
813 2499 830 2530 T.

129 2541 135 2558 4
145 2541 164 2569 al.
172 2549 221 2569 sacer.
297 2539 303 2557 ⁵
313 2540 330 2570 T.
339 2540 357 2568 E.
365 2540 451 2576 quisquam.
527 2540 533 2558 ὅ
542 2539 562 2569 al.
571 2539 658 2576 Flagrabat.
732 2539 738 2556 ⁷
749 2540 768 2569 al.
775 2539 830 2570 saneti.

129 2580 134 2612 l
145 2580 163 2610 E.
171 2580 253 2611 reuelaret.
313 2580 319 2598 ⁹
329 2579 347 2610 T.
356 2584 412 2610 ortum.
472 2578 483 2597 ¹⁰
494 2579 513 2610 al.
520 2579 610 2617 plantanda.
672 2579 682 2598 ¹¹
693 2580 713 2609 al.
721 2579 755 2609 alia.
