1762 2803
225 107 271 162 Da
286 105 385 159 &anau
401 104 547 169 aunuatim.
708 111 736 165 83

35 227 90 261 credo
98 226 140 270 quia
147 238 189 263 mea
196 228 245 271 apud
253 234 271 262 te
278 227 358 262 volueris
368 227 490 271 responsione
498 227 574 262 firmari.
596 227 663 262 Mulier
670 228 738 262 etenim

35 290 128 323 pregnans
140 292 173 315 cur
185 292 222 315 non
234 281 300 314 debeat
311 280 404 325 baptizari,
416 290 458 315 eum
470 291 507 314 non
519 280 543 315 sit
554 285 596 315 ante
608 280 739 325 omnipotentis

35 333 65 367 dei
73 333 135 368 oculos
145 335 199 378 culpa
209 334 269 378 aliqua
277 334 379 367 fecunditas
387 333 460 368 carnis?
483 334 531 368 Nam
539 344 581 368 cum
589 333 643 378 primi
651 339 739 378 parentes

35 386 93 420 nostri
111 386 131 420 in
148 387 232 430 paradiso
247 386 374 430 deliquissent,
389 386 544 420 immortalitatem
559 397 615 430 quam
630 392 739 430 acceperant

35 442 85 472 recto
98 438 127 473 dei
142 439 208 474 iudicio
220 439 345 484 perdiderunt.
368 438 415 481 Quia
427 438 488 484 itaque
500 439 549 474 idem
562 440 679 483 omnipotens
693 440 757 479 deus5

36 492 137 525 humanum
149 503 209 535 genus
224 503 257 536 pro
269 492 323 536 culpa
338 503 372 526 sua
383 492 465 526 funditus
477 492 586 535 extinguere
598 492 661 532 noluit,
674 498 691 525 et
706 492 739 524 im-

37 543 165 577 mortalitatem
173 543 242 578 homini
255 555 289 589 pro
300 549 374 588 peccato
385 554 419 579 suo
428 544 507 586 abstulit,
516 550 534 579 et
544 550 606 579 tamen
614 554 648 589 pro
657 543 740 588 benigni-

36 600 73 629 tate
87 607 121 630 sue
133 595 211 639 pietatis,
223 597 353 631 fecunditatem
366 597 394 630 ei¹
406 597 474 631 sobolis
490 597 597 631 reseruauit.
620 597 673 639 Quod
685 596 740 641 igitur

36 653 101 682 nature
112 649 192 683 humane
201 661 225 684 ex
236 649 367 693 omnipotentis
377 649 407 684 dei
417 650 465 684 dono
476 656 570 684 seruatum
580 657 614 691 est,
622 661 658 694 qua
669 650 740 684 ratione

36 700 103 744 poterit
111 711 122 735 a
130 702 177 735 sacri
184 701 299 746 baptismatis
308 702 365 747 gratia
373 701 478 746 prohiberi?
502 702 523 736 In
531 702 562 737 illo
570 702 638 747 quippe
646 702 739 746 mysterio,
749 714 768 736 10

37 753 56 787 in
64 764 100 796 quo
108 754 168 789 omnis
178 756 231 798 culpa
242 755 323 789 funditus
334 755 451 799 extinguitur,
459 756 513 789 valde
523 756 599 790 stultum
607 761 635 790 est
646 756 661 790 si
671 756 739 790 donum

37 806 94 849 gratie
108 807 232 842 contradicere
245 819 301 852 posse
312 808 401 842 videatur.
424 807 470 841 Cum
481 818 526 842 vero
537 807 592 841 enixa
603 808 658 842 fuerit
669 808 740 849 mulier,

37 864 80 902 post
91 865 134 902 quot
145 860 185 894 dies
197 860 263 894 debeat
275 860 371 893 ecclesiam
383 860 457 901 intrare,
468 859 573 894 testamenti
584 860 652 894 veteris
663 870 741 904 precep-

37 911 88 946 tione
103 912 186 954 didicisti,
199 918 219 946 vt
234 923 269 955 pro
284 913 366 946 masculo
381 912 447 946 diebus
462 909 612 955 trigintatribusl,
626 923 660 956 pro
673 913 741 946 semina

38 969 98 998 autem
107 965 171 998 diebus
182 963 313 1008 sexagintasex
321 965 386 999 debeat
397 963 495 999 abstinere.
514 964 567 1007 Quod
576 970 637 999 tamen
646 964 741 1000 sciendum
752 978 769 1009 ¹⁵

38 1023 67 1052 est
77 1017 137 1062 quod³
144 1018 164 1052 in
174 1018 256 1052 misterio
264 1017 367 1062 accipitur⁴.
389 1017 480 1062 Voluptas
491 1017 560 1053 etenim
570 1017 636 1060 carnis,
644 1029 681 1053 non
690 1018 742 1053 dolor

38 1070 57 1104 in
71 1071 124 1114 culpa
140 1076 179 1114 est;
196 1072 216 1105 in
230 1071 291 1105 carnis
306 1070 438 1104 commixtione
449 1070 534 1115 uoluptas
547 1076 580 1113 est,
592 1082 635 1105 nam
650 1071 669 1105 in
684 1071 742 1115 prolis

38 1123 140 1167 prolatione
148 1124 232 1167 gemitus.
254 1123 309 1158 Vnde
317 1129 335 1157 et
344 1123 380 1167 ipsi
391 1123 450 1167 prime
461 1123 515 1157 matri
525 1123 608 1157 omnium
619 1123 694 1159 dicitur:
707 1124 742 1158 “in

39 1176 102 1210 dolore
108 1176 186 1220 paries.”
202 1176 222 1211 Si
230 1176 292 1220 itaque
298 1176 372 1210 enixam
378 1176 475 1210 mulierem
481 1176 602 1220 prohibemus
610 1176 707 1211 ecclesiam
715 1177 742 1211 in-

38 1233 94 1270 trare,
100 1229 160 1273 ipsam
165 1240 233 1273 penam
240 1240 292 1263 suam
298 1230 317 1263 in
322 1230 394 1273 culpam
401 1230 516 1272 deputamus.
528 1229 625 1272 Baptizare
630 1235 691 1264 autem
698 1230 742 1273 [vel]
751 1243 771 1264 ao

39 1282 113 1316 enixam
121 1282 222 1322 mulierem,
230 1282 261 1317 vel
271 1282 306 1316 hoc
314 1282 363 1326 quod
373 1282 463 1326 genuerit,
472 1281 487 1315 si
498 1281 562 1316 mortis
572 1282 654 1326 periculo
662 1288 742 1327 urgetur,

39 1336 69 1370 vel
78 1335 137 1380 ipsam
148 1335 193 1370 hora
203 1336 268 1370 eadem
276 1346 312 1380 qua
324 1334 387 1379 gignit,
394 1336 424 1369 vel
435 1336 469 1369 hoc
481 1336 529 1379 quod
540 1335 626 1379 gignitur,
634 1337 699 1370 eadem
707 1347 744 1380 qua

40 1393 103 1422 natum
114 1394 147 1429 est,
156 1389 207 1422 nullo
218 1389 273 1422 modo
284 1388 403 1431 prohibetur:
415 1388 458 1430 quia
470 1388 527 1422 sancti
538 1387 616 1422 misterii
625 1388 689 1432 gratia,
697 1389 744 1422 sicut

40 1441 145 1474 viuentibus
155 1446 211 1483 atque
218 1439 366 1474 discernentibus
377 1450 419 1473 cum
430 1450 498 1483 magna
508 1440 619 1474 discretione
629 1439 745 1483 prouidentia

41 1499 75 1534 est,
86 1493 111 1527 ita
123 1493 151 1528 his
163 1493 230 1537 quibus
242 1502 292 1526 mors
303 1492 393 1533 imminet,
401 1491 441 1525 sine
450 1492 487 1525 vlla
498 1491 586 1526 dilatione
597 1491 704 1532 offerenda;
721 1503 744 1526 ne
754 1502 772 1530 25

41 1546 85 1579 dum
93 1545 152 1579 adhuc
161 1551 234 1588 tempus
245 1545 269 1578 ad
276 1544 392 1588 prebendum
403 1544 537 1588 redemptionis
547 1544 649 1578 misterium
657 1545 745 1589 queritur,

41 1597 176 1632 interueniente
183 1597 277 1641 paululum
285 1608 338 1631 mora
345 1596 425 1631 inueniri
435 1608 473 1631 non
480 1597 541 1632 valeat
548 1597 579 1642 qui
587 1597 692 1633 redimatur.
714 1597 745 1633 Ad

42 1651 82 1685 eius
89 1662 133 1685 vero
145 1651 261 1685 concubitum
270 1651 298 1685 vir
309 1662 354 1685 suus
366 1651 455 1685 accedere
467 1662 504 1685 non
515 1651 576 1692 debet,
583 1652 704 1696 quoadusque
714 1652 745 1696 qui

42 1705 123 1748 gignitur
131 1704 235 1738 ablactatur.
259 1704 319 1738 Praua
326 1709 388 1738 autem
398 1704 417 1738 in
428 1704 566 1748 coniugatorum
577 1704 659 1738 moribus
669 1715 746 1738 consue·

42 1757 86 1791 tudo
99 1756 179 1791 surrexit
190 1761 209 1791 vt
222 1756 310 1791 mulieres
322 1756 369 1792 filios
382 1767 429 1801 quos
443 1756 519 1802 gignunt
532 1757 603 1792 nutrire
615 1762 746 1802 contempnant
755 1765 775 1794 30

43 1821 111 1854 eosque
123 1810 163 1844 aliis
177 1810 285 1844 mulieribus
296 1810 319 1844 ad
331 1809 448 1844 nutriendum
460 1810 544 1844 tradant:
561 1810 614 1852 Quod
625 1810 711 1844 videlicet
722 1822 746 1845 ex

44 1863 83 1897 sola
95 1873 150 1896 causa
164 1862 296 1895 incontinentie
308 1862 381 1896 videtur
393 1861 494 1904 inuentum,
506 1862 548 1904 quia
561 1864 606 1896 dum
618 1873 639 1896 se
652 1863 746 1896 continere

44 1916 113 1956 nolunt,
124 1914 228 1958 despiciunt
239 1914 308 1948 lactare
319 1924 366 1958 quos
377 1914 460 1958 gignunt.
483 1913 513 1948 He
524 1914 585 1958 itaque
596 1925 631 1958 que
643 1914 690 1949 filios
702 1925 746 1949 suos

44 1979 67 2002 ex
78 1978 135 2012 praua
145 1967 277 2001 consuetudine
287 1966 327 2000 aliis
338 1968 361 2000 ad
372 1967 489 2001 nutriendum
500 1967 578 2008 tradunt,
587 1966 622 2001 nisi
632 1966 746 2011 purgationis

44 2026 118 2064 tempus
129 2019 221 2053 transierit
226 2019 238 2059 ⁶,
245 2018 290 2053 viris
301 2018 340 2053 suis
352 2029 389 2053 non
399 2019 467 2053 debent
476 2019 584 2054 admisceri:
598 2019 667 2063 quippe
677 2020 720 2063 quia
728 2025 746 2053 et
755 2026 774 2057 35

45 2073 87 2107 sine
98 2078 161 2116 partus
173 2082 232 2114 causa,
241 2082 282 2105 cum
290 2070 309 2105 in
318 2071 410 2105 consuetis
422 2072 521 2105 menstruis
533 2072 643 2112 detinentur,
652 2071 696 2106 viris
707 2072 746 2106 suis

45 2125 118 2160 misceri
132 2124 258 2170 prohibentur,
271 2123 296 2158 ita
308 2128 327 2157 vt
343 2129 403 2158 morte
416 2124 446 2158 lex
461 2135 514 2159 sacra
529 2124 582 2159 feriat
597 2125 613 2160 si
629 2124 669 2169 quis
682 2124 711 2159 vir
722 2126 746 2159 ad

45 2183 178 2213 menstruatam
191 2177 287 2212 mulierem
301 2178 381 2211 accedat.
404 2177 445 2220 Que
458 2183 519 2213 tamen
533 2178 599 2213 mulier
612 2178 655 2212 dum
669 2189 747 2212 consue-

45 2233 128 2267 tudinem
140 2237 253 2266 menstruam
264 2230 336 2274 patitur,
345 2229 438 2273 prohiberi
451 2230 546 2264 ecclesiam
558 2230 626 2265 intrare
637 2240 674 2265 non
686 2231 747 2272 debet,

45 2285 87 2329 quia
98 2285 115 2319 ei
125 2290 190 2319 nature
201 2283 317 2328 superfluitas
327 2283 347 2316 in
358 2283 430 2327 culpam
442 2293 479 2316 non
487 2283 535 2317 valet
545 2283 631 2327 reputari,
639 2289 657 2317 et
667 2294 702 2327 per
713 2285 747 2319 hoc
756 2296 776 2324 to

45 2339 95 2382 quod
108 2338 165 2372 inuita
178 2337 246 2381 patitur
258 2336 326 2371 iustum
342 2347 379 2370 non
395 2342 423 2370 est
435 2342 454 2370 vt
467 2336 554 2379 ingressu
568 2337 645 2371 ecclesie
659 2337 748 2381 priuetur.

46 2391 137 2424 Nouimus
146 2401 226 2434 namque
234 2391 283 2434 quod
291 2389 356 2423 mulier
364 2399 399 2432 que
407 2389 478 2422 ssuxum
486 2389 589 2432 patiebatur
597 2390 698 2434 sanguinis,
706 2398 748 2434 post

45 2448 118 2487 tergum
129 2443 199 2478 domini
212 2442 304 2477 humiliter
315 2441 397 2484 veniens,
408 2440 513 2475 vestimenti
527 2441 566 2475 eius
579 2441 671 2477 fimbriam
685 2444 749 2488 tetigit,

65 2517 96 2549 ¹T.
104 2518 122 2549 E.
131 2527 171 2548 esse.
191 2517 221 2548 ²T.
230 2521 267 2547 tres.
287 2516 320 2546 'al
328 2516 368 2554 quia.
388 2515 444 2546 1οιι].;
456 2515 496 2545 Nam
503 2516 516 2545 si
524 2516 563 2545 hora
570 2516 625 2547 eadem
633 2527 664 2555 qua
671 2519 750 2556 genuerit,

46 2562 100 2587 actura
106 2559 164 2594 gratias
171 2558 219 2587 intrat
227 2557 312 2593 ecclesiam,
321 2556 364 2585 nulio
371 2555 430 2594 peccati
437 2555 508 2594 pondere
516 2561 594 2594 gravatur.
614 2557 621 2573 ⁵
631 2558 649 2588 E.
654 2558 750 2589 transierint.

383 2615 414 2640 (32
