1762 2803
150 154 193 198 612
275 144 277 148 ⁴
414 146 539 208 attendit
555 147 587 193 ΙΙ.

149 271 199 314 plene
207 270 292 304 redditam
300 269 415 313 comperisset,
424 269 469 303 illico
480 269 553 312 patriam
564 268 694 312 p[ar]entesque
702 269 800 310 repudians,
808 280 851 305 nun-

148 331 200 365 quam
215 321 237 354 ab
250 321 334 363 obsequio
348 319 422 354 martiris
437 320 464 352 vel
479 321 501 353 ad
519 319 607 353 modicum
621 329 728 352 recessuram
743 328 763 352 se
778 319 850 356 deuouit.

149 371 251 404 Pauimenta
269 372 358 411 mundare,
376 370 428 403 variis
447 371 508 402 florunr
528 369 617 411 speciebus
638 370 722 402 adornare
740 369 851 406 ministerium

148 418 224 461 arripuit,
233 420 328 453 indefessas
338 420 389 453 beato
398 419 463 453 martiri
471 419 553 452 exhibens
562 419 648 452 excubias.
672 420 710 452 Hec
718 420 828 460 postmodnm
835 422 851 455 in

132 476 214 511 5tantam
228 476 287 504 sancte
302 469 439 503 conuersacionis
454 469 546 513 puritatem
561 469 641 510 excreuit,
656 475 675 502 ut
690 468 745 501 sancti
761 470 851 507 ,Edmundi

149 519 224 563 creb[r]a
234 520 305 554 visionis
316 521 379 564 pariter
390 527 407 555 et
418 520 527 554 allocucionis
538 526 632 554 mereretur
643 519 750 554 reuelacione
761 520 852 557 confoueri.

149 571 230 614 Quadam
243 571 289 604 enim
301 578 350 604 nocte
363 572 424 604 beatus
437 571 541 604 Edmundus
553 571 603 603 solita
615 570 703 612 presencie
718 581 749 603 sue
763 570 852 607 dulcedine

149 621 263 664 permulcens,
275 622 337 656 talibus
348 633 387 655 eam
398 621 454 656 verbis
469 621 541 655 affatur:
561 620 625 660 ‘Vade‚
637 619 664 653 dic
681 620 773 653 Leofstano
784 620 851 657 abbati:

150 672 203 702 “Cur
217 671 242 703 ita
257 672 362 712 necligenter
374 671 411 713 agis
427 677 445 703 vt
457 671 504 702 nulla
517 670 550 702 mei
567 675 614 702 tuum
627 676 687 710 tangat
701 669 778 702 animum
793 670 852 704 sollici-

121 730 142 752 ro
150 721 205 754 tudo?
216 721 268 753 facies
278 731 317 752 mea
328 721 405 753 cassibus
414 729 515 752 aranearum
524 719 622 751 indecenter
633 719 728 759 obducitur,
736 718 801 751 omnis¹
809 719 853 754 circa

151 781 179 804 me
192 769 308 804 veneracionis
324 771 389 804 cultura
401 768 490 812 sopitur.''’
514 769 556 802 Mox
572 768 601 802 illa
616 778 678 811 parens
693 768 787 812 imperatis,
802 770 853 805 nichil

151 821 234 854 intactum
245 820 353 863 pretermisit.
375 820 435 853 Abbas
443 825 500 852 autem
508 818 597 852 muliebria
604 820 656 852 verba
664 819 796 862 paruipendens,
803 821 853 855 velud

151 870 205 902 aniles
220 870 296 911 inepcias
311 868 499 910 respuebat-Quippe
514 869 543 910 qui
558 869 593 901 iarn
608 869 674 901 dudum
688 869 706 901 in
721 879 812 902 commune
824 871 853 904 de·

151 924 228 952 creuerat
245 930 256 951 a
274 924 354 951 contactu
374 917 482 952 sanctimonii
501 923 598 951 reuerenter
616 917 707 952 abstinere.
738 919 791 952 Porro
809 921 853 961 quod

125 979 142 1010 15
151 967 261 1002 reuerencia²
273 969 379 1010 credebatur,
394 980 425 1011 pro
440 968 547 1011 necligencia
562 968 683 1012 imputabatur,
698 975 715 1002 et
729 970 775 1002 vnde
790 970 854 1012 gracior

151 1018 210 1052 haberi
233 1020 335 1059 confidebat,
355 1020 394 1052 inde
412 1019 523 1062 periculosius
545 1019 740 1062 displicebat—Paucis
762 1021 853 1054 admodum

149 1069 213 1111 elapsis
221 1070 287 1109 diebus,
295 1081 352 1102 rursus
363 1081 394 1102 sue
405 1070 515 1103 consecretali
527 1070 571 1102 sicut
581 1070 626 1112 prius
634 1071 683 1103 adest
691 1076 740 1113 pater
747 1071 854 1113 Edmundus,

152 1119 186 1152 iam
198 1118 244 1151 dicta
255 1119 331 1161 replicat,
339 1119 435 1162 eademque
446 1119 542 1161 consignat.
565 1119 597 1152 llla
607 1119 682 1161 geminat
692 1120 777 1161 officium
789 1131 821 1153 nec
831 1122 854 1154 sic

151 1168 195 1200 vllus
205 1168 268 1201 laboris
275 1169 340 1202 fructus
349 1169 424 1210 emergit.
447 1170 509 1201 Tercio
517 1170 587 1201 demum
598 1174 668 1202 sanctus
679 1170 696 1202 id
707 1170 763 1212 ipsum
773 1176 854 1212 repetens,

125 1230 144 1253 20
152 1218 245 1253 austeritati
255 1219 345 1252 verborum
358 1224 438 1253 terrorem
447 1218 525 1252 inmiscet
536 1218 626 1252 minarum.
650 1219 717 1261 Quibus
725 1219 787 1253 auditis
797 1220 854 1262 abbas,

152 1268 207 1309 magis
215 1269 346 1310 perhorrescens
354 1268 430 1303 vindicte
438 1268 521 1311 promisse
530 1269 644 1309 seueritatem,
651 1279 702 1311 quam
710 1270 793 1303 reueritus
800 1270 854 1304 iuerat

152 1318 276 1353 admonitionis
292 1319 375 1362 premisse
392 1319 484 1361 lenitatem,
498 1319 578 1353 iratribus
595 1319 686 1353 innotescit
705 1319 799 1362 negocium.
822 1320 854 1361 Qui

152 1370 211 1403 habita
223 1370 353 1410 deliberacione,
365 1370 424 1403 audita
437 1375 514 1403 statuunt
526 1371 603 1411 experiri.
626 1371 710 1410 Tandem,
723 1380 762 1403 curn
777 1370 854 1404 oracione

154 1418 259 1461 [explicito]³
272 1419 352 1452 triduano
365 1419 433 1459 ieiunio,
444 1419 499 1451 abbas
513 1429 552 1451 cum
564 1418 644 1452 iratribus
655 1419 759 1461 quibusdam
768 1420 854 1461 preelectis

126 1478 144 1509 25
154 1467 220 1502 accedit
227 1469 250 1502 ad
260 1474 389 1502 sacrosanctum
400 1467 445 1501 beati
455 1467 531 1501 martiris
543 1468 626 1502 locellum.
650 1468 688 1511 Quo
699 1468 795 1511 patefacto:
807 1469 854 1511 Avel-

153 1519 207 1551 winus
219 1521 319 1560 monachus,
331 1520 365 1551 iam
378 1530 408 1560 pre
421 1519 475 1551 nimia
489 1524 577 1550 senectute
589 1529 646 1559 cecus
657 1519 726 1562 propius
740 1519 830 1552 adducitur
838 1526 855 1552 vt

153 1568 240 1610 palpando
248 1569 308 1610 probet
316 1579 338 1601 an
346 1569 402 1601 adhuc
410 1568 427 1600 in
435 1567 514 1601 omnibus
524 1568 548 1601 ita
559 1575 676 1610 perseueraret
684 1569 827 1611 quemadmodum
837 1580 855 1602 se

153 1617 231 1649 meminit
239 1629 278 1649 eum
286 1617 379 1659 reliquisse.
394 1618 418 1649 At
426 1618 454 1649 ille
463 1616 539 1658 [nichil]³
546 1618 624 1649 hesitans
630 1623 689 1659 vtputa
695 1618 723 1660 qui
730 1618 785 1651 simile
792 1617 855 1660 [quid]³

154 1678 195 1709 sepe
203 1667 302 1709 peregisset,
310 1678 344 1699 non
352 1668 407 1699 solum
414 1666 489 1708 integros
498 1673 523 1700 set
531 1673 548 1699 et
556 1668 664 1709 corpulentos
672 1667 737 1700 domini
745 1668 772 1701 sui
780 1673 856 1701 attrectat

126 1728 146 1758 30
154 1723 206 1750 artus.
229 1719 294 1760 Palpat,
303 1718 354 1751 vertit
366 1727 386 1750 ac
397 1717 472 1757 reuertit,
484 1724 500 1750 et
511 1717 564 1750 nichil
575 1718 626 1751 sentit
638 1717 751 1759 immutatum,
764 1724 789 1752 set
800 1719 855 1751 omnia

154 1767 221 1801 deintus
230 1767 296 1801 inuenit
304 1774 322 1801 vt
329 1767 422 1801 dimiserat.
445 1768 493 1801 Tunc
501 1768 575 1808 demum,
584 1778 624 1801 ceco
633 1767 731 1802 ductoribus
739 1769 774 1802 suis
782 1767 855 1802 vicissim

154 1819 235 1850 ducatum
249 1819 337 1861 prebente,
353 1818 415 1860 singuli
430 1829 491 1850 manus
507 1818 570 1850 inicere
586 1818 667 1860 gaudent.
689 1819 782 1861 Expositus
801 1824 856 1851 autem

154 1878 205 1909 super
215 1867 290 1909 ligneam
301 1868 377 1899 tabulam
390 1866 484 1909 deponitur,
495 1867 571 1899 mulieris
584 1868 673 1900 attestacio
683 1878 724 1900 vera
733 1869 856 1910 comprobatur.

154 1917 228 1950 Pristino
240 1918 287 1950 cultu
298 1918 368 1956 eruitur,
376 1917 449 1949 interula
459 1916 488 1948 illa
499 1917 516 1949 in
525 1927 558 1959 qua
566 1916 652 1961 tirannum
664 1917 734 1950 uiriliter
741 1916 855 1960 triumphauit,

127 1979 145 2009 55
154 1978 193 2000 cum
205 1967 267 2000 crebris
279 1968 352 1999 telorum
363 1966 425 1999 ictibus
439 1966 525 2009 perforata
536 1972 573 1999 turn
587 1966 681 2000 infeccione
695 1968 756 2000 sacrati
770 1965 856 2009 sanguinis

154 2017 355 2059 intertincta,-alioquin
372 2023 430 2049 autem
443 2017 526 2058 reperitur
538 2016 606 2058 penitus
618 2017 721 2058 incorrupta,
741 2019 773 2050 Ex
783 2018 826 2050 libro
838 2017 857 2048 de

153 2067 232 2108 arrtz'quir
242 2067 332 2099 aritacula
339 2067 360 2099 ab
368 2067 470 2099 Hermanno
481 2067 546 2099 archid.
554 2065 634 2109 scrinio&
658 2066 740 2100 Puluillus
751 2076 819 2110 quoque
829 2064 856 2108 qui

154 2116 187 2148 alio
202 2116 272 2148 nomine
287 2116 349 2147 dicitur
362 2115 465 2154 auricularis,
479 2117 512 2147 sub
527 2121 587 2147 sancto
603 2115 659 2156 capite
674 2122 750 2157 repertus
766 2122 792 2149 est
807 2114 855 2146 talis:

154 2175 189 2198 non
200 2176 221 2198 ex
231 2165 297 2207 plumis,
304 2166 331 2198 vel
343 2164 421 2198 bombice
433 2164 504 2198 alicuius
516 2164 587 2207 generis,
599 2170 624 2199 set
636 2165 744 2199 solummodo
755 2163 856 2200 tenuissimis

127 2229 148 2258 4⁰
155 2215 240 2257 lignorum
254 2215 341 2249 dolaturis.
363 2214 484 2249 Philacterium
496 2227 565 2258 quoque
580 2215 636 2249 crucis
649 2215 735 2249 dominice
748 2228 759 2249 a
772 2216 814 2249 collo
829 2213 856 2246 de·

155 2266 231 2308 pendens
242 2276 293 2307 supra
303 2271 362 2306 pectus
372 2265 498 2299 sanctissimum
508 2265 597 2306 inuenitur,
606 2267 651 2308 quod
662 2266 767 2308 archipresul
777 2272 794 2299 et
801 2262 857 2297 martir

155 2314 220 2348 domini
229 2315 317 2357 Alphegus
328 2315 369 2347 olim
380 2314 469 2347 Londonie
480 2314 590 2348 desiderans⁵
597 2325 698 2357 comparare
708 2316 762 2349 multo
771 2314 807 2348 auri
817 2323 856 2355 pon·

156 2365 202 2405 dere,
214 2370 240 2397 set
251 2363 310 2405 nequit
322 2369 391 2406 propter
402 2364 509 2406 Ayelvvinum
520 2365 610 2398 custodem
623 2365 697 2398 martiris
710 2365 780 2406 ibidem,
790 2360 857 2398 eciamsi

155 2415 238 2458 proferret
246 2414 310 2447 ibidem
321 2424 372 2446 aurea
380 2413 426 2446 dona
434 2414 509 2447 Tharsis.
529 2415 544 2447 O
552 2424 604 2456 quam
612 2415 661 2447 dulce
669 2416 785 2457 spectaculum
793 2416 797 2447 t
808 2421 856 2455 quam

128 2475 148 2507 45
156 2465 232 2508 euidens,
246 2474 298 2510 quam
310 2464 413 2507 stupendum
426 2463 537 2498 miraculum!
560 2465 621 2498 Vultus
635 2466 731 2505 serenitate,
744 2464 857 2498 membrorum

222 2557 227 2574 ¹
238 2558 272 2588 MS.
280 2567 336 2589 omnes.
477 2556 483 2573 ²
493 2559 514 2587 al.
521 2559 609 2587 reuerencie.
753 2559 758 2576 ³
769 2567 799 2587 om.

279 2623 281 2630 ,
317 2625 319 2630 ,
368 2595 374 2613 ⁴
385 2596 409 2627 Cl.
418 2596 453 2627 Tib.
461 2595 488 2625 sol.
495 2605 520 2634 45.
604 2596 610 2614 ⁵
620 2606 637 2627 so
645 2596 679 2628 Tib.
