1762 2803
134 184 207 238 out.
409 177 533 241 teutonis
551 180 582 227 u,

148 309 261 336 excrustatam
277 302 361 342 uidentesy
376 308 394 334 et
408 304 531 345 turpitudinem
546 301 671 336 combustionis
686 302 808 336 abhorrentes:
828 305 850 338 de

148 354 235 386 communi
245 353 322 393 consilio,
330 352 413 385 accersito
424 354 469 386 clam
480 353 571 393 aurifabro,
579 354 653 386 laminas
665 352 745 395 coniungi
752 352 825 385 fecimus
833 361 849 388 et

148 403 212 446 apponi
222 404 283 436 feretro
293 404 330 436 sine
341 402 431 443 dilacione,
439 409 508 445 propter
519 404 630 445 scandalum3
642 402 715 445 vestigia
725 412 793 445 quoque
803 413 849 436 com·

148 452 233 487 bustionis
246 464 285 486 cera
297 453 324 486 vel
338 453 372 486 alio
387 454 440 486 modo
455 453 538 495 cooperiri
553 453 629 486 fecimus.
658 454 688 486 Set
702 458 746 486 teste
761 453 850 493 euangelio

90 538 92 542 ,
132 509 140 539 5
149 504 211 537 ‘nichil
218 509 297 545 opertum
304 503 351 545 quod
358 514 393 536 non
401 504 514 537 reuelabitur!
529 503 623 536 Venientes
631 513 699 535 summo
707 512 758 534 mane
765 502 851 544 peregrini

149 553 227 593 oblaturi,
239 553 292 584 nichil
304 553 427 585 combustionis
439 558 563 595 perceperunt:
583 553 654 594 quidam
667 557 725 583 tamen
741 550 851 584 circumcirca

149 603 239 643 intuentes,
246 603 339 645 querebant
345 602 373 635 vbi
379 602 410 636 fuit
416 602 461 644 ignis
466 613 517 645 quem
525 602 571 637 circa
576 602 657 636 feretrum
662 599 709 635 esse¹
716 600 751 634 iarn
757 600 851 635 audierant.

150 654 226 695 Cumque
234 651 286 685 celari
293 662 329 686 non
336 651 397 695 potuit,
405 663 507 695 responsum
512 657 538 685 est
544 651 660 695 querentibus,
666 650 756 684 candelam
763 649 851 693 cecidisse,

149 708 167 734 et
175 703 207 734 tria
215 702 322 744 manutergia
329 702 382 735 fuisse
390 703 485 743 combusta,
493 708 510 734 et
518 702 541 734 ad
552 701 596 743 ignis
606 703 685 734 ardorem
693 700 760 742 lapides
767 701 851 743 quosdam

123 761 141 782 10
150 751 167 785 in
177 753 232 786 fronte
239 752 296 785 feretri
308 752 400 794 deperisse.
423 752 508 793 Fingebat
519 758 576 785 tamen
586 752 634 784 fama
645 751 719 784 mendax
730 751 785 793 capud
797 751 852 784 sancti

150 813 190 835 esse
205 802 319 842 combustum,
335 802 406 844 quidam
420 808 478 834 autern
494 802 574 833 dicebant
589 801 659 842 capillos
673 806 742 833 tantum
755 811 793 833 esse
806 812 852 833 com-

150 853 222 884 bustos:
235 857 262 883 set
272 850 341 892 cognita
351 851 461 892 postmodum
472 850 549 891 veritate,
558 850 663 884 obstructum
675 856 701 883 est
712 860 732 882 os
743 850 852 892 loquencium

151 900 276 944 iniqua-Hec
286 900 344 933 omnia
354 901 400 933 facta
410 906 450 933 sunt
460 899 561 942 prouidente
569 898 663 942 Altissimo,
674 905 693 933 ut
705 901 743 933 loca
753 900 799 934 circa
809 901 852 934 fere-

150 958 196 985 trum
204 950 258 984 sancti
266 951 292 983 sui
300 951 388 983 honestius
399 949 547 992 custodire[n]tur‚
556 956 572 984 et
579 956 598 984 ut
608 950 715 993 propositum
723 950 790 983 abbatis
800 950 853 983 cicius

123 1011 141 1041 15
150 1006 167 1034 et
175 1001 212 1034 sine
220 1000 387 1033 dilacione-debitum
395 1000 446 1033 finem
454 999 547 1041 sortiretur,
552 999 632 1034 videlicet
638 1006 656 1033 vt
663 1000 719 1043 ipsum
726 1001 806 1033 feretrum
814 1011 853 1034 cum

151 1060 221 1092 corpore
232 1050 287 1082 sancti
298 1050 372 1082 martiris
383 1049 473 1091 gloriosius
484 1055 501 1082 et
512 1050 587 1082 securius
599 1050 616 1082 in
628 1051 666 1082 loco
677 1049 788 1082 eminenciori
799 1060 853 1092 pone·

150 1106 201 1133 retur.
224 1100 270 1140 Quia
280 1104 373 1142 antequam
385 1100 419 1132 hoc
430 1098 526 1141 predictum
538 1098 649 1132 infortunium
662 1098 730 1140 accidit,
742 1099 777 1132 iam
790 1098 854 1132 crista²

150 1149 206 1182 feretri
218 1160 271 1191 vsque
282 1150 305 1181 ad
317 1148 428 1181 medietatem
438 1150 484 1181 facta
495 1149 532 1188 suit,
544 1154 561 1182 et
571 1148 638 1191 lapides
649 1148 740 1181 marmorei
751 1149 775 1181 ad
786 1150 853 1182 eleuan-

151 1200 220 1234 dumet
232 1198 349 1232 sustinendum
363 1199 443 1232 feretrum
456 1209 476 1231 ex
489 1205 538 1241 parte
551 1210 615 1241 magna
626 1199 680 1242 parati
691 1206 710 1233 et
721 1199 769 1242 politi
781 1200 854 1233 fuerant.

123 1263 143 1283 πο
151 1250 215 1282 Audito
226 1250 260 1282 hoc
271 1249 375 1282 infortunio:
387 1249 438 1281 valde
448 1249 518 1281 dolebat
527 1249 582 1281 abbas
594 1249 634 1291 qui³
646 1255 686 1281 tunc
695 1249 761 1282 absens
772 1255 821 1290 erat‚¹
837 1255 854 1282 et

151 1299 221 1332 veniens
229 1298 304 1340 domum,
312 1303 329 1331 et
340 1298 431 1340 capitulum
442 1298 512 1339 intrans,
521 1299 553 1331 hec
564 1304 580 1331 et
589 1298 685 1332 consimilia
696 1304 713 1331 et
723 1298 779 1331 eciam
788 1299 855 1333 maiora

151 1348 226 1390 pericula
237 1347 279 1379 dixit
290 1358 341 1390 posse
352 1348 420 1380 euenire
432 1353 502 1389 propter
514 1354 585 1389 peccata
595 1354 660 1387 nostra,
671 1353 688 1380 et
701 1349 774 1381 maxime
785 1354 855 1391 propter

151 1396 297 1430 murmuraciones
311 1397 334 1430 de
346 1396 384 1429 cibo
397 1402 414 1429 et
426 1402 473 1439 potu.
497 1396 571 1439 Quidam
584 1396 629 1431 enim
645 1397 739 1431 monachus
753 1403 815 1439 noster,
827 1408 854 1431 re·

152 1447 222 1489 ligiosus
237 1447 292 1486 valde,
308 1446 377 1480 modico
392 1452 469 1490 tempore
487 1447 590 1490 precedente
605 1458 636 1489 per
653 1447 736 1482 visionem
751 1448 794 1490 uidit
808 1449 855 1492 quod

125 1503 222 1541 25sanctus
236 1497 296 1530 martir
310 1497 413 1530 Edrnundus
428 1497 519 1530 videbatur
534 1505 581 1531 extra
599 1498 679 1531 feretrum
696 1509 746 1541 suurn
765 1499 820 1532 iacere
838 1506 855 1533 et

152 1547 237 1590 gemendo
245 1547 302 1580 dicere
310 1558 329 1580 se
336 1546 398 1589 pannis
410 1547 445 1580 suis
455 1547 572 1589 exspoliatum,
581 1554 598 1581 et
608 1547 730 1581 macilentum⁴
740 1559 778 1582 esse
785 1549 830 1582 same
838 1555 855 1582 et

153 1596 186 1638 siti¹
199 1602 216 1629 et
229 1606 279 1629 suurn
293 1596 395 1630 cimiterium
407 1602 424 1629 et
437 1597 481 1629 atria
494 1597 565 1630 ecclesie
578 1608 609 1630 sue
620 1598 724 1640 necligenter
737 1604 754 1631 et
766 1598 856 1633 inhoneste

154 1644 241 1678 custodiri.
264 1647 287 1678 Et
299 1647 332 1678 hoc
344 1646 441 1687 sompnium
453 1647 506 1679 abbas
518 1647 595 1687 exposuit
606 1647 640 1680 hoc
651 1648 712 1680 modo:
725 1649 808 1681 ‘Sanctus
819 1649 855 1681 Ed-

153 1696 228 1728 mundus
238 1695 303 1727 nudum
314 1705 333 1727 se
343 1695 404 1727 asserit
415 1695 455 1737 quia
466 1705 533 1737 pannos
540 1702 605 1728 vestros
617 1701 683 1729 ueteres
695 1697 794 1731 subtrahitis
805 1698 856 1732 nudis

126 1764 146 1793 30
155 1744 262 1788 pauperibus,
268 1750 285 1777 et
291 1744 339 1777 inuiti
346 1745 390 1778 datis
397 1746 443 1787 quod
450 1745 492 1778 dare
500 1746 571 1785 debetis,
576 1752 593 1779 et
601 1746 623 1779 de
630 1746 669 1779 cibo
676 1752 693 1779 et
701 1746 723 1779 de
729 1753 771 1790 potu
778 1747 857 1781 similiter

154 1794 267 1827 murmuratis.
290 1794 363 1827 Desidia
371 1794 425 1827 eciam
433 1801 450 1827 et
458 1794 563 1836 necligencia
571 1795 641 1828 sacriste
648 1802 665 1829 et
673 1796 758 1829 sociorum
765 1797 801 1830 eius
809 1803 857 1840 patet

154 1854 175 1877 ex
183 1844 246 1877 recenti
255 1844 347 1877 infortunio
355 1843 478 1877 combustionis
486 1854 518 1885 que
526 1845 557 1877 fuit
565 1844 609 1878 inter
616 1846 696 1878 feretrum
704 1851 721 1878 et
728 1847 791 1879 altare.²

162 1907 263 1948 Quanrrr
275 1907 365 1940 Sarrrsou
377 1913 435 1939 anans
447 1914 521 1940 conaus
531 1914 600 1941 snucrr
613 1908 708 1943 Euuuuur
721 1907 813 1952 [rurrorr]
825 1917 851 1942 nr

178 1967 180 1970 ·
361 1962 364 1967 ·
392 1967 446 1993 vrnrr
457 1957 617 1994 rucorxurrunl.

416 2049 467 2083 Gitur
480 2050 630 2093 appropinquante
642 2051 687 2085 festo
700 2051 755 2085 sancti
769 2052 858 2086 Edmundi

437 2110 483 2133 auno
498 2100 600 2143 supradicto,
615 2101 662 2142 politi
678 2107 717 2135 sunt
732 2102 798 2144 lapides
813 2113 857 2135 mar

128 2159 146 2190 35
155 2148 213 2189 morel,
221 2152 238 2180 et
246 2153 306 2190 parata
314 2152 353 2181 sunt
361 2149 419 2183 omnia
426 2150 449 2183 ad
458 2150 574 2184 eleuacionem
583 2149 645 2185 feretri.
669 2151 759 2186 Celebrato
768 2151 820 2193 igitur
830 2152 858 2185 die

155 2198 194 2231 festi
206 2197 227 2239 vj.
239 2197 285 2237 teria,
298 2203 379 2241 sequente
393 2200 421 2233 die
434 2199 520 2234 dominica
533 2200 616 2234 indictum
627 2207 653 2235 est
665 2201 763 2236 triduanum
777 2202 859 2237 ieiunium

155 2248 223 2290 populo,
236 2248 297 2289 quibus
308 2254 325 2280 et
336 2254 406 2282 ostensa
417 2256 443 2283 est
454 2251 521 2292 publice
533 2261 585 2284 causa
596 2251 658 2285 ieiunii.
680 2254 741 2286 Abbas
752 2260 809 2287 autem
819 2263 858 2295 pre·

156 2298 198 2330 dixit
206 2297 295 2330 conuentui
303 2303 321 2329 vt
330 2308 348 2331 se
356 2306 466 2341 prepararent
473 2301 496 2334 ad
506 2302 641 2334 transferendum
651 2312 712 2343 corpus
722 2308 772 2335 nocte
782 2302 859 2345 proxima

155 2353 195 2389 post
203 2346 288 2386 ieiunium,
295 2351 313 2379 et
320 2348 343 2380 ad
351 2349 488 2382 transferendum
494 2350 574 2383 feretrum
582 2356 599 2383 et
610 2350 738 2384 consistendum
750 2362 801 2394 super
810 2362 858 2393 mag-

128 2410 148 2439 40
156 2406 197 2429 num
205 2396 258 2429 altare
266 2396 321 2429 donec
328 2397 407 2430 machina
415 2399 519 2432 cementaria
526 2399 644 2442 perficeretur3
657 2406 673 2433 et
684 2406 752 2443 tempus
761 2408 778 2434 et
788 2402 859 2434 modum

155 2446 222 2489 prefixit
235 2445 258 2478 ad
270 2445 304 2479 tale
315 2457 363 2490 opus.
387 2449 430 2481 Cum
441 2460 483 2491 ergo
496 2449 602 2483 venissemus
615 2450 643 2483 illa
655 2456 706 2485 nocte
719 2452 742 2485 ad
754 2453 858 2487 matutinas:

176 2075 208 2106 Ex
214 2073 286 2106 crorzz'czlt
293 2074 369 2106 Jocelz'ni.
395 2049 411 2124 Ι

176 2550 181 2567 ¹
192 2552 212 2580 al.
220 2550 270 2580 fuisse,
343 2551 349 2567 ²
359 2552 397 2581 This
404 2557 442 2582 erest
449 2553 462 2581 is
469 2552 538 2590 depieted
545 2554 561 2582 iu
568 2553 594 2583 the
602 2553 646 2584 Harl.
653 2554 687 2584 MS.
694 2554 712 2584 of
717 2555 799 2593 Lydgate's
806 2556 820 2586 S.
829 2556 859 2584 Ed·

155 2590 244 2659 {nluBnd²11
275 2590 373 2630 ³MS.quia.
443 2591 607 2623 *Munimentum
675 2592 860 2634 isimpsonwasabhot

187 2638 213 2658 Η
247 2651 251 2659 .
