1762 2803
222 115 269 171 Da
283 113 371 168 &ouo
386 113 424 167 oti
440 114 591 170 antonino.
712 124 757 171 407

53 251 96 276 num
111 238 184 283 ignem?
207 236 231 271 Et
246 235 332 271 mittens¹
348 236 424 280 digitum
439 237 526 272 suumin
542 238 646 278 lucernam;
662 235 758 270 combusto

53 293 114 337 digito,
125 295 202 335 propter
213 288 288 323 nimiam
301 290 452 333 concupiscencie
464 291 542 325 carnalis
555 291 648 325 flammam
662 299 699 322 non
715 298 757 322 sen·

53 351 116 387 ciebat,
145 349 169 383 Et
184 347 209 382 ita
220 357 279 391 usque
295 357 349 382 mane
364 346 439 391 faciens,
451 358 517 384 omnes
531 348 598 393 digitos
613 357 657 382 suos
672 345 757 381 incendit.

55 405 86 439 llla
97 408 158 437 autem
169 401 238 443 infelix,
247 400 290 445 quid
301 400 378 435 faciebat
389 401 487 446 aspiciens,
498 413 532 447 pre
545 402 610 437 timore
622 400 673 435 uelut
685 399 758 445 lapidea

53 458 99 490 facta
113 460 146 488 est.
174 454 275 487 Venientes
289 458 350 486 autem
365 465 420 487 mane
435 454 517 494 iuuenes,
532 456 629 488 dixerunt:
649 453 713 486 ‘Venit
728 452 775 494 hic5

54 508 119 543 mulier
134 506 199 541 seror·
226 505 259 539 llle
275 511 335 539 autem
349 505 406 541 dixit:
422 506 506 550 ‘Eciam3
525 519 568 542 ecce
583 506 613 540 ubi
629 505 706 540 dormit)
734 504 758 539 Et

53 563 141 596 intrantes
149 560 260 593 inuenerunt
268 568 308 592 eam
316 564 412 601 mortuam,
420 564 438 593 et
448 559 545 595 dixerunt:
561 559 631 599 ‘Abba¹
639 563 710 592 mortua
718 559 757 592 est’

53 614 105 648 Tunc
118 612 148 646 ille
161 610 241 646 ostendit
252 610 280 645 eis
291 621 357 645 manus
370 622 418 654 suas,
431 612 506 648 dicens:
521 613 579 648 ‘Ecce
591 611 634 656 quid
648 610 703 646 michi
715 610 757 646 fecit

53 667 89 701 filia
99 666 134 700 ista
142 665 215 707 diaboli,
223 665 304 708 perdens
316 675 381 699 omnes
393 664 459 709 digitos
470 668 532 701 meos.¹
556 666 579 700 Et
587 676 664 699 narrans
672 665 699 699 eis
707 665 756 709 quod

53 720 119 754 facturn
130 718 194 760 fuerat,
206 717 263 751 dixit:
276 717 379 761 ‘Scriptum
391 724 430 753 est:
443 719 484 753 Non
495 720 562 753 reddes
574 718 642 753 malurn
651 729 686 762 pro
697 718 756 751 malo!
766 732 785 754 ro

55 772 77 805 Et
91 771 195 805 oracionem
211 769 285 810 faciens,
301 770 415 804 resuscitauit
430 782 476 805 eam.
499 771 539 813 Que
556 782 651 812 conuersa,
668 776 718 805 caste
732 771 756 804 de

55 829 115 857 cetero
124 823 176 865 uixit]
183 823 194 856 ².

203 921 218 957 11
230 912 264 954 Dr
275 928 336 954 sanuo
348 929 379 954 bar
392 913 506 955 Esrsnwrno
516 920 606 956 aannrs'.

89 994 170 1028 Olfridus
182 999 244 1028 autem
253 992 332 1027 famulus
343 993 411 1027 Christi
422 999 440 1027 et
450 994 508 1028 abbas
520 993 626 1029 monasterii
636 992 693 1028 sancti
705 992 756 1026 Pauli

110 1044 188 1088 apostoli
203 1044 252 1088 quod
268 1049 296 1077 est
314 1043 333 1077 in
351 1043 432 1087 Gyrwin,
445 1055 502 1088 super
520 1045 585 1079 Tinam
603 1044 679 1078 fluuium
691 1053 757 1077 versus

54 1103 134 1132 austrum
150 1096 254 1138 constructi,
267 1096 390 1131 Esterwinum
406 1097 529 1140 presbiterum
543 1099 567 1132 de
582 1096 694 1131 monasterio
708 1096 756 1130 beati
767 1107 784 1137 15

54 1149 102 1183 Petri
118 1149 187 1192 eligens
202 1149 292 1189 abbatem,
304 1148 364 1183 eidem
379 1150 490 1184 monasterio
503 1150 580 1194 regendi
592 1149 632 1183 iure
644 1148 725 1193 prefecit,
737 1153 756 1182 vt

53 1212 108 1245 quem
123 1212 160 1235 non
175 1206 246 1245 poterat
261 1201 311 1234 solus
326 1201 413 1244 laborem,
428 1202 478 1236 socia
496 1202 609 1237 dilectissimi
628 1202 756 1235 commilitonis

53 1255 118 1290 virtute
130 1255 189 1289 leuius
201 1255 261 1289 ferret.
285 1254 329 1289 Erat
342 1259 403 1289 autem
417 1256 547 1291 monasterium
561 1255 619 1291 sancti
636 1255 685 1289 Petri
700 1265 757 1299 super

54 1307 111 1351 ripam
122 1308 181 1342 Were
194 1307 275 1342 fluminis
288 1308 311 1342 ad
326 1309 401 1342 boream
414 1314 544 1344 constructum.
563 1308 648 1353 Suscepit
663 1308 717 1352 igitur
728 1308 756 1342 vir

54 1360 122 1393 domini
137 1361 252 1394 Esterwinus
267 1371 330 1394 curam
347 1361 452 1395 monasterii
472 1362 547 1405 regendi
563 1372 611 1396 anno
628 1361 696 1394 domini
713 1371 784 1395 sex-20

53 1413 153 1447 centesimo
168 1413 339 1458 octogesimotertio,
354 1424 403 1447 nono
415 1413 499 1449 videlicet
517 1426 540 1449 ex
559 1425 596 1459 quo
614 1415 709 1448 fundatum
727 1419 756 1448 est

53 1475 106 1499 anno.
129 1466 232 1500 Permansit
242 1471 303 1500 autem
312 1465 331 1499 in
341 1477 363 1500 eo
370 1477 429 1510 vsque
440 1468 463 1500 ad
473 1467 543 1501 obitum
551 1477 604 1501 suum
613 1467 666 1500 annis
673 1472 756 1510 quatuor,

53 1518 80 1551 vir
94 1519 165 1562 nobilis,
180 1521 214 1554 sed
229 1519 301 1562 insigne
316 1519 414 1553 nobilitatis
434 1531 471 1554 non
486 1521 509 1555 ad
524 1520 608 1555 iactantie
624 1519 724 1560 materiem,
737 1524 756 1554 vt

53 1571 131 1614 quidam,
143 1574 287 1617 despectumque
300 1572 382 1615 aliorum,
395 1574 428 1607 sed
441 1574 465 1607 ad
476 1574 569 1616 maiorem,
580 1580 599 1607 vt
611 1572 641 1607 dei
653 1573 706 1607 decet
719 1583 756 1606 ser·

53 1634 101 1665 uum,
113 1625 169 1659 animi
182 1626 294 1660 nobilitatem
306 1631 421 1660 conuertens.
444 1627 534 1661 Patruelis
547 1627 616 1670 quippe
631 1631 670 1660 erat
685 1625 756 1659 abbatis
765 1633 784 1663 25

53 1676 81 1710 sui
96 1677 190 1713 Benedicti
204 1678 312 1721 cognomine
328 1678 406 1722 Biscop:
424 1680 457 1713 sed
472 1680 568 1714 amborum
583 1684 633 1712 tanta
646 1678 713 1713 mentis
728 1678 756 1712 in-

53 1729 142 1772 genuitas,
152 1731 194 1766 talis
208 1731 300 1766 mundane
310 1730 428 1774 ingenuitatis
441 1732 474 1766 fuit
487 1743 521 1776 pro
533 1732 590 1766 nihilo
604 1736 725 1774 contemptus,
737 1737 756 1766 vt

53 1790 112 1826 neque
125 1783 159 1818 iste
172 1783 302 1818 monasterium
314 1784 410 1829 ingressus
421 1785 500 1829 aliquem
512 1785 546 1819 sibi
559 1794 593 1830 pre
605 1784 672 1818 ceteris
686 1784 710 1818 ob
728 1783 756 1818 in-

54 1834 116 1870 tuitum
131 1836 293 1881 consanguinitatis
305 1843 335 1872 aut
348 1837 446 1873 nobilitatis
458 1838 547 1873 honorem
562 1838 682 1882 querendum,
696 1848 756 1881 neque

53 1886 83 1920 ille
90 1895 162 1931 putaret
170 1891 294 1932 offerendum,
307 1891 340 1924 sed
348 1891 408 1934 equali
414 1901 455 1925 cum
463 1891 548 1924 fratribus
557 1891 609 1924 lance
617 1890 659 1923 boni
667 1890 755 1933 propositi
764 1897 785 1927 30

53 1937 123 1975 iuuenis
138 1942 260 1985 gloriabatur¹
272 1953 293 1976 se
306 1942 408 1986 regularem
422 1954 457 1986 per
471 1942 532 1976 omnia
547 1952 622 1977 seruare
635 1940 755 1984 disciplinam.

54 1990 99 2026 Cum
110 1994 159 2028 enim
168 1995 233 2030 fuisset
244 1995 327 2029 minister
335 1995 405 2039 ngridi
414 1995 468 2040 regis,
476 1995 564 2040 depositis
572 1993 628 2029 armis
636 1999 654 2028 et
661 2000 756 2038 assumpta

53 2044 115 2080 militia
125 2048 219 2091 spirituali,
227 2054 297 2083 tantum
308 2049 375 2083 mansit
384 2049 458 2083 humilis
469 2049 591 2092 fratribusque
604 2048 644 2081 aliis
656 2047 726 2089 similis,
736 2054 756 2082 vt

53 2098 140 2134 ventilare
149 2112 191 2135 cum
203 2101 230 2136 eis
239 2102 271 2145 [et]
280 2101 371 2144 triturare,
379 2113 424 2136 oues
435 2112 537 2146 vaccasque
547 2101 635 2145 mulgere,
643 2100 661 2134 in
673 2100 756 2145 pistrino,

53 2148 71 2183 in
83 2157 127 2195 orto,
136 2154 154 2188 in
163 2155 247 2199 coquina,
254 2154 273 2189 in
282 2155 353 2190 cunctis
364 2156 469 2190 monasterii
480 2155 566 2200 operibus
575 2155 664 2189 ineundus
672 2155 755 2189 exerceri
765 2165 783 2195 35

53 2205 144 2245 gauderet.
171 2207 250 2242 Abbatis
265 2214 326 2242 autem
342 2208 432 2253 regimine
447 2214 548 2253 assumpto,
564 2207 628 2242 eodem
643 2208 704 2241 animo
719 2218 756 2252 quo

53 2256 103 2298 prius
114 2261 200 2295 manebat
209 2262 232 2295 ad
246 2272 322 2296 omnes:
334 2262 389 2303 mitis,
402 2263 485 2303 affabilis,
497 2268 516 2296 et
527 2261 618 2305 benignus
630 2261 725 2303 omnihus,
737 2267 755 2295 et

73 2318 78 2336 ¹
88 2320 120 2352 VP.
128 2324 204 2355 mittebat.
265 2324 272 2342 ²
282 2325 343 2354 Collect
349 2325 366 2354 in
373 2325 391 2355 T.
398 2335 402 2355 ε

54 2362 192 2444 orfflgulpongpsm)
200 2371 266 2400 effusum
276 2381 334 2401 nomon
344 2376 392 2406 tuum.
403 2371 439 2401 ideo
445 2370 570 2404 adolescenftule
577 2369 666 2399 dilexerunt
674 2374 690 2399 te
697 2370 755 2408 nimis.)

63 2492 66 2499 Ι
73 2448 150 2488 Concede
155 2461 200 2490 nobis
205 2470 290 2499 quesumus
295 2462 443 2499 omnipotensdeus,
447 2462 493 2498 utqui
498 2461 544 2490 beate
549 2460 639 2490 Ermenilde
644 2469 756 2491 commemora·

53 2501 113 2528 croneru
122 2500 188 2538 agimus,
198 2501 247 2539 ipsius
257 2502 299 2539 apud
309 2506 325 2532 te
336 2501 477 2532 interuenientibus
487 2501 547 2531 meritis
556 2501 576 2531 ab
587 2500 659 2530 omnibus
669 2510 757 2533 mereamur

54 2533 113 2567 absolui
120 2541 194 2579 peccatis,
202 2550 235 2580 per.
261 2542 296 2578 (ΒΓ,
304 2542 338 2573 Sar.
341 2564 346 2579 ,
353 2542 372 2572 cf.
381 2542 428 2580 Bell.)

72 2574 78 2592 ³
87 2576 167 2616 Abridged
174 2581 213 2610 from
221 2581 265 2610 Beda
272 2582 304 2612 Vit.
313 2582 394 2611 Benedicti
402 2586 418 2611 et
425 2581 499 2611 Ceolfn'di
506 2585 536 2611 etc.
592 2580 597 2598 ⁴
609 2581 626 2610 E.
633 2581 733 2618 gloriebatur
