1762 2803
52 141 185 182 usuariam]
206 133 251 188 me
265 131 302 185 m.
314 133 446 184 uumunuo
460 140 518 196 tent
531 136 555 185 tt
568 135 685 195 mature.
707 135 749 190 ⁶41

51 265 68 293 et
79 259 131 292 deum
144 257 249 296 collaudans,
263 257 344 290 feminam
357 256 467 300 indempnem
480 256 527 291 abire
540 255 629 299 permisit;
647 256 670 289 ad
683 256 754 289 beatum

52 308 113 343 deinde
125 317 183 350 regem
197 307 310 340 Edmundum
325 306 393 341 rediens
405 307 475 342 laudum
488 307 504 341 ei
517 313 534 342 et
546 306 643 351 graciarum
658 305 753 341 immolauit

52 358 136 403 preconia,
149 359 219 400 suisque
231 369 265 402 que
278 358 375 391 factasunt
390 359 466 391 narrauit
481 359 565 392 uniuersa.
594 359 629 391 Hic
642 357 753 401 postmodum

52 408 122 444 domino
134 408 207 442 docente
220 409 243 442 ad
256 407 356 442 seruitutem
369 408 397 442 dei
409 407 441 442 sub
452 408 548 451 patrocinio
563 408 617 442 sancti
630 407 720 441 Edmundi
736 418 755 440 se

52 459 137 494 transtulit
156 458 238 501 regularis
257 458 291 493 vite
309 458 396 493 exerciciis
414 458 551 493 innonnandum.
574 459 608 502 Qui
626 459 685 492 multis
703 458 770 493 annis5

53 510 139 554 spirituale
147 510 270 543 monachorum
278 509 347 553 pertulit
354 516 445 553 certamen,
453 517 470 544 et
478 511 547 545 Christo
558 511 634 544 militans
646 510 683 544 dies
693 519 754 543 omues

53 562 87 595 vite
94 571 125 593 sue
133 560 151 592 in
159 561 204 593 bona
212 567 301 594 senectute
309 560 397 594 conclusit.

74 659 105 690 DE
116 666 140 691 Eo
152 665 187 697 QUI
198 665 299 691 Pucuxlnll
310 664 383 692 Dolllltl
394 663 426 690 SUI
437 663 604 700 nnllsultAT,Qunl1
615 664 635 691 ul
647 664 733 692 SANCTUS

351 715 459 742 RESTITUIT.

237 772 271 806 lles
279 771 349 815 quidam
357 771 393 806 suis
401 777 490 805 contentus
498 771 597 806 diuersoriis
604 772 648 805 vltra
655 773 755 805 Eboracum

253 824 270 856 in
278 823 367 864 prouincia
374 832 407 864 que
416 821 507 863 Coplanda
513 821 616 860 nominatur,
623 822 698 854 habebat
705 822 755 863 [quo

54 869 94 914 que]
101 871 161 913 predia
167 872 184 904 in
190 871 253 914 Anglie
259 871 336 915 partibus
343 870 441 905 Orientalis.
464 871 491 904 Eo
499 871 574 904 seruiens
579 870 617 905 eius
624 870 671 904 uenit
679 871 755 904 debitam
764 882 783 904 re

54 921 125 954 domino
132 932 224 964 reposcens
231 922 331 965 pecuniam:
343 932 416 965 eamque
423 920 471 964 graui
479 921 570 954 infortunio
576 921 634 955 amisit
642 922 756 965 impetratam.

55 972 132 1015 Cumque
140 972 225 1007 rediturus
233 973 250 1006 in
258 972 317 1007 itinere
325 973 410 1006 laboraret
420 978 438 1006 et
445 972 519 1006 exicialis
529 972 596 1006 fortune
603 979 680 1015 gemeret
688 983 756 1015 pressu·

54 1033 100 1056 ram:
112 1033 164 1066 quam
171 1024 219 1057 multi
227 1024 250 1057 ad
258 1030 337 1057 sanctum
344 1034 403 1067 regem
410 1030 427 1058 et
434 1023 523 1057 martirem
530 1023 643 1057 Edmundum
651 1023 756 1057 confluerent

55 1084 113 1106 secum
121 1075 166 1118 cepit
174 1082 270 1108 retractare.
286 1074 340 1117 Igitur
347 1075 370 1108 ad
378 1080 456 1108 sanctum
464 1075 486 1107 ab
494 1074 553 1107 itinere
561 1073 630 1107 diuertit
637 1074 755 1112 Edmundum,

55 1122 131 1156 diuinum
143 1134 173 1166 per
184 1134 224 1158 eum
234 1124 318 1168 petiturus
329 1123 415 1157 auxilium.
437 1125 495 1158 Antea
503 1130 561 1157 tamen
571 1134 623 1167 quam
633 1123 673 1157 illuc
684 1123 755 1165 veniret,
765 1137 782 1167 15

55 1183 85 1215 per
92 1174 160 1208 beatum
168 1175 256 1210 martirem
264 1186 283 1209 se
290 1175 363 1219 propriis
371 1175 467 1208 restitutum
477 1175 547 1218 gauisus
557 1181 583 1209 est
594 1174 658 1218 spoliis.
681 1175 708 1208 Ex
716 1185 756 1218 quo,

55 1230 114 1258 saneto
122 1225 182 1260 libauit
189 1226 255 1260 hostias
263 1226 315 1269 digne
324 1226 428 1268 deuocionis,
436 1232 453 1260 et
461 1237 480 1259 se
489 1236 521 1261 sua
532 1226 587 1260 sancti
595 1226 683 1259 Edmundi
691 1225 756 1260 meritis

54 1276 138 1318 recepisse
146 1278 203 1318 palam
210 1277 289 1311 omnibus
297 1276 388 1310 nunciauit.

76 796 161 830 asbertus.

76 1382 91 1417 tl
100 1384 130 1415 Dr.
141 1391 230 1416 xruurann
240 1390 309 1417 prorsa
320 1392 332 1416 n
344 1391 437 1417 nanninus
448 1391 485 1416 ran
497 1391 621 1417 rorncrounxr
632 1391 659 1417 Da
670 1373 729 1418 crruo

271 1440 338 1466 surrent
350 1434 446 1467 Ennruxnr
458 1441 541 1468 cuanrn.

79 1527 160 1561 osbertus
231 1505 300 1539 Uedam
314 1505 376 1537 mulier
392 1505 459 1539 diuiciis
473 1505 524 1540 valde
538 1505 621 1548 locuplex,
636 1505 678 1539 diris
693 1511 756 1540 uexata

160 1553 164 1562 '
251 1555 327 1589 febribus
337 1555 383 1588 lecto
394 1555 479 1595 decubuit,
490 1562 507 1589 et
517 1557 590 1598 longeuo
601 1561 678 1598 tempore
690 1556 755 1589 crudeli
765 1570 785 1591 ρο

56 1603 137 1644 passione
148 1605 237 1639 laborauit.
260 1607 281 1638 ln
292 1615 326 1648 qua
337 1615 376 1638 cum
387 1604 443 1638 omnis
455 1605 522 1648 phisica
533 1605 619 1645 deficeret,
630 1611 647 1639 et
659 1604 755 1639 curationis

56 1662 108 1695 opera
122 1655 170 1688 nulla
184 1655 251 1698 penitus
266 1654 382 1698 preualeret¹:
401 1661 441 1697 post
456 1666 539 1699 expensas
553 1654 630 1698 perditas
644 1656 668 1689 ad
686 1656 754 1690 celestis

56 1704 122 1738 medele
130 1716 149 1739 se
160 1706 243 1740 conuertit
252 1705 352 1739 efficaciam.
375 1706 464 1739 Didicerat
471 1717 482 1739 a
489 1717 524 1740 non
532 1705 584 1739 nullis
591 1705 662 1749 ciphum
669 1705 756 1749 inprecia·

55 1754 108 1789 bilem
117 1756 163 1790 beati
175 1756 248 1790 martiris
260 1756 276 1790 in
286 1755 358 1790 ecclesia
369 1757 456 1798 contineri,
465 1757 487 1791 de
498 1767 532 1800 quo
543 1756 557 1790 si
569 1757 607 1800 quis
618 1757 693 1791 hauriret
705 1767 756 1799 quem

56 1813 140 1846 premeret
153 1806 248 1845 infirmitas,
259 1806 303 1840 mira
316 1807 332 1839 ei
347 1817 386 1839 cum
397 1813 440 1848 potu
455 1807 518 1840 rediret
532 1807 625 1845 uiuacitas;
643 1807 666 1839 ab
680 1806 755 1849 antiquis
766 1820 785 1848 25

57 1855 111 1888 eciam
120 1857 218 1890 tradebatur
227 1855 339 1897 diuulgatum,
350 1856 391 1889 dum
402 1866 450 1889 more
461 1856 540 1899 princeps
551 1856 654 1889 Edmundus
665 1856 757 1899 imperaret

57 1905 109 1948 regio,
116 1917 137 1939 ex
145 1906 177 1941 hoc
185 1912 243 1941 nectar
253 1906 339 1949 quodlibet
350 1906 503 1940 sumministratum
512 1913 549 1940 erat
558 1906 595 1949 regi
604 1906 683 1950 glorioso.
707 1908 756 1941 Male

56 1963 118 1998 potens
132 1957 190 2002 itaque
203 1957 272 1999 femina,
287 1958 334 1991 fama
348 1963 408 1991 sancte
422 1957 508 2000 opinionis
522 1957 586 1999 audita,
602 1958 666 2001 paratis
679 1958 757 1992 celeriter

58 2008 137 2050 expensis
144 2010 167 2041 ad
175 2010 231 2042 locum
241 2014 321 2051 properat
332 2009 349 2041 in
358 2019 392 2051 quo
401 2008 485 2050 gloriosus
494 2009 574 2050 princeps
585 2008 689 2042 Edmundus
700 2009 756 2042 incor-

57 2064 107 2101 rupta
118 2069 170 2092 carne
181 2058 258 2102 quiescit.
282 2058 349 2092 Aderat
360 2059 378 2092 in
389 2058 462 2092 ecclesia
472 2058 507 2091 iarn
518 2058 564 2091 dicta
575 2058 639 2101 virago,
648 2069 722 2102 suasque
730 2060 757 2092 dci
767 2070 786 2099 3⁰

57 2109 122 2142 athlete
136 2115 243 2152 representat
257 2108 342 2142 excubias.
365 2108 439 2152 Exponit
454 2108 517 2142 deinde
532 2119 562 2142 sue
574 2108 664 2151 negocium
679 2109 758 2144 molestie

59 2160 154 2201 secretario,
162 2161 184 2193 de
192 2160 242 2203 cipho
252 2158 352 2202 suppliciter
363 2160 451 2202 postulans
460 2158 493 2192 sibi
504 2158 597 2202 propinari.
620 2159 710 2194 Prelibans
717 2171 759 2203 ergo

57 2216 118 2251 potum
133 2211 154 2244 de
169 2217 234 2245 cratere
246 2210 298 2253 regio,
311 2210 345 2243 suis
358 2210 442 2253 reliquum
453 2209 505 2244 sociis
518 2209 602 2253 liquorem
615 2211 685 2245 tribuit:
701 2218 718 2245 et
733 2211 759 2245 sic

58 2261 116 2294 statim
124 2263 147 2295 ab
155 2261 253 2295 infirmitate
260 2261 346 2301 liberatur,
353 2260 419 2303 gracias
427 2271 481 2303 agens
489 2260 522 2294 deo
530 2268 547 2294 et
555 2267 616 2295 sancto
624 2272 655 2295 suo
664 2262 759 2296 Edmundo

57 2312 122 2345 martiri
134 2312 212 2354 glorioso.
235 2312 263 2345 Ad
274 2311 370 2354 hospicium
382 2311 439 2354 itaque
447 2312 516 2345 rediens
525 2318 564 2354 post
574 2313 649 2346 salutare
658 2313 758 2354 remedium,
767 2325 786 2354 35

58 2371 118 2395 mense
132 2362 210 2395 innititur
224 2362 275 2405 copia
288 2363 381 2395 multorum
396 2362 457 2396 diffuse
471 2362 584 2404 ferculorum,
600 2362 711 2405 assidentque
726 2362 758 2396 sibi

58 2412 163 2446 collaterales
171 2413 205 2446 duo
213 2412 281 2452 milites,
288 2422 331 2446 unus
339 2413 406 2445 habens
413 2412 509 2454 coniugem,
515 2412 659 2457 alterequestrem
666 2423 705 2445 cunr
713 2412 759 2447 dicta

58 2460 122 2496 femina
133 2463 246 2497 mansionem.
268 2464 343 2497 Torrens
351 2463 399 2497 illum
409 2463 455 2506 ignis
465 2464 548 2497 adurebat
560 2464 637 2497 lihidinis
647 2464 676 2506 qui
686 2464 759 2497 vinculis

59 2512 139 2548 astrictus
150 2515 241 2548 tenebatur
252 2514 319 2548 uxoris:
335 2513 403 2547 infamis
414 2514 486 2548 infames
497 2513 582 2549 asciuerat
594 2513 627 2548 sibi
638 2513 707 2556 pelices,
718 2524 758 2548 cum

327 2599 332 2617 ¹
343 2598 377 2630 MS.
384 2598 483 2638 prenderent.

80 2660 121 2687 VOL.
131 2663 150 2688 11.
396 2660 423 2687 Tt
