1762 2803
91 142 93 147 ·
138 120 183 166 514
329 107 409 160 moun
424 103 541 167 bentona
557 103 650 166 tinniit.

137 228 189 262 illum
206 226 287 262 adduxit.
315 225 445 271 Apprehendit
464 231 525 261 autem
541 236 607 260 seruus
623 224 652 259 dei
667 235 742 259 manum
759 222 838 260 hominis

138 284 237 324 dexteram,
246 287 264 315 et
272 281 354 315 diabolus
361 280 456 315 sinistram
464 286 529 315 tenens
538 280 588 314 omni
595 279 662 314 virtute
672 278 760 313 trahebat.
782 277 837 312 eri-

137 345 170 370 cus
180 336 230 369 enim
237 345 274 369 vna
284 345 339 368 manu
350 336 441 378 captiuum
449 334 513 377 tenuit,
521 339 539 369 et
547 335 603 369 altera
615 333 695 378 aqua[m]
708 331 837 376 benedicta[m]

138 392 201 423 contra
212 388 277 422 faciem
288 387 356 422 inimici
370 397 477 431 aspergens,
488 387 550 432 ipsum
561 387 614 422 valde
628 386 724 421 confusum
738 385 760 419 ab
774 384 838 420 edibus

120 440 229 483 5effugauit.
251 440 286 474 Vir
297 444 358 473 autem
370 440 400 473 ille
411 440 497 484 penitens
509 446 527 474 et
538 451 603 483 puram
616 438 751 473 confessionem
764 437 838 480 faciens,

138 503 204 534 corpus
220 492 289 526 domini
305 492 339 526 sibi
355 493 435 526 oblatum
447 493 466 526 in
479 494 541 537 specie
552 493 612 526 carnis
623 492 669 526 vidit
684 496 702 525 et
717 491 838 533 interrogatus

138 546 154 579 si
169 556 192 578 ex
204 550 241 579 toto
255 546 310 579 corde
324 547 412 588 crederet,
427 545 504 589 ‘Credo‚
517 546 580 589 inquit,
594 546 673 588 domine,
686 543 728 588 quia
741 553 808 586 corpus
821 549 839 577 et

138 598 247 641 sanguinem
255 598 324 632 domini
336 600 372 633 mei
383 599 402 632 in
414 599 498 633 manibus
509 599 544 633 tuis
556 599 590 633 sub
601 597 663 641 specie
673 596 733 631 carnis
741 606 775 638 ego
783 594 839 629 miser

138 657 156 686 et
164 656 249 696 peccator
256 651 333 697 aspicio.¹
356 651 390 688 Cui
397 651 479 688 ericus
486 652 521 689 ait:
534 652 538 670 ⁴
546 652 587 687 Deo
596 652 675 696 gratias;
687 650 720 686 sed
728 659 777 684 nunc
786 650 838 685 simul

112 720 131 741 10
138 714 213 740 oremus
221 710 240 739 vt
247 705 266 740 in
274 705 336 749 specie
346 712 433 740 consueta
443 706 487 740 illud
498 706 580 749 recipere
590 704 688 739 merearis.¹
710 704 778 747 Sicque
790 714 838 737 com-

139 758 251 792 municatum
259 759 357 798 hominem,
363 763 381 792 et
389 759 408 791 in
416 759 462 792 fide1
470 759 603 799 confirmatum,
609 757 676 791 dimisit
684 758 703 790 in
711 767 761 799 pace.
789 749 839 789 Data

139 814 168 844 est
182 814 243 843 autem
258 814 339 854 potestas
354 809 427 844 inimico
442 809 460 843 in
475 821 550 844 carnem
565 809 610 851 eius,
622 808 750 854 percussitque
764 819 806 842 eum
821 808 839 843 in

139 864 219 898 brachiis
236 864 298 898 vlcere
316 864 403 907 pessimo,
422 864 468 898 adeo
486 869 516 898 vt·
527 874 569 898 caro
590 864 721 898 humerotenus
740 862 840 907 putrefacta

139 921 218 951 scateret
232 918 325 951 vermibus
340 922 358 951 et
375 917 425 951 sanie
444 916 541 951 ebulliente
560 916 655 952 deflueret.
677 916 711 950 Vir
729 920 790 950 autem
802 912 838 949 'dei

113 982 131 1014 ¹5
139 969 225 1004 iudicium
238 971 305 1004 celeste
317 981 358 1004 cum
371 970 471 1013 gratiarum
484 970 555 1004 actione
567 970 688 1014 amplexatus,
699 969 790 1013 patienter
801 979 839 1002 sus·

139 1023 197 1063 tinuit,
205 1022 307 1066 letatusque
315 1022 370 1055 estin
378 1022 419 1064 hiis,
427 1022 474 1055 sicut
485 1023 516 1065 qui
527 1023 597 1055 inuenit
609 1022 668 1066 spolia
679 1022 740 1055 multa
764 1021 787 1054 Et
798 1026 839 1064 post

139 1074 233 1119 paululum
241 1074 379 1112 conualescens,
385 1074 464 1108 leuiatan
472 1075 515 1118 igne
523 1075 602 1119 quodam
610 1074 697 1109 inuisibili
703 1078 726 1115 et,
731 1078 750 1109 vt
757 1073 839 1115 creditur,

139 1126 223 1161 infernali
230 1137 304 1161 carnem
310 1126 350 1161 eius
357 1127 483 1169 inssammauit,
488 1133 507 1161 vt
515 1139 571 1171 supra
577 1138 651 1162 omnem
657 1127 757 1161 humanum
766 1126 840 1159 modum

140 1181 214 1214 flamme
227 1179 334 1214 insanientis
345 1179 430 1215 incendio
441 1192 462 1215 se
474 1181 552 1215 cremari
564 1181 637 1224 diceret,
649 1187 668 1215 et
678 1180 729 1215 velut
739 1180 758 1213 in
770 1179 839 1213 fauillas

113 1247 132 1269 κο
141 1240 158 1268 et
173 1233 253 1267 cinerem
269 1243 312 1267 mox
328 1234 450 1268 resoluendus
465 1236 580 1268 sacerdotem
592 1239 670 1276 vocaret,
681 1238 700 1268 et
711 1234 791 1266 animam
806 1233 840 1266 deo

140 1287 283 1320 commendaret.
306 1286 350 1320 Post
357 1286 425 1329 aliquot
432 1292 494 1321 tamen
503 1287 557 1321 horas
568 1287 665 1321 inuisibilis
676 1286 757 1320 carnifex
765 1286 841 1319 mutauit

141 1343 257 1380 tormentum¹
270 1340 303 1372 sed
311 1338 339 1374 vir
346 1338 375 1374 dei
387 1340 493 1383 patientiam
506 1341 542 1374 non
554 1340 642 1375 mutauit:
655 1338 720 1374 Subito
732 1337 786 1380 enim,
795 1337 840 1372 sicut

140 1393 246 1435 aduenerat,
255 1392 355 1436 [flammat2
363 1393 423 1428 ablata
434 1399 468 1436 est,
479 1399 498 1428 et
509 1394 605 1429 confestim
616 1405 627 1428 a
638 1394 717 1439 quodam
729 1392 840 1438 gelidissimo

141 1446 209 1490 frigore
217 1447 362 1491 comprehensus
369 1453 419 1482 totus
429 1448 521 1492 rigescere
529 1453 547 1482 et
555 1449 685 1492 congelescere
696 1448 749 1491 cepit,
757 1452 775 1481 et
787 1446 840 1481 huius

114 1512 133 1542 25
142 1501 187 1533 hore
194 1500 264 1533 exitum
272 1510 314 1533 cum
321 1500 409 1542 patientia
416 1501 519 1544 prestolari.
538 1500 560 1534 ln
568 1502 602 1535 hac
610 1500 741 1545 suppliciorum
748 1504 841 1543 permuta·

142 1553 192 1585 tione
200 1562 242 1585 caro
250 1552 269 1584 in
276 1562 342 1585 manus
350 1552 401 1595 impii
409 1554 450 1586 data
458 1564 468 1586 a
476 1563 530 1586 mane
538 1564 596 1596 vsque
604 1554 627 1586 ad
634 1563 732 1596 vesperam
740 1551 841 1592 desudauit‚

142 1604 234 1648 quandam
243 1603 297 1637 futuri
305 1603 366 1638 iudicii
373 1605 420 1639 dans
427 1605 551 1640 metuentibus
556 1606 611 1640 deum
617 1604 774 1649 significationem,
779 1606 798 1639 in
806 1615 841 1648 quo

143 1658 165 1691 ab
177 1656 229 1700 aquis
243 1656 316 1690 nimiis³
327 1657 415 1691 transitur
426 1657 445 1691 in
457 1658 536 1692 calorem
547 1658 630 1693 nimium.
682 1651 770 1702 Cumque
780 1658 841 1691 illuce-

143 1715 202 1745 sceret
210 1709 301 1752 paschalis
309 1710 443 1755 solempnitatis
455 1722 492 1745 nox
503 1722 561 1753 sacra,
569 1711 675 1745 immundus
682 1711 758 1755 spiritus
765 1711 804 1745 viro
813 1710 841 1744 dei

115 1776 135 1805 30
143 1773 242 1805 sompnum
253 1761 335 1804 incussit,
344 1768 362 1796 et
373 1774 408 1806 per
418 1763 524 1807 sompnium
535 1765 558 1796 de
568 1763 628 1797 carnis
639 1764 708 1797 lubrico
718 1762 842 1807 triumphauit.

143 1816 198 1851 Mane
213 1814 265 1858 facto,
281 1815 331 1849 omni
346 1816 423 1851 ecclesia
439 1821 555 1861 congregata,
569 1818 592 1851 de
608 1817 653 1851 cella
666 1826 699 1851 sua
711 1817 734 1851 ad
749 1816 840 1860 publicum

142 1869 238 1914 processit,
246 1868 368 1913 aperiensque
376 1881 458 1905 ossuum
466 1869 534 1905 dimisit
544 1871 643 1905 aduersum
651 1881 672 1904 se
680 1870 772 1914 eloquium
784 1879 841 1904 suum.

143 1921 189 1964 ‘Sic,
197 1921 227 1964 ait,
235 1922 302 1956 misero
310 1923 351 1957 huic
359 1923 435 1966 erico‚
441 1925 467 1958 sic
475 1925 510 1958 hac
517 1923 641 1958 sacratissima
649 1929 702 1958 nocte
710 1923 789 1968 peccatis
797 1922 842 1958 meis

143 1975 258 2019 exigentibus
266 1975 335 2016 accidit,
343 1976 369 2010 sic
377 1976 461 2011 inimicus
469 1989 522 2011 meus
530 1978 574 2011 mihi
585 1977 652 2012 infelici
663 1978 723 2012 illusit.
746 1978 842 2012 Peccatum

116 2041 134 2071 35
143 2040 205 2063 meum
218 2029 253 2061 deo
267 2034 284 2061 et
295 2029 347 2062 vobis
361 2031 455 2072 confiteor,
466 2031 540 2065 veniam
552 2041 563 2064 a
575 2033 610 2064 deo
622 2031 675 2065 vobis
688 2030 842 2064 intercedentibus

144 2083 238 2124 deprecor,
253 2082 277 2113 de
291 2080 357 2113 iniuria
372 2081 406 2114 hac
421 2092 483 2115 coram
498 2083 532 2116 deo
548 2087 566 2116 et
578 2083 631 2117 vobis
644 2093 751 2128 conqueror,
763 2093 799 2127 qua
812 2090 841 2115 mc

143 2133 228 2169 inimicus
234 2144 287 2168 meus
294 2134 313 2167 in
319 2139 356 2167 tam
362 2136 464 2169 reuerenda
472 2135 570 2170 festiuitate
575 2136 697 2171 dehonestare
705 2148 742 2171 non
749 2133 841 2180 pepercit.¹

145 2187 173 2220 Ita
191 2186 297 2220 humilitatis
316 2187 406 2220 sectator*
422 2188 478 2232 fortis,
495 2199 533 2222 non
548 2199 628 2232 parcens
647 2189 762 2234 aliquatenus
778 2184 843 2233 pudori

144 2249 183 2280 suo,
195 2250 232 2272 non
244 2239 342 2273 astantium
353 2241 463 2282 vericundie‚
476 2252 512 2275 non
525 2242 604 2285 denique
619 2241 729 2276 estimationi
744 2240 842 2276 sanctitatis

116 2305 137 2334 40
145 2302 181 2335 que
193 2292 216 2324 de
228 2302 250 2324 eo
262 2291 315 2334 longe
326 2291 398 2335 lateque
410 2293 494 2336 spirabat.
523 2293 565 2327 Hiis
577 2293 630 2328 dictis
641 2293 660 2327 in
672 2294 737 2328 cellam
749 2302 843 2338 regressus

145 2348 179 2378 est.
202 2336 238 2376 Vir
249 2353 329 2386 namque
340 2344 370 2377 dei
383 2344 450 2388 frigore
464 2345 603 2379 habundantiori
615 2347 724 2392 plerumque
736 2345 843 2392 rigescebat,

145 2397 190 2432 adeo
198 2402 218 2432 vt
229 2396 366 2441 homoquidam
378 2398 400 2432 de
411 2399 478 2433 finibus
490 2399 581 2434 Bristollie
592 2410 626 2444 per
633 2400 722 2436 visionem
734 2399 842 2439 admonitus,

144 2450 256 2495 opertorium
270 2460 338 2484 nouum
353 2452 377 2484 de
390 2451 470 2495 vulpinis
479 2452 569 2494 pellibus,
582 2464 618 2496 quo
633 2464 654 2487 se
669 2458 771 2497 operuerat,
785 2459 843 2487 trans-

210 2553 289 2583 ¹E.fine.
329 2553 376 2584 ῃοιη.
417 2555 601 2593 ³E.niuis;T.nimiis.
642 2557 784 2588 ‘Esectatorum
