1762 2803
235 115 280 170 bt
295 113 396 167 &anau
411 113 556 176 autumno.
718 118 747 173 87

46 234 121 268 hibere¹
133 245 170 269 non
182 235 243 276 debet,
255 235 288 270 sed
300 235 323 269 ab
335 235 460 270 immolatione
472 235 519 270 sacri
530 236 607 270 misterii
618 235 711 270 abstinere
723 235 748 276 (vt

45 286 129 328 arbitror)
136 287 229 322 humiliter
235 289 290 321 debet
297 300 301 321 :
313 288 329 320 si
335 293 396 321 tamen
403 289 511 323 dormientis
517 293 598 322 mentem
605 288 654 332 turpi
660 287 748 332 imagina-

45 338 94 373 tione
104 350 141 374 non
152 341 270 376 concusserit.
294 340 341 375 Nam
352 345 395 375 sunt
405 340 472 384 quibus
482 341 507 375 ita
517 341 626 385 plerumque
635 339 695 375 illusio
706 350 748 374 nas·

45 392 96 435 citur,
104 398 124 427 vt
135 404 199 428 eorum
211 393 288 435 animus,
298 393 353 428 etiarn
364 393 383 427 in
395 405 473 439 sompno
485 395 568 439 corporis
579 394 656 439 positus,
664 393 749 438 turpibus

45 446 205 490 imaginationibus
216 458 253 482 non
265 447 341 482 ledetur.
370 447 411 490 Qua
422 447 440 482 in
453 458 473 483 re
484 458 541 483 vnum
553 448 577 483 ibi
589 447 696 489 ostenditur,
709 447 766 491 ipsas

46 510 100 534 mens
115 510 152 543 rea,
166 506 280 536 nontamen
295 513 330 536 suo
344 501 411 536 iudicio
426 502 488 543 libera,
504 513 545 537 cum
561 513 588 543 se,
601 502 635 537 etsi
651 501 749 536 dormienti

46 563 123 596 corpore
134 553 190 587 nichil
202 554 285 588 meminit
297 554 372 596 vidisse,
384 560 445 589 tamen
457 555 553 600 invigiliis
565 555 653 600 corporis,
665 554 749 589 meminit

46 605 65 639 in
73 604 174 649 ingluuiem
182 607 276 642 cecidisse.
299 607 332 642 Sin
338 618 382 642 vero
390 619 414 642 ex
422 608 470 653 turpi
479 608 587 654 cogitatione
593 607 685 653 vigilantis
692 607 750 642 oritur

46 658 106 693 illusio
114 659 227 700 dormientis,
235 665 284 703 patet
293 660 355 694 animo
366 667 427 695 reatus
438 672 492 697 suus:
505 662 560 696 Videt
568 663 617 696 enim
625 672 636 695 a
644 672 680 706 qua
687 661 749 695 radice

45 711 146 754 inquinatio
160 712 190 745 illa
203 713 318 756 processerit,
332 714 374 756 quia
387 715 435 757 quod
450 713 534 757 cogitauit
548 714 614 753 sciens,
627 714 661 747 hoe
674 713 749 757 pertulit
759 720 778 743 10

46 763 136 798 nesciens.
160 764 197 799 Sed
208 766 323 808 pensandum
334 771 368 806 est,
378 766 418 809 ipsa
429 765 513 810 cogitatio
523 771 584 800 vtrum
594 766 717 810 suggestione,
725 777 749 799 an

46 816 171 859 delectatione,
179 818 214 860 vel,
222 818 271 862 quod
281 818 340 852 maius
350 824 384 861 est,
392 819 461 863 peccati
469 830 562 854 consensu
570 820 660 854 acciderit.
682 819 750 854 Tribus

47 871 115 904 etenim
122 872 182 904 modis
192 871 280 914 impletur
287 882 342 905 omne
350 878 456 915 peccatum:
467 872 552 915 videlicet
560 872 683 916 suggestione,
691 872 750 905 delec-

46 922 120 965 tatione,
128 935 225 959 consensn.
248 923 346 968 Suggestio
354 924 422 969 quippe
430 925 451 959 fit
459 936 493 969 per
501 925 605 968 dyabolum,
613 925 709 960 delectatio
717 936 752 969 per

46 987 126 1017 carnem,
138 987 241 1010 consensus
252 987 287 1021 per
298 976 394 1021 spiritum:
410 977 457 1019 Quia
468 983 487 1011 et
497 977 576 1022 primam
588 977 661 1022 culpam
673 988 751 1021 serpens
761 987 779 1018 ¹5

47 1029 144 1072 suggessit,
153 1030 193 1062 Eua
200 1030 256 1063 verol
263 1030 313 1063 velut
321 1040 363 1063 caro
369 1031 460 1064 delectata
466 1036 499 1071 est,
506 1030 566 1064 Adam
571 1042 616 1064 vero
620 1032 670 1064 velut
675 1030 751 1073 spiritus

47 1081 146 1115 consensit.
169 1081 192 1115 Et
200 1081 305 1116 necessaria
312 1087 341 1115 est
351 1091 418 1126 magna
425 1082 516 1123 discretio,
524 1087 544 1117 vt
554 1082 603 1117 inter
614 1082 751 1126 suggestionem

47 1139 102 1177 atque
114 1134 259 1174 delectationem,
273 1133 322 1168 inter
336 1134 477 1168 delectationem
491 1141 509 1169 et
523 1145 640 1176 consensum,
654 1135 709 1168 index
723 1136 751 1168 sui

47 1186 120 1220 animus
132 1186 231 1230 presideat.
253 1187 300 1221 Cum
312 1186 361 1220 enim
373 1187 464 1231 malignus
476 1187 551 1231 spiritus
563 1193 658 1231 peccatum
670 1187 752 1231 suggerit

47 1239 66 1274 in
78 1245 145 1281 mente,
157 1239 173 1274 si
187 1239 237 1274 nulla
248 1239 318 1284 peccati
330 1240 426 1274 delectatio
438 1240 526 1284 sequitur,
539 1240 614 1275 ommno
624 1246 750 1285 perpetratum
760 1251 780 1273 20

47 1303 85 1326 non
97 1298 135 1327 est:
153 1293 199 1327 Cum
212 1303 257 1327 vero
271 1292 374 1327 delectare³
386 1303 428 1327 caro
440 1293 515 1337 ceperit,
526 1298 569 1327 tunc
581 1299 676 1338 peccatum
688 1293 752 1338 incipit

48 1346 98 1380 nasci
105 1358 109 1380 :
120 1346 140 1380 Si
147 1351 208 1380 autem
215 1357 238 1380 ex
245 1346 376 1380 deliberatione
383 1346 480 1388 consentit,
485 1351 528 1380 tunc
534 1352 630 1390 peccatum
636 1346 753 1390 cognoscitur

48 1399 117 1442 perlici.
140 1399 162 1433 ln
173 1399 291 1443 suggestione
301 1398 356 1443 igitur
366 1399 436 1442 peccati
447 1398 523 1433 semen⁴
531 1404 565 1439 est,
573 1399 592 1433 in
603 1399 723 1434 delectatione
732 1400 753 1434 fit

48 1452 186 1493 nutrimentum,
194 1453 213 1486 in
225 1463 317 1486 consensu
326 1452 420 1496 perfectio.
444 1452 467 1485 Et
477 1462 523 1496 sepe
534 1452 622 1496 contingit
629 1458 649 1486 vt
660 1452 694 1486 hoc
704 1454 753 1495 quod

48 1504 139 1548 malignus
146 1504 221 1549 spiritus
227 1504 306 1538 seminat
314 1505 332 1538 in
339 1504 454 1547 cogitatione,
461 1515 503 1538 caro
509 1503 527 1537 in
534 1504 675 1539 delectationem
681 1505 753 1539 trahat:
763 1515 781 1544 ²5

48 1566 82 1590 nec
92 1561 153 1590 tamen
162 1556 223 1590 anima
233 1556 293 1590 eidem
301 1555 418 1590 delectationi
429 1555 537 1589 consentiat.
560 1556 583 1589 Et
594 1567 635 1590 cum
643 1567 686 1590 earo
694 1557 754 1591 delec-

48 1609 99 1642 tare³
112 1609 153 1643 sine
166 1610 227 1643 animo
241 1614 325 1653 nequeat,
338 1609 378 1653 ipse
393 1615 454 1643 tamen
470 1609 543 1643 animus
557 1609 618 1643 camis
629 1609 754 1653 voluptatibus

49 1662 146 1703 reluctans
153 1661 173 1695 in
181 1662 302 1696 delectatione
310 1661 378 1696 carnali
389 1662 450 1706 aliquo
458 1663 513 1695 modo
521 1661 587 1706 ligatur
594 1662 669 1704 inuitus,
676 1668 696 1696 vt
706 1662 723 1696 ei
731 1673 754 1697 ex

49 1714 119 1748 ratione
131 1715 242 1748 contradicat
254 1726 278 1748 ne
290 1714 398 1755 consentiat,
408 1720 426 1749 et
438 1720 500 1748 tamen
512 1715 635 1748 delectatione
646 1714 713 1759 ligatus
725 1715 754 1758 sit,

49 1768 82 1802 sed
90 1768 166 1812 ligatum
171 1778 192 1801 se
196 1768 318 1802 vehementer
325 1768 439 1812 ingemiscat.
458 1768 512 1803 Vnde
518 1773 537 1802 et
544 1767 575 1802 ille
581 1767 654 1803 celestis
662 1768 755 1803 exercitus
763 1778 783 1808 3⁰

49 1821 149 1865 precipuus
164 1821 217 1855 miles
232 1822 317 1865 gemebat
333 1822 408 1857 dicens:
426 1820 500 1855 “Video
515 1827 577 1855 autem
592 1821 647 1856 aliam
660 1821 721 1865 legem
735 1822 754 1856 in

50 1873 139 1906 membris
150 1873 197 1906 meis
209 1879 344 1916 repugnantem
357 1874 393 1916 legi
405 1873 473 1907 mentis
485 1884 531 1913 mee,
544 1878 562 1906 et
574 1873 666 1917 captiuum
677 1884 708 1907 me
720 1874 753 1907 du·

50 1931 122 1960 centem
138 1925 156 1959 in
172 1925 244 1970 legem⁵
255 1925 331 1970 peccati,
345 1937 381 1970 que
396 1931 424 1960 est
438 1925 456 1959 in
470 1925 558 1959 membris
570 1926 633 1959 meis.”
656 1926 676 1959 Si
691 1931 753 1960 autem

51 1978 134 2022 captiuus
147 1984 191 2019 erat,
203 1978 279 2012 minime
290 1980 389 2021 pugnabat.
412 1978 451 2012 Sed
463 1984 481 2012 et
493 1978 596 2021 pugnabat:
612 1984 725 2022 quapropter
735 1984 754 2012 et

51 2030 134 2074 captiuus
142 2036 186 2073 erat,
192 2036 210 2064 et
218 2031 322 2074 pugnabat:
335 2031 393 2074 Igitur
400 2031 436 2074 legi
444 2031 512 2065 mentis
520 2031 550 2065 lex
558 2041 595 2074 que
602 2031 621 2064 in
629 2030 717 2065 membris
725 2036 753 2065 est
762 2039 781 2071 35

51 2084 169 2129 repugnabat.
192 2083 212 2118 Si
228 2089 289 2118 autern
301 2083 400 2128 pugnabat,
411 2084 495 2128 captiuus
511 2094 547 2118 non
562 2089 607 2118 erat.
630 2083 678 2118 Ecce
692 2083 754 2127 itaque

51 2137 106 2171 homo
118 2142 146 2171 est
156 2138 182 2181 (vt
192 2137 217 2171 ita
228 2136 314 2179 dixerim)
324 2137 408 2180 captiuus
420 2142 438 2171 et
450 2137 507 2171 liber:
520 2136 576 2171 Liber
585 2148 609 2171 ex
619 2136 690 2170 iusticia
699 2146 754 2180 quam

51 2190 115 2233 diligit,
126 2189 209 2234 captiuus
219 2200 243 2223 ex
254 2189 374 2223 delectatione
386 2201 441 2233 quam
451 2195 512 2234 portat
523 2181 755 2233 inuitus.’-—Hueusque

51 2243 183 2287 responsiones
190 2242 239 2278 beati
246 2253 293 2287 pape
299 2242 383 2286 Gregorii
390 2244 414 2277 ad
420 2243 503 2277 consulta
511 2241 660 2277 reuerendissimi
668 2242 755 2277 antistitis

51 2296 156 2340 Augustini.
180 2296 280 2341 Epistolam
286 2305 331 2329 vero
339 2306 394 2339 quarn
402 2307 423 2330 se
430 2296 528 2331 arelatensi
537 2295 624 2340 episcopo
632 2294 698 2329 secisse
705 2306 755 2330 com·
764 2306 784 2336 ⁴⁰

52 2355 147 2391 memorat,
153 2351 176 2384 ad
181 2350 277 2394 Virgilium
284 2349 353 2382 Etherii
361 2358 488 2383 successorem
496 2349 583 2388 dederat;
595 2347 646 2382 cuius
654 2347 688 2382 hec
698 2348 756 2383 sonna

52 2408 91 2437 est:
137 2396 313 2438 ‘Reuerendissimo
328 2406 346 2435 et
362 2401 478 2435 sanctissimo
494 2401 545 2435 fratri
560 2400 637 2445 Virgilio
652 2401 757 2445 episcopm,

53 2455 153 2498 Gregorius
169 2466 234 2489 seruus
250 2465 346 2489 seruorum
360 2453 394 2487 dei.
418 2453 502 2495 Quantus
515 2453 539 2486 sit
552 2453 628 2486 aflectus
640 2454 757 2488 venientibus

72 2528 105 2558 ¹T.
114 2529 132 2558 E.
140 2530 224 2566 prohiberi.
261 2528 297 2558 'al
305 2538 335 2558 om.
373 2527 498 2558 'aldelectari
536 2527 757 2565 ¹T.simens;al.initium.

52 2569 58 2586 l
69 2568 88 2597 al.
96 2569 136 2606 lege.
197 2568 203 2586 ⁶
213 2568 233 2598 al.
241 2569 341 2605 coepiscopo.
