1762 2803
246 95 292 152 Bt
306 94 407 148 &aaut
422 93 534 157 bunio.
713 107 741 154 25

41 221 125 259 Monachi
134 218 183 254 enim
191 218 215 252 de
221 217 350 262 Tynemutha¹
359 228 400 252 curn
408 218 431 252 ad
439 217 567 262 sepeliendum
575 227 642 262 corpus
651 216 691 252 eius
699 228 742 251 con·

40 272 114 319 gregati,
129 271 152 305 ad
168 269 301 304 monasterium
316 279 370 302 suum
388 268 487 303 transferre
505 273 622 313 temptarent,
636 266 742 311 parochiani

40 324 94 361 vicini
101 327 172 357 tantum
184 320 268 355 amittere
276 320 383 354 thesaurum
392 319 518 362 formidantes,
526 325 636 364 congregata
643 320 742 353 multorum

41 377 92 421 copia
100 376 137 410 vim
146 373 270 409 deserentibus
278 373 352 413 inferre,
360 378 378 407 et
388 374 407 406 in
417 384 450 406 sua
458 372 534 407 ccclesia
542 383 617 407 seruum
626 373 655 406 dei
663 372 743 415 sepelire

41 430 85 464 inito
96 426 172 461 consilio
183 425 293 459 nitebantur.
316 424 340 459 Et
351 435 394 459 ecce
406 435 457 460 mare
469 424 573 470 spaciosum
585 424 671 459 nebulam
682 424 759 466 subitos

41 492 148 526 euaporans,
163 479 238 514 vmbras
253 478 354 523 palpabiles
369 484 387 513 et
402 479 488 513 tenebras
501 479 596 520 inducens,
612 484 743 523 congregatum

41 536 128 582 populum
143 544 178 579 per
192 532 242 567 inuia
257 543 293 577 quo
308 532 414 566 nesciebant
429 533 515 567 oberrare
531 533 595 576 coegit.
625 533 709 577 Cumque
724 532 743 566 in

41 589 119 634 quadam
133 587 209 621 ecclesia
221 597 263 620 cum
278 597 355 630 corpore
368 585 417 619 serui
430 586 459 619 dei
474 586 561 621 excubias
576 585 696 624 celebrarent,
711 596 744 629 ap·

41 652 108 688 parens
120 641 149 675 vir
164 640 194 674 dei
209 640 228 673 in
243 640 332 683 sompnis,
345 644 364 673 vt
377 639 396 673 in
410 649 476 673 aurora
489 650 531 673 curn
546 650 623 683 corpore
639 639 743 672 festinatam

42 700 118 738 propter
129 693 217 735 populum
229 691 393 734 superuenientem
404 692 507 735 arriperent
519 691 586 735 sugam,
597 691 670 725 cuidam
682 692 744 725 admo·
753 702 772 724 ιο

42 747 85 781 nuit.
108 746 149 788 Quo
160 745 214 787 sacto,
226 755 268 778 cum
283 754 350 788 magno
366 744 436 778 honore
450 754 487 778 non
502 744 556 788 longe
570 755 581 778 a
596 754 672 788 corpore
685 743 744 778 sancti

43 799 112 834 Oswini
124 797 173 841 regis
184 802 203 832 et
214 797 306 841 martyris,
313 807 380 831 versus
388 797 484 831 meridiem
495 797 514 831 in
522 797 579 831 latere
587 796 662 840 parietis
670 803 744 830 arcuato

42 852 134 897 sepelitur.
185 843 268 894 Contigit
284 849 333 885 enirn
349 849 409 885 adhuc
423 850 498 885 uiuente
514 861 568 886 seruo
584 850 613 885 dei
629 850 744 885 sacerdotem

42 906 134 950 quendam
145 904 252 939 infirmitate
265 904 345 938 maxima
359 905 474 948 depressum,
488 904 540 948 quasi
553 905 576 938 ad
590 909 693 939 extremum
707 904 745 938 vite

43 958 126 1002 spiritum
138 957 209 992 deduci.
232 957 315 1001 Cumque
327 957 376 991 velut
387 957 478 991 exanimis
489 957 612 997 decumberet,
620 957 665 991 vidit
675 957 704 991 vir
714 956 744 990 dei
753 970 772 1000 ¹5

43 1011 162 1055 malignorum
174 1009 271 1054 spirituum
283 1015 375 1044 cateruam
388 1016 463 1053 aspectu
477 1010 588 1050 horribilem,
600 1011 623 1043 ad
636 1010 744 1054 rapiendam

43 1062 141 1099 sacerdotis
152 1064 232 1097 animam
242 1068 329 1107 paratam,
337 1069 393 1097 totam
404 1064 484 1105 domurn,
492 1063 511 1096 in
519 1073 555 1106 qua
565 1062 661 1106 languidus
669 1062 745 1104 iacebat,

44 1116 210 1149 circumuolantem.
233 1116 256 1148 Et
264 1126 357 1159 exurgens
367 1126 377 1148 a
388 1115 433 1149 cella
441 1125 480 1156 sua,
488 1116 559 1149 concito
568 1116 625 1158 gradu
635 1116 658 1149 ad
669 1115 744 1149 domum

43 1168 110 1201 infirmi
128 1168 238 1213 properauit.
268 1168 403 1213 Aspiciensque
420 1178 489 1203 cuneos
506 1168 610 1211 spirituum,
625 1167 744 1211 interrogauit

43 1232 75 1256 eos
87 1231 119 1256 cur
130 1222 156 1256 sic
168 1222 244 1265 pessimi
256 1221 391 1255 conuenissent.
414 1220 442 1255 llli
449 1232 494 1255 vero
505 1220 560 1255 nimis
570 1220 654 1265 improbe
666 1232 745 1265 respon·
754 1235 774 1257 ao

44 1274 108 1308 dentes
115 1274 212 1309 dixerunt:
225 1274 259 1309 ‘Vt
267 1274 347 1309 animam
357 1274 417 1316 huius,
425 1274 456 1319 qui
464 1274 552 1309 hactenus
560 1285 616 1319 opera
624 1274 688 1309 mortis
696 1285 746 1309 com-

44 1327 104 1371 pleuit,
113 1328 208 1363 nobiscum
216 1328 264 1362 illico
271 1329 295 1362 ad
302 1328 395 1362 infernum
405 1327 508 1372 rapiamus!
530 1328 583 1362 Tune
592 1339 659 1362 seruus
669 1328 698 1362 dei
710 1328 746 1362 illis

44 1381 62 1414 in
70 1380 136 1414 virtute
147 1387 211 1415 sancte
222 1381 308 1415 trinitatis
319 1382 407 1425 precepit,
414 1387 434 1415 vt
444 1392 500 1425 opera
510 1392 544 1415 sua
553 1381 633 1414 iehenne
644 1382 700 1425 digna
711 1381 745 1414 sibi

44 1432 123 1467 seriatim
138 1444 232 1478 exponere
247 1439 365 1469 maturarent.
392 1433 428 1476 Qui
444 1433 518 1469 horride
533 1435 674 1476 conclamantes,
689 1434 746 1468 multa

45 1485 124 1520 facinora
133 1492 152 1521 et
162 1487 302 1521 innumerabilia
313 1487 383 1529 delicta,
391 1498 433 1521 eum
445 1493 558 1529 accusantes,
566 1487 585 1521 in
594 1487 676 1521 medium
684 1493 746 1532 protu-
756 1500 774 1531 ²⁵

44 1538 109 1573 lerunt.
131 1539 164 1573 Vir
172 1545 233 1574 autem
241 1541 271 1575 dei
279 1551 326 1584 opus
333 1541 425 1585 quoddam
433 1541 509 1582 virtutis,
518 1541 566 1585 quod
574 1540 659 1575 infirmus
666 1542 747 1584 quando

44 1601 80 1632 que
91 1597 159 1634 egerat,
167 1593 260 1635 obiiciens,
268 1603 304 1636 que
315 1593 403 1627 demones
413 1592 584 1637 improperauerant
591 1592 610 1627 in
619 1598 686 1628 statera
695 1592 748 1628 iussit

44 1644 152 1686 ponderari:
169 1645 275 1688 bonumque
286 1645 331 1680 illud
341 1646 427 1689 exiguum
438 1646 523 1680 omnibus
533 1645 609 1680 obiectis
619 1646 672 1680 malis
683 1645 702 1680 in
714 1646 748 1680 im-

45 1705 129 1730 mensum
145 1697 186 1742 plus
200 1697 218 1732 in
234 1703 302 1734 statera
316 1699 430 1744 ponderauit.
460 1699 554 1734 Demones
569 1704 630 1734 autem
646 1698 748 1744 perturbati

45 1749 99 1784 nimis
110 1755 128 1784 et
141 1761 175 1796 per
187 1751 252 1787 merita
264 1753 313 1788 serui
326 1752 356 1788 dei
368 1752 420 1797 quasi
433 1752 509 1796 confusi,
522 1753 572 1787 velut
583 1763 647 1787 musce
659 1764 693 1797 per
704 1764 748 1788 aera
756 1765 776 1795 3⁰

46 1809 163 1838 euanuerunt.
186 1805 265 1849 Egrotus
273 1817 317 1840 vero
327 1806 362 1840 cito
371 1806 508 1848 conualescens,
516 1806 624 1840 miraculum
632 1807 699 1851 vbique
707 1817 748 1851 pro-

45 1855 117 1898 paiauit,
123 1862 141 1891 et
146 1858 201 1892 vitam
210 1869 263 1893 suam
271 1858 289 1893 in
298 1859 363 1894 melius
371 1859 480 1902 reformans,
486 1860 505 1894 in
512 1859 577 1894 timore
585 1859 654 1893 domini
662 1860 747 1903 spiritum

46 1908 110 1942 emisit.
145 1904 264 1955 Quibusdam
272 1911 291 1946 in
299 1913 346 1945 mari
354 1912 487 1955 nauigantibus,
495 1918 513 1946 et
522 1912 570 1946 aeris
577 1912 674 1955 ingruente
682 1912 748 1946 intem·

46 1960 100 2003 pene,
109 1964 182 2005 equoris
190 1965 239 1998 vnda
246 1964 271 1998 ita
278 1970 370 1998 commota
377 1969 436 2005 est,vt
443 1964 530 1998 omnibus
537 1969 615 1998 mortem
623 1965 684 2007 potius
693 1975 747 2008 quam

45 2010 99 2047 vitam
114 2015 220 2051 minaretur.
248 2016 298 2051 Inter
313 2027 360 2061 quos
374 2016 448 2061 quidam
463 2016 503 2051 viro
519 2016 548 2052 dei
560 2016 642 2052 Henrico
655 2017 748 2061 quondam
757 2029 776 2059 35

46 2062 138 2102 familiaris
151 2074 169 2102 et
180 2070 234 2103 valde
246 2071 330 2112 dilectus,
342 2070 414 2104 deuotis
426 2070 536 2104 clamoribus
547 2070 595 2114 cepit
607 2081 650 2104 eum
663 2070 749 2105 inuocare

47 2116 119 2154 dicens:
139 2121 165 2155 ‘O
178 2122 252 2157 domine
263 2123 293 2165 mi,
307 2123 375 2157 famule
388 2123 462 2166 Christi,
473 2123 492 2158 in
505 2123 556 2158 cuius
568 2123 670 2158 ministerio
683 2123 750 2158 totiens

46 2169 139 2216 desudant,
151 2174 170 2209 in
181 2180 231 2210 tanto
242 2176 307 2210 mortis
317 2176 399 2220 periculo
410 2177 465 2211 michi
476 2177 575 2212 subuenire
585 2188 609 2212 ne
620 2177 704 2212 differas!
726 2177 750 2212 Et

47 2232 88 2257 ecce
98 2235 142 2259 mox
153 2228 243 2263 assistens
254 2230 276 2270 ei,
287 2230 306 2263 in
318 2230 352 2263 hec
363 2231 419 2264 verba
430 2241 553 2274 prorumpens
565 2230 621 2264 dixit:
634 2230 719 2264 ‘Reuera
730 2235 749 2264 tu

47 2275 101 2310 michi
106 2278 197 2316 adherens
204 2283 297 2326 quondam
302 2282 385 2327 placuisti
393 2283 507 2318 familiariter
512 2283 631 2327 obsequendo
639 2295 643 2325 ;
652 2283 749 2329 impetraui
757 2295 778 2324 40

47 2336 91 2372 ergo
98 2332 121 2365 ab
129 2343 151 2367 eo
159 2334 254 2378 quiveritis
261 2336 340 2381 imperat
347 2342 365 2371 et
373 2336 424 2379 mari,
430 2343 479 2370 tuam
485 2337 539 2381 etqui
545 2342 606 2371 tecum
612 2342 655 2370 sunt
661 2338 749 2371 salutem.¹

48 2380 151 2427 Sedatoque
158 2387 209 2428 mari,
218 2390 241 2421 ad
249 2394 322 2431 portum
330 2395 411 2432 optatum
418 2399 508 2432 prospere
516 2393 646 2431 peruenerunt.
701 2382 750 2423 Cor-

48 2438 109 2476 reptus
121 2442 149 2471 est
160 2437 189 2472 vir
200 2439 274 2482 quidam
285 2440 309 2474 ab
320 2452 342 2474 eo
354 2441 397 2485 quia
407 2440 560 2486 quadragesimali
571 2446 655 2485 ternpore
667 2441 750 2476 debiturn

332 2549 337 2568 ¹
347 2549 365 2581 T.
372 2550 465 2582 tinemuthe.
