1762 2803
47 154 180 196 asanaa-r
209 140 675 204 memaamunuutmcetmettpte.
702 155 746 200 573

48 272 104 315 pulcre
117 265 241 300 ostenduntur!
264 262 323 296 Nolite
338 272 384 304 ergo,
397 262 460 296 iratres
472 261 506 296 mei
518 262 631 303 dilectissimi,
643 273 704 305 pacem
719 263 748 297 hic

48 329 117 367 querere
131 327 170 351 curn
185 314 255 354 mundo,
270 320 288 348 vt
303 311 397 348 maximam
412 312 446 347 illic
460 319 478 347 et
491 312 567 357 quietam
579 313 719 357 tranquillitatem
730 320 748 349 et

48 369 162 416 quietudinem
170 364 304 408 tranquillimam
312 363 332 406 (l)
339 364 403 397 habere
410 364 510 398 mereamini
517 364 535 398 in
543 365 585 405 celo,
596 365 624 398 vbi
635 375 703 398 summa
714 376 748 408 pax

47 429 73 457 est
80 427 96 455 et
104 428 171 453 sumrna
178 415 291 459 tranquillitas
299 419 316 447 et
327 414 419 457 tranquilla
430 414 530 449 summitas!
555 415 595 449 lliis
606 414 681 458 denique
691 415 748 455 dictis,

49 471 100 506 sacris
112 466 186 501 induitur
200 465 282 505 vestibus,
295 474 334 497 cum
346 465 409 506 quihus
423 464 493 498 missam
509 466 606 499 celebraret.
634 466 765 499 Sacrosancta5

49 519 109 554 deinde
120 517 173 548 missa
184 515 258 556 expleta,
265 514 370 546 sacrosancti
380 514 462 546 dominici
472 515 549 556 corporis
559 514 622 548 mistici
631 520 648 548 et
659 513 748 556 sanguinis

49 565 130 608 assumpti
142 563 236 598 reieccione
247 567 342 605 vegetatus,
350 568 398 596 stans
408 569 448 597 ante
457 563 511 597 altare
520 563 642 597 honorabiliter
652 563 697 597 inter
704 564 747 597 duos

48 617 140 653 monachos
154 619 260 648 sustentatus
279 612 320 647 hinc
338 619 391 658 atque
408 613 456 654 hinc,
470 624 505 647 una
523 614 657 648 cumfratribus
672 614 748 659 psallens

48 667 128 711 angelicis
139 665 196 699 choris
207 664 310 705 astantibus,
318 664 399 697 comitem
409 664 535 697 sanctissimam
543 665 577 697 deo
587 671 604 697 et
615 664 685 698 domino
696 664 747 698 lhesu

49 718 115 753 Christo
130 714 205 749 reddidit
218 713 300 755 animam,
313 724 366 757 quam
379 725 390 747 a
401 713 496 757 pollucione
508 714 573 748 carnali
585 715 674 756 mundam,
685 720 722 748 tam
737 725 748 747 a
758 724 776 746 ro

49 766 129 809 corporali
141 765 237 806 egritudine
249 764 337 797 intactam,
359 765 433 797 Sanctus
443 775 484 805 ergo
491 765 606 797 Winwaloeus
617 775 669 797 senex
676 775 748 798 venera-

48 816 180 857 bilis,dompnus
187 819 205 847 et
212 813 285 846 eximius
292 814 417 846 monachorum
424 819 479 857 pater,
484 814 545 856 plenus
553 814 620 846 dierum
627 814 652 847 ita
657 820 676 847 vt
684 814 749 846 dictum

49 873 78 910 est,
84 865 143 910 quinto
149 875 204 897 nonas
213 863 291 905 Martias,
297 869 358 907 quarta
365 862 407 898 feria
415 863 432 898 in
440 864 496 908 prima
506 864 638 908 quadragesime
644 864 749 905 ebdomada,

49 920 112 960 integer
125 922 142 949 et
154 925 226 959 corpore
237 920 255 949 et
266 921 324 949 mente
339 915 387 957 obiit,
399 916 466 958 absque
479 915 515 949 vllo
527 916 643 949 membrorum
656 915 749 949 solucionis

50 968 111 1006 dolore,
119 965 183 1008 quippe
191 965 232 1007 quia
239 975 258 998 se
266 965 313 1007 prius
321 965 404 998 iudicarat
411 964 515 1007 grauissima
523 965 680 1006 examinacione‚vt
688 964 748 998 iterum
757 979 776 1010 ¹5

49 1028 87 1049 curn
91 1017 125 1048 hoc
130 1015 196 1047 mundo
201 1025 236 1047 non
242 1014 350 1055 iudicaretur,
356 1015 400 1048 sicut
406 1015 430 1048 ait
435 1016 532 1057 apostolus:
545 1015 606 1058 ‘Quod
613 1015 627 1048 si
633 1014 749 1057 nosmetipsos

49 1066 166 1105 indicaremus,
174 1075 209 1097 non
217 1065 275 1107 vtique
283 1065 406 1098 iudicaremur!
430 1066 499 1099 Fratres
507 1074 548 1099 vero
557 1066 651 1099 honorilice
660 1064 748 1098 sanctissi-

48 1128 94 1149 mum
99 1126 161 1158 corpus
166 1126 206 1148 curn
214 1126 281 1149 summa
288 1115 387 1149 reuerencia
395 1115 496 1157 sepelierunt
504 1126 543 1149 curn
550 1115 620 1159 ympnis
627 1122 644 1149 et
653 1114 748 1159 mnti[bu]s

49 1166 166 1210 spiritualibus,
177 1172 247 1208 agentes
255 1165 323 1209 gracias
335 1166 368 1200 deo
378 1166 448 1201 domino
457 1171 516 1200 nostro
527 1166 579 1200 lhesu
588 1166 661 1207 Christo,
669 1165 698 1210 qui
709 1176 748 1200 curn

49 1223 95 1260 patre
103 1223 120 1250 et
127 1216 187 1260 spiritu
195 1217 303 1250 sanctoviuit
310 1223 327 1251 et
335 1223 397 1259 regnat
404 1227 435 1259 per
442 1217 501 1250 omnia
508 1216 566 1251 secula
573 1217 675 1251 seculorum.
686 1217 749 1250 Amen.

49 1330 64 1363 p.
71 1317 115 1361 623]
202 1327 218 1361 4.
231 1318 259 1351 De
266 1320 330 1352 Sancto
336 1319 431 1352 Edmundo
437 1329 478 1362 rege
484 1322 501 1353 ct
507 1317 597 1353 rraartire'.

75 1390 124 1422 Bulla
132 1390 154 1422 de
161 1390 206 1423 festo
214 1390 268 1423 sancti
276 1390 365 1423 Edmundi
372 1390 490 1433 sollempniter
496 1390 519 1422 ab
526 1389 610 1423 uniuersis
617 1389 725 1423 celebrando.
757 1421 777 1443 ω

53 1460 182 1534 INnocencius
199 1464 258 1500 ‚trram
273 1460 364 1504 episcopus
376 1471 442 1495 seruus
465 1471 552 1495 seruorum
575 1460 603 1494 dei
621 1459 748 1494 venerabilibus

97 1510 177 1542 tratribus
196 1509 329 1552 archiepiscopis
346 1515 363 1543 et
379 1510 464 1552 episcopis
477 1520 498 1543 ac
510 1509 577 1543 dilectis
595 1509 633 1543 filiis
651 1510 749 1549 abbatibus,

49 1557 135 1599 prioribus,
141 1558 217 1601 decanis,
223 1559 354 1601 archidiaconis,
360 1559 432 1602 aliisque
440 1558 509 1602 prelatis
516 1559 627 1594 ecclesiarum
633 1564 650 1594 et
658 1558 723 1593 clericis
731 1559 749 1593 in

50 1618 100 1650 regno
107 1608 170 1652 Anglie
178 1609 274 1644 constitutis
282 1609 355 1645 salutern
367 1617 383 1645 et
395 1610 508 1654 apostolicam
515 1609 659 1645 benedictionem.
681 1609 750 1653 Religio

49 1659 141 1692 christiana
153 1671 187 1702 que
197 1671 285 1704 nunquam
297 1661 389 1694 retribuere
400 1667 457 1703 potest
469 1661 502 1694 deo
513 1672 543 1704 pro
554 1661 587 1695 hiis
598 1671 632 1704 que
643 1660 701 1694 tribuit
712 1660 749 1703 ipse
758 1667 777 1698 ²5

50 1707 86 1748 sibi,
93 1709 179 1743 maiestati
188 1709 246 1743 diuine
255 1716 322 1751 gratum
333 1715 398 1753 prestat
410 1711 510 1753 obsequium
518 1711 588 1754 quando
595 1721 627 1753 pro
635 1710 688 1753 ipsius
695 1710 751 1752 gloria

49 1761 65 1788 et
75 1757 138 1791 honore
149 1759 177 1800 pie
187 1760 286 1792 deuotionis
298 1760 361 1792 affectu
371 1766 450 1802 procurat
458 1770 517 1792 eorum
524 1760 601 1793 venerari
609 1760 710 1792 memoriam
721 1759 750 1801 qui

49 1814 121 1848 superno
133 1814 231 1842 meruerunt
242 1818 312 1842 munere
324 1808 384 1842 sociari
398 1808 464 1842 cetibus
476 1809 571 1849 beatorum,
583 1818 622 1842 curn
635 1808 673 1849 ipsa
682 1807 750 1848 veritas,

50 1864 81 1897 que
92 1861 117 1890 est
126 1857 173 1900 deus,
181 1858 227 1902 quod
234 1857 263 1891 vni
272 1869 293 1891 ex
304 1857 379 1892 minimis
391 1857 426 1892 suis
438 1858 456 1891 fir
467 1857 500 1892 sibi
512 1857 554 1898 fieri,
562 1865 579 1892 et
590 1858 607 1891 in
619 1857 673 1892 seruis
684 1857 719 1892 suis
730 1869 750 1892 se

50 1906 135 1945 perhibeat
142 1909 227 1942 honorari.
245 1910 291 1942 Sane
298 1908 338 1942 licet
345 1909 391 1942 beati
399 1909 487 1941 Edmundi
496 1909 541 1951 regis
548 1909 643 1951 Angiorum
651 1914 667 1941 et
675 1908 749 1942 martiris
758 1919 778 1948 30

50 1952 105 1989 inclita
113 1958 187 2000 felixque
195 1959 283 1999 memoria,
291 1959 392 1992 excellencia
402 1959 448 2000 regie
458 1958 547 2000 dignitatis
556 1965 573 1991 et
581 1957 658 1991 martirio
668 1958 749 2000 gloriosa,

50 2003 99 2046 digne
105 2006 126 2039 sit
131 2008 194 2051 ubique
201 2014 284 2042 terrarum
291 2008 349 2051 populi
357 2007 444 2042 christiani
451 2007 513 2042 celebri
518 2006 631 2042 veneracione
639 2006 721 2041 colenda:
731 2007 749 2041 in

50 2053 109 2096 Anglie
116 2062 174 2091 tamen
181 2068 236 2100 regno
246 2058 358 2091 reuerenciori
369 2057 401 2091 coli
409 2058 464 2096 ,debet
475 2057 562 2101 obsequio,
570 2057 599 2091 ubi
607 2069 636 2091 rex
644 2057 681 2101 ipse
689 2057 750 2092 beatus

50 2105 657 2151 regatemoptinunsedemeradeptusesttandemmarririidignitatem.
673 2108 750 2151 Ideoque

50 2153 175 2191 Vniuersitatem
182 2164 257 2192 vestram
267 2168 347 2200 rogamus
356 2164 374 2191 et
383 2159 471 2191 hortamur
480 2164 546 2192 attente
557 2169 588 2202 per
598 2158 693 2202 apostolica
701 2158 750 2192 vobis
758 2163 777 2195 35

50 2202 111 2245 scripta
120 2208 228 2248 mandantes,
236 2209 317 2251 quatinus
328 2208 393 2241 dictum
403 2209 459 2250 gentis
471 2214 528 2242 vestre
540 2219 598 2251 regern
612 2215 629 2241 et
640 2208 728 2242 martirem
740 2219 751 2241 a

50 2251 117 2287 domino
127 2258 175 2290 vobis
185 2258 245 2290 datum
256 2257 326 2300 speciali
336 2257 430 2290 deuocione
442 2257 517 2291 colentes
528 2257 575 2291 diem
587 2256 685 2291 sestiuitatis
697 2256 751 2300 ipsius

50 2304 136 2339 annuatim
148 2305 166 2339 in
179 2306 256 2341 ecclesiis
270 2307 331 2341 vestris
344 2306 404 2349 singuli
418 2306 512 2350 procuretis
527 2306 645 2350 sollempniter
659 2306 751 2348 celebrare,

50 2349 114 2388 firmam
129 2368 178 2400 spem
193 2359 307 2401 fiduciamque
322 2359 398 2391 tenendo
411 2357 458 2401 quod
472 2358 487 2392 si
502 2369 541 2391 euru
557 2358 574 2391 in
589 2358 639 2391 terris
654 2364 751 2391 reuerenter

49 2406 122 2438 venerati
129 2408 200 2448 fueritis,
208 2408 265 2451 ipsum
273 2418 304 2451 pro
311 2407 360 2441 vobis
368 2409 472 2442 aduocatum
480 2408 497 2441 in
506 2408 548 2441 celis
555 2407 647 2441 efficaciter
654 2406 739 2440 sencietis.

68 2469 74 2487 ¹
83 2472 164 2517 ¹Compilerl
175 2476 213 2506 t'rom
221 2477 271 2512 Abho,
279 2476 358 2507 Galiridus
367 2476 392 2507 De
402 2476 467 2506 infancia
474 2475 526 2511 Eam„
532 2475 559 2505 tire
566 2475 640 2505 lliracula
646 2474 667 2512 by
674 2474 750 2503 Herman-

49 2516 76 2538 nas
82 2520 98 2539 rn
105 2513 138 2543 MS.
143 2514 179 2545 Tib.
184 2515 217 2550 Bri,
225 2516 269 2545 those
275 2516 296 2553 by
303 2515 357 2546 Osbert
364 2515 380 2545 iu
387 2515 420 2545 MS,
425 2514 457 2545 Tit.
463 2514 478 2544 tl
484 2514 523 2544 Vlll
531 2513 557 2544 ror.
565 2512 632 2550 rab-145
638 2513 644 2548 (
648 2513 704 2551 =Cap.
710 2512 750 2541 8-20

50 2547 67 2575 ot
69 2548 94 2579 the
100 2552 129 2581 rna
134 2553 176 2583 hook
184 2554 202 2584 ol
206 2554 294 2594 Sampson),
302 2554 332 2584 and
337 2553 380 2584 those
385 2554 405 2592 by
409 2554 484 2593 Sampson
489 2553 504 2583 iu
510 2553 543 2583 MS.
550 2553 581 2583 Tit.
586 2552 601 2582 Α
608 2552 648 2582 Vlll
656 2551 682 2581 iol.
690 2549 750 2590 78-126

50 2586 78 2617 aud
85 2588 118 2622 MS.
122 2591 164 2624 Tria.
170 2594 212 2626 Coll.
218 2594 266 2626 Dubl.
273 2595 286 2626 B
293 2602 307 2626 a.
315 2600 335 2633 75
344 2594 384 2625 lronr
390 2593 479 2625 Chronieles
485 2593 515 2625 aad
522 2601 568 2632 many
573 2592 649 2624 unknown
656 2591 751 2623 documents.
