1762 2803
150 130 196 184 Dc
211 127 453 180 &anonomaston
470 125 628 180 conterente.
697 138 740 182 337

40 251 126 286 mandum
134 250 212 290 edifitiis,
218 248 367 294 possessionibus
375 247 504 291 ampliandum.
528 247 569 281 Non
577 247 611 281 erit
619 246 643 280 ibi
651 246 699 280 aliud
707 246 741 280 nisi

40 306 105 339 domus
116 303 151 344 dei,
161 309 179 337 et
188 308 240 347 porta
252 302 291 336 celi.
313 301 341 335 Ibi
353 300 441 344 erigenda
452 305 480 334 est
492 300 541 334 scala
552 311 587 344 per
598 310 653 344 quam
665 300 742 333 descen-

40 358 104 392 dentes
117 361 136 390 et
147 356 269 390 ascendentes
281 353 341 399 angeli
353 364 418 398 preces
429 358 447 387 et
458 358 500 387 vota
512 353 607 387 hominum
619 352 712 398 perierant
724 357 742 386 et

40 411 122 445 deserant
135 409 217 453 gratiam.
244 408 290 441 Inde
303 407 444 441 ascendentibus
455 407 542 441 reserabo
553 407 618 440 ianuas
629 405 715 450 paradisi,
722 411 742 440 vt

40 474 63 498 ex
78 461 138 497 officio
151 462 200 506 quod
211 471 264 495 meus
276 460 320 495 mihi
332 460 418 494 dominus
429 470 450 494 ac
461 459 541 494 saluator
552 459 635 500 iniunxit,
647 463 666 493 et
677 458 759 503 ligatos5

39 516 132 551 absoluam
144 521 163 549 et
174 514 267 548 absolutos
277 514 382 558 suscipiam,
392 519 411 547 et
421 524 475 557 quarn
486 513 526 547 eius
536 514 622 547 delictum
633 513 743 552 obcluserat,

40 568 140 603 iustificatis
151 573 223 611 portam
234 567 293 611 patrie
305 567 378 600 celestis
389 566 476 610 aperiam.
498 566 527 599 Tu
538 572 599 600 autem
611 566 672 599 onmia
684 576 742 609 quea

40 633 69 656 me
75 620 152 655 audisti¹
159 626 176 655 et
184 619 268 662 didicisti,
274 619 339 654 litteris
347 620 422 654 tradens
427 619 466 663 regi
474 619 531 660 mitte,
536 623 555 653 vt
562 630 639 654 munere
645 619 674 653 dei
683 618 742 663 dupli-

40 679 84 716 cato,
93 679 111 708 et
119 675 142 707 de
150 672 265 707 absolutione
276 672 363 714 securior,
371 677 389 706 et
399 672 432 715 [in]
444 671 527 716 precepti
536 672 644 706 executione
654 672 742 713 deuotior,

39 727 58 760 in
71 726 108 759 mei
121 731 182 759 autem
196 724 293 758 dilectione
306 730 324 758 et
337 724 425 767 obsequio
436 724 538 767 reperiatur
548 724 668 767 propensior!
699 724 742 758 Hiis
752 735 770 762 ro

40 778 97 821 dictis,
111 778 142 812 lux
158 788 199 812 cum
215 777 301 822 loquente
317 776 410 822 disparuit.
440 776 517 822 Scripsit
532 776 594 822 itaque
608 787 666 811 senex
682 776 742 811 omnia

40 832 105 873 audita,
114 837 131 865 et
140 831 178 875 regi
186 830 259 865 direxit.
282 831 352 864 Eadem
360 836 422 864 autem
430 830 475 864 hora
482 830 529 864 lecto
537 840 585 873 pape
593 830 688 875 rescripto,
694 830 742 864 beati

40 884 90 918 senis
101 884 164 928 apices
174 884 278 918 recitantur.
300 884 352 917 Tunc
364 894 397 917 rex
408 883 455 917 letus
466 888 485 916 et
495 883 571 924 alacer‘³,
579 883 675 926 pecuniam
687 893 742 927 quam

40 939 62 971 ad
70 937 238 981 peregrinationem
246 942 348 981 parauerat,
356 936 468 980 pauperibus
478 936 575 978 distribuit,
584 942 602 970 et
611 936 742 970 monasterium

41 990 136 1023 edificauit.
177 982 285 1033 ³Tempore
293 1000 329 1033 quo
339 1000 373 1022 rex
381 989 505 1028 Ethelbertus,
513 988 544 1032 qui
554 988 637 1032 regnauit
645 988 663 1022 in
671 989 743 1030 Cancia,
753 998 771 1027 15

41 1042 146 1085 predicante
156 1042 209 1075 beato
219 1041 322 1085 Augustino
332 1041 375 1075 fidei
387 1046 501 1075 sacramenta
512 1047 625 1085 susceperat,
633 1051 692 1084 nepos
703 1041 743 1074 eius

41 1095 135 1134 Sebertus,
148 1094 179 1137 qui
195 1094 319 1128 Orientalibus
334 1094 400 1138 Anglis
415 1093 488 1138 prefuit,
503 1094 559 1127 fidem
575 1094 641 1127 eodem
656 1094 744 1138 episcopo

41 1147 178 1190 euangelizante
190 1146 276 1191 suscepit.
305 1146 340 1180 Hic
353 1145 458 1187 Londoniis,
469 1157 505 1190 que
517 1146 569 1190 regni
582 1147 610 1181 sui
621 1152 675 1191 caput
688 1146 744 1181 habe-

41 1201 97 1239 batur,
110 1199 158 1233 intra
171 1210 234 1234 muros
250 1200 346 1234 ecclesiam
360 1200 408 1234 beati
424 1199 474 1233 Pauli
486 1199 581 1233 fabricauit
587 1200 599 1241 ⁴,
611 1206 628 1234 et
643 1200 743 1244 episcopali

41 1252 115 1294 honore,
131 1253 221 1287 Mellitum
237 1253 345 1297 episcopum
360 1252 462 1294 instituens,
478 1253 578 1287 honorauit.
608 1253 665 1287 Extra
680 1264 743 1288 muros
752 1266 772 1291 ro

41 1304 110 1338 veroin
119 1305 226 1339 occidentali
233 1310 291 1350 parte,
299 1305 318 1339 in
327 1306 397 1339 honore
407 1305 456 1339 beati
467 1305 516 1339 Petri
528 1305 659 1340 monasterium
670 1305 743 1350 insigne

42 1358 127 1399 fundauit,
136 1364 154 1392 et
162 1359 224 1393 multis
231 1358 379 1403 possessionibus
387 1358 456 1393 ditauit.
479 1358 536 1393 Nocte
542 1364 603 1393 autem
610 1359 743 1393 dedicationem

42 1409 123 1443 eiusdem
132 1410 222 1444 ecclesie⁶
230 1412 347 1454 precedente,
353 1410 438 1454 piscatori
447 1410 518 1444 cuidam
527 1410 560 1453 [in]
568 1411 678 1444 Thamensis
687 1410 743 1451 ssuuii,

41 1461 72 1504 qui
80 1461 140 1496 eidem
148 1463 272 1496 monasterio⁸
279 1463 381 1507 preterfluit
386 1463 398 1505 ⁷,
405 1462 487 1501 vlteriori
494 1463 535 1506 ripa
543 1462 561 1496 in
572 1462 634 1496 habitu
644 1463 743 1507 peregrino

42 1514 105 1548 beatus
111 1515 176 1549 Petrus
184 1526 282 1559 apparens,
288 1516 380 1559 promissa
388 1516 479 1557 mercede,
487 1515 583 1559 transponi
590 1526 611 1550 se
619 1517 642 1549 ab
650 1517 715 1550 eodem
725 1521 743 1550 et
752 1528 771 1559 ²5

41 1566 92 1608 petiit
98 1572 116 1600 et
123 1568 230 1610 promeruit.
253 1568 344 1612 Egressus
352 1574 413 1602 autem
421 1568 444 1602 de
450 1568 539 1609 nauicula,
545 1568 647 1610 ecclesiam,
653 1568 743 1612 piscatore

42 1625 133 1662 cernente,
144 1619 250 1664 ingreditur.
281 1621 305 1654 Et
316 1632 359 1655 ecce
371 1621 431 1654 subito
442 1621 474 1654 lux
485 1621 559 1654 celestis
570 1621 649 1662 emicuit,
660 1621 744 1665 miroque

42 1671 139 1714 splendore
151 1673 245 1708 illustrans
257 1674 324 1716 omnia,
335 1680 408 1708 noctem
420 1674 509 1707 conuertit
521 1674 540 1707 in
552 1674 606 1708 diem.
633 1675 691 1707 Affuit
702 1685 744 1708 cum

42 1725 122 1766 apostolo
129 1725 225 1759 multitudo
230 1726 297 1760 ciuium
302 1737 425 1770 supernorum
433 1726 566 1770 egredientium
572 1733 590 1760 et
596 1727 744 1770 ingredientium,

42 1775 156 1820 melodiaque
161 1778 235 1813 celestis
240 1779 329 1821 insonuit;
336 1779 433 1813 indicibilis
438 1779 500 1813 odoris
505 1779 604 1823 fragrantia
610 1790 665 1814 nares
671 1780 744 1824 persun-
753 1790 772 1819 ao

42 1828 100 1862 debat.
116 1830 198 1865 Peractis
203 1831 355 1865 enimlomnibus
361 1842 397 1875 que
402 1832 425 1865 ad
431 1831 508 1865 ecclesie
515 1832 648 1866 dedicationem
654 1839 743 1876 spectant¹

42 1879 141 1922 solemniis,
153 1883 200 1917 redit
212 1885 234 1917 ad
246 1884 355 1929 piscatorem
367 1884 445 1929 piscium
456 1884 535 1928 piscator
546 1884 632 1928 egregius
643 1884 744 1919 hominum

43 1932 102 1973 Quem
112 1937 166 1970 cum⁹
178 1937 235 1971 diuini
247 1938 321 1972 luminis
331 1938 401 1980 fulgore
412 1937 530 1981 perterritum
540 1943 558 1971 et
564 1938 577 1956 ¹⁰
585 1938 684 1972 alienatum
694 1949 743 1982 pene

42 1986 127 2021 sensibus
135 1989 240 2031 reperisset,
246 1990 313 2024 blanda
318 1989 441 2024 consolatione
447 1989 506 2023 reddit
513 1989 606 2023 hominem
614 1990 654 2031 sibi,
661 1991 742 2025 animum

42 2038 111 2073 rationi.
139 2040 267 2085 ingredientes
280 2042 358 2077 cimbam
374 2042 429 2076 simul
441 2047 518 2086 vterque
531 2041 616 2086 piscator,
627 2042 652 2076 ait
666 2042 742 2077 Petrus:
752 2054 771 2085 35

42 2090 144 2136 ‘Numquid
155 2095 298 2137 pulmentarium
309 2107 346 2129 non
358 2096 433 2129 habes?¹
457 2095 480 2129 Et
490 2095 531 2129 illc:
544 2095 671 2136 ‘Inconsuete‚
679 2096 743 2140 inquit,

42 2141 87 2177 lucis
95 2146 200 2188 perfusione
208 2148 298 2191 stupidus,
306 2154 324 2182 et
332 2148 458 2192 expectatione
466 2148 492 2182 tui
501 2148 591 2189 detentus,
599 2147 644 2181 nihil
655 2148 701 2192 cepi,
709 2150 743 2184 sed

42 2197 168 2237 promissama
174 2205 192 2233 te
198 2202 303 2234 mercedem
311 2211 387 2234 securus
395 2200 501 2244 expectaui.¹
524 2201 554 2234 Ad
563 2201 596 2234 hec
604 2202 698 2244 apostolus
706 2202 730 2235 ait
738 2211 742 2233 :

43 2246 103 2281 ‘Lana
111 2260 159 2284 nunc
167 2252 213 2285 retia
220 2252 239 2285 in
245 2252 257 2272 ¹¹
265 2254 370 2297 capturam?
394 2253 456 2286 Paruit
467 2253 566 2296 imperanti
577 2253 662 2297 piscator,
670 2259 688 2286 et
700 2264 744 2288 mox

42 2298 125 2343 impleuit
137 2305 189 2339 rethe
203 2305 280 2349 piscium
293 2306 374 2340 maxima
384 2305 485 2339 multitudo.
514 2305 584 2339 Omnes
594 2311 646 2339 erant
659 2306 743 2342 eiusdem
752 2319 773 2349 40

42 2353 115 2393 generis
125 2355 192 2399 pisces,
200 2363 263 2401 preter
272 2369 329 2392 vnum
337 2357 383 2392 mire
392 2356 505 2392 enormitatis
516 2356 614 2393 esicium¹².
637 2358 709 2400 Quibus
721 2361 744 2394 ad

42 2402 101 2447 ripam
106 2410 197 2450 extractis,
203 2410 248 2443 dixit
253 2410 357 2454 apostolus:
367 2410 424 2444 ‘hunc
431 2410 461 2454 qui
467 2421 500 2454 pre
505 2409 518 2430 ¹³
525 2410 591 2445 ceteris
596 2411 659 2455 precio
667 2418 685 2446 et
693 2423 746 2458 mag-¹

62 2467 67 2484 ¹
78 2468 94 2499 S.
103 2471 160 2501 audisti
166 2482 175 2502 a
182 2483 212 2503 me.
239 2473 245 2490 ²
255 2474 273 2503 T.
281 2473 340 2510 alaeer;
351 2474 369 2503 E.
376 2473 436 2504 alacris.
467 2473 473 2491 ⁵
484 2473 503 2503 ln
510 2474 545 2504 Tw.
552 2475 629 2512 precedes
637 2476 673 2506 MIr.
681 2477 701 2507 tle
708 2487 745 2508 con·

42 2509 172 2547 tractolp.340l.
198 2513 306 2543 ⁴om.inT.t
330 2513 364 2542 ³13.
373 2513 445 2543 ecclesio.
470 2512 677 2546 ‘sidemmonasterium
697 2517 745 2548 ¹Tw.

42 2545 134 2601 ¹qubtertluit.
170 2551 271 2583 *sautem
303 2552 468 2588 ²T.cum;E.dum.
504 2553 622 2585 ¹⁰om.inTw.
657 2556 667 2574 ¹¹
677 2557 746 2588 Tw.ad.

65 2585 100 2616 Sur⁴
107 2590 181 2620 csocium.
221 2591 233 2610 ¹³
243 2601 274 2621 om.
282 2591 298 2620 in
305 2591 339 2621 Tw.

388 2639 399 2665 Z
