1762 2803
254 104 300 160 De
315 101 415 157 &aaut
430 102 550 165 hautun.
715 115 758 160 313

57 227 123 271 (beato)
131 227 227 266 ¹Paulino.
235 227 322 272 suscepit.
345 227 434 263 Edwinus
441 226 497 270 igitur
503 236 537 260 rex
545 235 587 260 cum
597 224 657 269 gentis
665 234 699 257 sue
705 229 759 267 parte

56 289 123 324 magna
133 281 240 325 predicante
251 281 305 314 beato
317 279 393 314 Paulino
404 280 460 314 fidem
473 277 541 313 Chn'sti
552 276 633 322 suscepit
645 287 693 310 anno
706 276 758 321 regni

56 332 85 367 sui
92 332 194 376 vndecimo‚
202 338 220 368 et
231 332 361 368 incarnationis
373 332 464 367 dominice
475 332 611 367 sexcentesimo
618 330 707 366 vicesimo
718 339 759 373 sep-

56 385 106 428 timo,
114 387 136 421 ab
148 388 228 421 aduentu
235 398 281 421 vero
288 386 392 431 Anglorum
401 387 421 421 in
432 385 545 420 Britanniam
554 395 604 419 anno
615 383 688 418 circiter
698 388 759 417 cente·

57 440 104 473 simo
115 439 245 484 octuagesimo.
269 440 291 474 In
302 440 384 475 Eboraco
391 450 437 474 vero
445 438 514 473 doctori
522 448 556 472 suo
564 437 639 472 Paulino
648 437 712 472 sedem
720 434 759 481 epi·
768 439 777 471 5

57 497 143 536 scopatus
151 492 229 533 donauit,
238 492 334 527 ecclesiam
346 493 365 526 in
377 493 447 527 honore
456 491 505 525 beati
515 491 565 525 Petri
576 490 654 535 apostoli
663 490 687 523 de
698 489 760 533 lapide

57 544 142 579 edificare
153 545 213 589 cepit3
227 545 265 586 sed,
278 544 386 588 priusquam
398 549 561 584 consummaretur,
573 542 644 576 occisus
656 547 684 575 est
689 541 701 583 ²,
712 551 760 586 opus

57 597 159 633 successori
167 607 201 633 suo
209 597 296 633 Oswaldo
304 597 438 643 perficiendum
445 596 523 642 reliquit.
542 595 629 631 Paulinus
636 601 697 630 autern
706 605 729 629 en
738 605 760 628 eo

57 655 141 696 tempore
146 662 181 687 sex
187 652 241 687 annis
247 651 343 697 continuis,
349 662 408 698 vsque
415 652 438 687 ad
445 656 524 687 mortem
530 649 614 687 videlicet
620 649 676 695 regis,
681 649 760 684 verbum

57 706 93 746 dei,
104 711 197 740 annuente
209 717 230 740 ac
241 706 315 741 fauente
326 707 393 741 eodem
403 716 453 751 rege,
464 705 483 740 in
495 705 525 740 illa
535 703 631 749 prouincia
641 702 749 748 predicabat
755 715 760 745 i
769 709 789 733 ¹0

57 760 193 803 credebantque
204 765 223 794 et
233 760 371 803 baptizabantur
381 764 469 803 quotquot
480 764 533 793 erant
545 756 658 802 preordinati
669 756 692 790 ad
704 756 760 790 vitam

58 817 146 847 eternam.
161 812 232 846 Tantus
240 816 301 846 autem
308 811 367 846 fertur
374 817 417 846 tunc
425 811 482 846 fuisse
488 810 550 845 feruor
557 810 601 844 fidei
609 808 641 844 ac³
647 808 760 843 desiderium

57 863 138 898 lauachri
155 864 240 899 salutaris
254 864 305 908 genti
324 864 535 907 Northanhumbrorum,
547 869 567 897 vt
582 863 662 908 quodam
676 867 761 906 ternpore

59 915 147 951 Paulinus
154 917 232 952 veniens
239 928 281 952 cum
289 928 334 962 rege
344 923 362 953 et
372 918 436 964 regina
443 919 462 953 in
470 917 532 953 villam
540 916 609 962 regiam
617 925 654 962 que
660 914 761 950 vocabatur

58 970 173 1014 augebam,
181 972 255 1015 triginta
265 983 299 1006 sex
308 972 374 1007 diebus
384 972 452 1007 ibidem
460 983 502 1006 cum
513 971 540 1006 eis
550 969 675 1005 cathezizandi
687 974 705 1003 et
715 970 760 1011 bap·
770 978 788 1008 15

58 1023 127 1056 tizandi
134 1023 194 1057 officio
202 1025 275 1059 deditus
281 1030 388 1068 moraretur,
393 1025 466 1071 illisque
472 1024 537 1060 diebus
545 1022 615 1059 cunctis
623 1032 634 1058 a
641 1032 696 1058 mane
701 1031 761 1066 usque

58 1076 82 1110 ad
93 1087 190 1121 vesperam
203 1077 249 1111 nihil
261 1078 311 1112 aliud
323 1084 387 1122 ageret
397 1090 453 1123 quarn
464 1078 589 1113 confluentem
600 1076 642 1111 illue
654 1077 678 1110 de
689 1074 760 1109 cunctis

58 1129 123 1163 viculis
136 1140 157 1163 ac
171 1130 216 1163 iocis
230 1130 304 1173 plebem
319 1131 388 1164 Christi
401 1132 459 1165 verbo
474 1130 538 1165 salutis
552 1130 649 1171 instruere,
662 1133 717 1172 atque
731 1127 760 1161 in·

59 1186 148 1217 structam
160 1182 179 1216 in
190 1182 247 1217 fluuio
259 1183 311 1218 Gleni
318 1183 329 1228 ³,
341 1186 372 1230 qui
384 1184 480 1230 proximus
491 1188 536 1226 erat,
547 1182 634 1219 lauachro
645 1179 761 1217 remissionis

59 1235 138 1271 abluere.
161 1237 202 1271 Hec
209 1237 252 1272 villa
263 1243 347 1282 tempore
358 1239 474 1283 sequentium
486 1248 551 1282 regum
563 1237 642 1278 deserta,
650 1240 668 1269 et
679 1235 715 1269 alia
725 1244 761 1278 pro
770 1245 790 1267 ao

59 1288 90 1323 illa
100 1295 128 1323 est
138 1290 185 1324 sacta
194 1291 213 1324 in
222 1290 263 1324 loco
271 1290 302 1334 qui
309 1296 385 1325 vocatur
397 1291 485 1326 Melmin:
498 1297 517 1325 et
528 1291 583 1325 estin
591 1289 686 1334 prouincia
696 1287 762 1323 Bemi·

60 1342 135 1376 ciorum.
158 1343 196 1377 Sed
204 1349 223 1377 et
232 1344 251 1377 in
259 1344 354 1388 prouincia
362 1344 466 1385 Deirorum,
473 1344 504 1379 vbi
513 1344 577 1387 sepius
584 1352 660 1377 manere
668 1351 710 1375 cum
718 1350 762 1383 rege

60 1395 135 1437 solebat,
143 1395 247 1439 baptizabat
258 1396 277 1429 in
288 1396 345 1430 fluuio
356 1396 441 1437 Sivalwa,
452 1396 471 1429 id
483 1400 511 1430 est
521 1395 587 1436 Sinala,
595 1394 627 1439 qui
636 1393 698 1428 vicum
709 1393 762 1427 Cata-

60 1446 183 1482 ractamt—id
200 1452 229 1483 est
245 1447 451 1494 Keterik—preteriluit.
474 1449 561 1483 Nondum
577 1448 627 1483 enim
643 1446 721 1482 oratoria
733 1446 762 1481 vel

61 1499 167 1545 baptisteria
179 1500 199 1536 in
210 1500 252 1546 ipso
264 1502 340 1537 exordio
352 1502 445 1538 nascentis
457 1503 482 1537 ibi
495 1502 572 1537 ecclesie
581 1507 665 1547 poterant
676 1500 763 1536 edificari.
772 1512 791 1544 ²5

61 1554 149 1588 Attamen
157 1554 176 1588 in
185 1554 313 1599 Campo-dono
319 1555 330 1598 ⁷,
338 1556 369 1591 vbi
376 1562 419 1591 tuno
427 1556 483 1591 etiam
490 1556 534 1592 villa
541 1556 591 1601 regia
599 1559 643 1595 erat,
651 1554 693 1589 iecit
701 1553 763 1589 basili·

61 1617 109 1651 cam,
121 1618 176 1652 quam
191 1609 310 1652 postmodum
321 1610 388 1654 pagani
400 1610 489 1655 aquibus
504 1620 538 1644 rex
550 1609 637 1644 Oswinus
648 1607 720 1643 occisus
735 1612 764 1642 est

62 1671 103 1695 cum
111 1665 149 1695 tota
156 1662 222 1696 eadem
229 1661 272 1696 villa
280 1663 425 1705 succenderunt3
436 1674 471 1707 pro
478 1674 515 1706 qua
522 1673 576 1706 reges
583 1661 696 1706 posteriores
703 1661 764 1694 secere

62 1712 96 1747 sibi
108 1713 170 1748 villam
185 1713 205 1748 in
219 1714 295 1757 regione
309 1725 345 1759 que
356 1722 433 1750 vocatur
446 1715 527 1751 Loidisfl.
551 1715 614 1750 Euasit
626 1720 687 1750 autem
700 1714 764 1759 ignem

62 1766 124 1807 altare,
135 1766 177 1813 quia
189 1767 282 1813 lapideum
293 1774 336 1811 erat,
345 1770 478 1814 seruaturque⁹
488 1770 508 1804 in
519 1768 631 1804 monasterio
642 1768 692 1813 quod
704 1774 733 1802 est
744 1767 764 1802 in
773 1780 793 1808 ³0

62 1821 109 1854 silua
117 1820 194 1856 Elmete.
240 1814 350 1857 Predicabat
361 1827 423 1857 autem
435 1822 522 1857 Paulinus
532 1823 610 1858 verbum
620 1822 658 1857 vite
669 1821 764 1865 prouincie

63 1873 167 1915 Lindeseie‚
179 1873 317 1920 prefectumque
330 1874 430 1918 Lincolnie,
443 1875 471 1911 cui
484 1886 552 1911 nomen
565 1880 605 1911 erat
619 1874 710 1917 Blecca¹⁰,
722 1884 764 1909 cum

62 1927 117 1961 domo
129 1936 163 1960 sua
172 1927 231 1970 primo
243 1927 333 1961 conuertit
344 1929 368 1962 ad
379 1928 479 1963 dominum,
502 1930 524 1963 In
536 1939 572 1973 qua
583 1928 656 1963 ciuitate
667 1927 764 1962 ecclesiam

62 1978 125 2022 operis
133 1979 203 2024 egregii
210 1980 234 2013 de
242 1979 302 2023 lapide
309 1980 361 2023 iecit3
374 1982 426 2016 cuius
433 1986 481 2016 tecto
488 1982 518 2016 vel
526 1982 580 2026 longa
587 1980 658 2015 incuria
665 1980 694 2015 vel
702 1979 764 2014 hostili

62 2042 118 2066 manu
131 2032 207 2074 deiecto,
219 2033 300 2077 parietes
311 2032 400 2068 hactenus
415 2039 465 2069 stare
477 2034 568 2077 videntur,
581 2039 600 2069 et
613 2034 699 2069 omnibus
711 2032 765 2068 annis
774 2045 792 2077 35

63 2085 123 2130 aliqua
130 2086 229 2121 sanitatum
237 2085 324 2122 miracula
333 2086 352 2122 in
363 2088 428 2123 eodem
439 2088 479 2123 loco
490 2089 550 2124 solent
561 2089 585 2123 ad
592 2087 689 2123 vtilitatem
700 2097 765 2122 eorum

63 2140 94 2183 qui
104 2139 184 2174 fideliter
194 2145 273 2185 querunt
282 2140 359 2175 ostendi.
383 2141 405 2176 In
413 2151 449 2187 qua
459 2141 513 2177 etiam
522 2142 616 2183 Paulinus,
623 2147 732 2177 transeunte
742 2141 765 2175 ad

64 2193 157 2227 Christum
172 2193 228 2234 lusto,
240 2193 345 2229 Houorium
356 2205 390 2239 pro
402 2205 425 2229 eo
436 2195 550 2230 consecrauit
561 2196 674 2240 episcopum.
697 2194 766 2229 Multos

63 2245 141 2289 insuper
151 2245 170 2279 in
182 2245 238 2279 ssuuio
248 2246 317 2281 Trenta
328 2248 351 2282 ad
361 2257 403 2282 eum
415 2248 438 2282 de
449 2247 544 2292 prouincia
554 2247 586 2283 ilia
596 2247 712 2283 confluentes
723 2248 766 2292 bap·

63 2298 129 2334 tizauit.
153 2297 197 2333 Erat
204 2302 266 2333 autem
274 2298 362 2334 Paulinus
369 2300 398 2334 vir
404 2299 416 2320 ¹¹
423 2299 478 2346 longe
489 2306 564 2344 stature,
571 2301 665 2346 paululum
673 2302 765 2344 incuruus,
774 2310 794 2343 4⁰

83 2367 89 2385 ¹
100 2378 130 2399 om.
137 2368 154 2398 in
160 2368 179 2399 T.
231 2367 278 2399 'oua
286 2370 302 2399 in
310 2370 350 2401 Bed.
397 2370 403 2388 ¹
414 2371 432 2402 E.
440 2372 466 2402 ad.
513 2370 519 2390 ⁴
530 2371 550 2402 B.
556 2372 639 2410 Adgeirin,
646 2381 684 2402 now
690 2370 766 2401 Yeverin.

64 2408 83 2438 ln
94 2408 112 2438 T.
123 2408 195 2437 follows:
205 2408 253 2437 modo
263 2409 319 2447 agbrig
328 2410 390 2448 dicitur,
397 2410 425 2441 but
435 2410 481 2441 these
490 2413 545 2441 words
555 2421 582 2441 are
592 2411 657 2441 crossed
667 2415 695 2440 out
705 2411 721 2440 iu
732 2410 765 2440 red.

68 2447 74 2466 ⁵
85 2447 103 2477 E.
111 2447 157 2477 Gieui
161 2448 214 2485 ;=the
221 2448 268 2485 Glen,
275 2458 285 2477 u
292 2449 337 2478 small
344 2449 385 2480 river
391 2451 445 2481 which
451 2451 487 2481 falls
493 2452 527 2481 into
534 2452 562 2481 the
568 2450 604 2481 Tul.
672 2452 678 2470 ⁸
688 2451 706 2482 E.
714 2449 766 2481 ratha-

63 2491 128 2519 ractam.
228 2486 234 2504 ⁷
245 2488 316 2519 eamden
323 2498 401 2527 supposes
407 2490 511 2531 fflmonbury,
519 2491 559 2521 Gale
564 2491 642 2526 Tanheld,
649 2490 669 2520 al.
678 2491 767 2521 Doucaster

65 2527 256 2566 (Archaeologr'alaarl.
318 2528 472 2569 ’AtOswinthorp
535 2529 669 2569 ’queomlnit
725 2529 766 2559 ΝΕ.

63 2566 119 2597 blacta.
159 2568 171 2584 ¹²
181 2575 200 2597 so
206 2567 225 2597 T.
231 2576 236 2606 ς
247 2567 265 2598 Ε.
273 2567 423 2606 longestaturevrr.
