1762 2803
142 137 190 220 320'
287 224 288 227 Ἴ
332 160 652 226 mansionariorum

142 283 242 328 mendacia,
250 282 337 318 inuidiam
345 289 481 328 execrarentur,
489 294 524 319 nec
535 285 595 320 solum
607 284 669 329 [non]¹
678 283 800 327 detraherent,
809 285 842 319 sed

142 347 176 372 nec
182 338 231 372 male
236 338 259 372 de
264 337 348 381 proximo
353 336 499 383 suspicarentur3
507 338 656 383 ex[s]uperarent
661 337 842 383 superbiam,darent

142 390 202 425 locum
210 390 312 432 iirtutibus,
319 395 339 424 vt
347 390 402 424 corda
412 401 446 425 sua
454 392 523 426 munda
534 393 568 426 deo
578 397 698 436 prepararent
709 390 817 434 habitacula.
825 396 843 426 et

142 444 232 487 templum
245 442 320 487 spiritus
333 443 392 478 sancti
404 454 446 479 esse
461 450 581 479 mererentur.
604 444 687 488 Cumque
703 444 737 479 hec
753 449 771 479 et
786 444 843 479 multa

125 496 236 539 sdiseipulis
247 497 357 530 documenta
368 497 455 538 dedisset,
467 498 533 541 plenus
547 497 597 531 omni
609 498 704 532 sanctitate
718 502 736 533 et
751 497 843 533 miraculis

142 548 192 582 celos
199 551 297 591 penetrare
305 548 378 592 meruit,
386 548 445 593 pridie
453 559 511 583 nonas
518 548 568 584 iunii.

164 645 211 688 [MS.
220 645 260 679 Tib.
267 646 324 681 adds:
411 645 525 681 Incidanciff.

164 701 284 744 Cunebertus
305 720 339 743 rex
358 710 520 754 Longobardorum
539 710 583 744 dum
602 713 653 744 stans
672 709 723 744 iuxta
742 709 841 744 fenestram

142 772 215 796 camere
227 772 261 796 sue
272 763 377 797 consiliatus
388 769 438 796 esset
449 773 491 796 cum
502 763 581 806 quodam
594 763 693 795 secretario
706 773 740 796 suo
751 764 843 805 quomodo

143 814 236 847 Aldonem
248 813 326 848 militem
336 813 458 849 interficeret:
474 814 524 848 affuit
537 814 616 858 quedam
630 824 696 858 magna
708 825 776 854 musca,
788 825 843 858 quarn

116 878 135 902 ro
143 868 187 902 dum
195 879 229 901 rex
235 866 318 902 occidere
326 866 386 910 uellet,
393 867 433 901 eius
440 866 556 901 solummodo
563 867 630 910 pedem
635 867 712 901 abscidit
720 877 762 901 cum
770 867 843 901 cultello

143 931 198 965 quent
206 926 248 955 tunc
256 921 396 954 manutenebat.
412 920 487 955 Interim
495 920 544 954 Aldo
552 920 634 965 prefatus
642 920 692 964 regie
700 920 843 955 machinacionis

142 974 222 1017 ignarus,
233 983 299 1006 uersus
311 973 379 1006 curiam
391 972 440 1017 regis
451 973 533 1007 tetendit.
556 973 589 1006 Cui
597 973 673 1007 obuians
683 974 757 1017 quidam
768 974 844 1008 claudus

142 1026 207 1060 baculo
220 1024 279 1067 nixus,
289 1025 315 1059 sic
327 1025 363 1060 ait:
377 1025 437 1059 ‘Caue
447 1025 480 1059 tibi
492 1026 546 1068 Aldo,
557 1026 599 1069 quia
610 1025 626 1060 si
635 1027 658 1059 ad
671 1026 740 1060 curiam
752 1026 802 1070 regis
813 1037 842 1061 ac-

143 1078 227 1121 cesseris
239 1087 294 1112 manu
306 1077 345 1113 eius
356 1078 449 1113 interibis)
471 1078 513 1112 Hoc
524 1078 590 1121 audito,
598 1079 646 1112 Aldo
658 1080 681 1113 ad
691 1079 788 1113 eeclesiam
800 1090 843 1113 con-

116 1146 134 1176 15
142 1132 192 1176 sugit.
215 1132 341 1174 Interrogatus
352 1135 413 1165 autem
421 1141 432 1165 a
440 1140 485 1175 rege
493 1141 525 1165 cur
533 1131 559 1166 sic
566 1132 639 1174 faceret,
647 1131 743 1176 respondit
751 1132 843 1176 quendam

142 1186 227 1219 claudum
243 1184 266 1218 de
279 1189 338 1218 morte
350 1184 412 1228 ipsum
426 1184 542 1220 certificasse.
569 1184 660 1229 Cognouit
671 1184 726 1230 igitur
737 1196 771 1220 rex
782 1185 843 1229 ipsum

143 1237 244 1281 malignum
257 1236 314 1270 fuisse
328 1237 356 1270 cui
370 1235 389 1269 in
401 1236 464 1279 specie
476 1248 540 1270 musce
553 1238 621 1280 pedem
636 1242 759 1280 truncauerat,
773 1239 804 1281 qui
818 1239 843 1272 sie

143 1294 235 1323 secretum
240 1299 294 1321 suum
301 1289 423 1331 denudasset;
435 1289 462 1322 sic
468 1299 541 1332 quoque
547 1289 641 1323 Aidonem
647 1290 717 1334 recepit
721 1291 744 1323 ad
750 1289 843 1334 graciam]

236 1392 251 1429 ii
264 1384 298 1426 DE
309 1401 380 1426 SANCTO
392 1384 468 1425 Plnnrto
480 1401 567 1425 EPISCOPO
579 1402 602 1425 ΕΤ
612 1392 747 1427 ΕΟΝΈΕΞΞΟΚΕΒ.

180 1455 237 1490 Eatus
252 1460 314 1489 autem
330 1454 407 1490 Piranus
422 1454 454 1499 qui
468 1465 479 1489 a
494 1455 603 1499 quibusdam
619 1454 716 1489 Keranus¹
729 1459 810 1498 vocatur,
824 1455 843 1489 in

117 1525 136 1546 20
202 1508 294 1543 Cornubia
308 1508 339 1542 vbi
354 1507 431 1552 quiescit
446 1507 524 1542 Pisanus
540 1508 648 1552 appellatur.
670 1508 700 1543 De
714 1508 779 1552 primis
794 1510 844 1543 enim

144 1561 235 1595 Hibernie
245 1560 319 1601 sanctis,
327 1560 387 1593 floruit
395 1571 417 1592 eo
425 1565 508 1602 ternpore
516 1570 552 1602 quo
560 1561 625 1593 heatus
633 1560 723 1594 Patricius
734 1573 744 1595 a
752 1561 844 1595 Celestino

144 1623 192 1657 papa
207 1612 275 1647 missus
291 1612 378 1656 populum
395 1611 485 1646 Hibernie
500 1611 524 1645 ad
539 1611 634 1646 dominum
649 1612 743 1647 conuertit.
766 1613 844 1647 Piranus

143 1667 205 1711 itaque
220 1664 315 1700 ossiriensi
329 1665 420 1700 Hibernie
435 1665 535 1709 prouincia,
546 1675 570 1699 ex
585 1670 637 1709 patre
651 1665 741 1700 Domuel⁶
753 1672 771 1700 et
785 1671 844 1700 matre

143 1718 248 1764 Wingelia⁶
260 1719 349 1762 originem
360 1718 420 1752 traxit.
443 1718 542 1762 Postquam
556 1723 616 1752 autem
628 1728 675 1763 puer
687 1719 706 1753 in
717 1724 769 1753 vtero
781 1719 844 1753 matris

117 1788 135 1818 ²5
144 1773 180 1806 iam
188 1776 288 1814 conceptus
300 1778 355 1813 esset,
363 1773 442 1815 quadam
454 1776 507 1804 nocte
519 1776 578 1805 mater
589 1771 629 1805 eius
640 1770 659 1805 in
671 1771 736 1805 lectulo
747 1772 844 1816 quiescens

143 1825 196 1869 quasi
207 1824 279 1858 stellam
287 1823 327 1857 aliis
337 1823 433 1857 clariorem
443 1823 463 1856 in
473 1833 494 1857 os
505 1833 559 1857 suum
569 1825 665 1857 cadentem
673 1824 723 1858 vidit.
746 1825 793 1858 Nato
800 1836 845 1858 vero

143 1877 238 1919 infantulo,
246 1882 264 1911 et
272 1877 354 1919 educato,
363 1877 386 1911 ad
396 1876 475 1911 insulam
485 1876 560 1910 nomine
568 1876 641 1910 Cleram
651 1876 732 1919 accessit,
741 1882 760 1911 et
770 1877 845 1921 triginta

143 1932 196 1966 annis
204 1932 223 1965 iu
231 1941 297 1975 magna
305 1929 414 1965 abstinentia
422 1935 440 1964 et
447 1929 534 1974 operibus
542 1929 611 1964 sanctis
617 1930 652 1965 deo
660 1929 741 1965 seruiuit.
760 1931 844 1973 Quadam

142 1985 204 2030 itaque
217 1984 247 2019 die
263 1983 353 2028 accipiter,
366 1994 402 2029 que
414 1988 432 2019 et
447 1983 499 2018 nisus
511 1983 582 2026 dicitur,
593 1994 635 2017 curn
647 1983 717 2028 impetu
728 1984 844 2018 descendens

116 2055 136 2085 30
143 2050 197 2074 auem
205 2038 298 2084 quandam
308 2049 365 2082 super
374 2038 437 2072 nidum
448 2037 545 2072 cubantem
556 2047 618 2072 coram
627 2036 694 2072 Pirano
701 2037 774 2081 ungulis
784 2037 845 2081 rapuit

143 2098 162 2126 et
175 2093 194 2125 in
206 2102 249 2125 aera
262 2091 368 2134 asportauit.
391 2091 432 2132 Quo
443 2090 489 2132 viso,
501 2101 542 2124 eam
553 2091 659 2125 benedixit:
676 2096 694 2125 et
707 2091 769 2125 statim
781 2102 792 2125 a
804 2090 845 2125 niso

143 2143 225 2182 dimissa,
231 2152 287 2186 super
295 2143 358 2176 nidum
366 2152 420 2176 suum
427 2144 493 2176 cubare
501 2141 555 2186 cepit.
575 2142 654 2175 Demum
660 2143 740 2176 Romam
746 2144 844 2185 profectus,

144 2198 244 2241 scripturas
256 2201 328 2230 sanctas
338 2195 401 2240 legens
412 2201 430 2229 et
440 2194 583 2229 ecclesiasticam
591 2194 673 2238 regulam
682 2194 783 2238 di[s]cens⁷
792 2193 845 2240 quin-

144 2249 215 2285 decim³
222 2249 275 2283 annis
283 2249 351 2283 ibidem
359 2250 432 2291 mansit,
441 2254 459 2283 et
469 2249 548 2292 gradum
559 2247 682 2293 episcopalem
695 2247 781 2293 suscepit.
805 2247 844 2282 iilis

117 2318 136 2349 55
144 2303 209 2337 diebus
217 2302 250 2335 fuit
258 2301 277 2335 in
285 2302 337 2335 Italia
345 2307 419 2336 sanctus
428 2302 458 2336 iiie
466 2311 545 2345 magnus
555 2301 654 2344 Patricius;
667 2302 698 2345 qui
708 2301 773 2346 spiritu
781 2306 845 2336 sancto

144 2358 220 2390 edoctus
228 2355 281 2387 beato
290 2354 356 2387 Pirano
368 2354 404 2387 ait:
417 2353 503 2387 ‘Festina
514 2358 558 2387 ante
569 2364 604 2396 me,
613 2354 639 2388 fiii
647 2354 718 2396 dilecte,
726 2360 745 2389 et
755 2355 773 2389 in
784 2353 845 2389 medio

144 2408 204 2444 insule
210 2416 266 2451 super
270 2406 329 2451 ripam
338 2406 494 2440 ssuminisWaran
500 2406 506 2424 ⁹
513 2406 546 2439 tibi
552 2406 612 2440 locum
618 2411 704 2441 construe
711 2419 715 2441 ι
726 2407 787 2450 placet
794 2406 845 2441 enim

164 2488 170 2505 ¹
180 2498 211 2517 om.
220 2487 236 2516 in
244 2486 261 2516 Ε.
309 2485 315 2504 ²
326 2486 348 2516 Cf.
356 2485 400 2515 Pauli
407 2486 451 2516 Diac.
458 2485 501 2516 Gest.
510 2485 560 2523 Long.
568 2485 588 2517 vi.
595 2487 610 2517 6.
662 2486 668 2504 ³
679 2486 703 2518 Cf.
711 2486 747 2516 Vita
755 2486 771 2517 S.
780 2486 845 2516 Kiarani

144 2528 239 2565 Sagirensis,
247 2536 268 2556 ex
275 2526 314 2555 libro
322 2526 432 2556 Kilkeuniensi
440 2526 488 2555 edin
496 2525 556 2563 Colgan
563 2535 573 2564 5
580 2527 635 2556 March
643 2527 655 2557 1.
660 2528 694 2564 458,
703 2536 724 2557 ex
731 2527 761 2557 Ms.
766 2527 845 2557 Salmatie.

144 2566 380 2598 ed.inSmethct.SS.Hib.
428 2563 554 2596 traxeramus.
602 2566 761 2604 *cotgiuygneus
811 2566 844 2595 ΜΣ,

144 2608 214 2637 Liadain.
256 2605 359 2638 ⁷E.dicens.
418 2605 548 2644 ‘Colpvigintt
609 2605 671 2645 ῦ0013,
679 2606 744 2638 Fuaran.
