1762 2803
65 114 77 134 1.
87 103 128 131 Text
136 101 151 129 in
159 93 186 137 El
270 89 316 144 Db
331 88 433 141 &mitid
450 88 554 143 ttttula.
717 102 762 147 475

64 211 162 258 Sapientia,
170 209 205 246 alia
213 210 289 253 Serena,
294 208 348 245 tertia
356 208 427 244 Eulalia
433 209 537 245 vocabatur.
553 208 610 244 Beata
617 220 661 244 sane
670 208 764 254 Sapientia

63 277 119 312 super
130 265 178 299 mille
186 264 267 309 virgines
279 264 403 309 magisterium
414 264 496 297 habebat.
520 263 604 307 Denique
616 263 653 297 dux
666 263 764 297 Helindius

64 316 764 362 filiumetiamhabuitprobumiuuenemHelindiumnomine,devxore[sua]

64 384 99 418 que
107 371 179 416 Malcha
185 376 213 404 est
220 371 332 415 ap[p]ellata,
338 376 356 404 et
365 370 402 404 filia
410 376 449 404 erat
455 370 563 404 nobilissimi
570 370 659 414 principis
666 370 765 403 cuiusdam.

64 427 113 460 Sane
120 434 167 457 vxor
177 423 254 456 iunioris
266 423 354 464 Helindii‚
362 423 433 456 illorum
445 422 482 464 filii,
490 422 546 455 Anna
556 423 664 456 vocabatur:
677 422 707 465 qui
719 422 765 454 duas
774 432 783 462 5

64 479 82 513 in
89 478 153 512 eodem
160 476 245 511 comitatu
253 476 300 510 filias
306 476 403 518 habebant,
409 475 528 520 quarum'vna
536 475 590 519 Spes,
598 475 630 519 [et]
637 475 694 509 altera
701 473 766 507 Euiro-

64 531 103 565 sina
121 529 220 563 dicebatur.
248 528 323 573 iosippa
341 528 436 573 siquidem,
452 528 524 562 iliorum
540 528 616 562 fratrum
635 538 687 562 soror
702 527 766 571 prima,

64 583 148 618 maritum
162 582 240 616 habebat
253 582 363 625 Eusebium,
375 587 393 616 et
405 582 435 616 hic
446 581 479 616 suit
490 582 528 615 dux
540 581 611 624 nobilis,
623 586 641 615 et
652 586 690 615 tres
701 581 719 614 in
731 580 766 614 hoc

66 643 105 671 cetu
119 641 182 670 sancto
196 637 258 670 habuit
271 636 323 677 filias,
337 646 414 679 quarum
425 647 462 670 vna
476 635 581 669 Eleutheria
595 635 643 669 dicta
655 640 689 676 est,
700 640 718 668 et
732 634 767 668 alia

66 687 147 731 iosippa3
167 688 220 721 tertia
235 699 279 721 vero
299 687 388 727 Nestoria,
404 699 440 731 que
455 688 479 721 de
497 687 532 721 alia
546 698 605 721 vxore
623 691 718 731 procreata
733 691 767 720 est.
776 696 795 718 10

66 741 169 776 Eleutheria
183 752 251 785 nempe
266 747 308 786 post
321 748 403 775 sanctam
413 741 506 783 Vrsulam,
520 740 619 774 Pinnosam
631 746 649 774 et
663 739 767 781 Cordulam,

66 805 121 839 super
134 805 200 829 omnes
213 794 294 839 virgines
307 800 335 829 est
349 795 447 829 constituta
460 795 552 839 magistra.
576 794 620 828 Post
635 792 701 838 quam¹
713 793 767 827 beata

67 848 157 882 Florentia
173 847 241 892 prefuit
255 847 352 891 uniuersis,
366 859 402 892 que
415 848 452 882 filia
465 847 515 892 regis
530 848 589 882 extitit
602 847 697 881 cuiusdam
711 846 767 880 incliti

65 902 95 944 qui
103 902 162 935 dictus
170 906 198 934 est
206 901 374 944 Egidius,vxorque
382 901 430 935 illius
439 901 512 935 Helena
519 902 621 935 vocabatur.
640 900 676 934 Hic
684 899 768 943 quidem¹

66 963 109 987 sane
121 963 154 986 rex
166 952 286 987 consobrinus
299 958 338 986 erat
349 952 398 996 regis
408 953 461 986 beate
470 952 538 986 Vrsule
549 952 613 996 patris.
633 951 701 985 Sancta
712 951 794 995 siqui-15

66 1008 107 1040 dem
123 1005 215 1040 Florentia
231 1006 291 1051 Egidii
306 1006 355 1050 regis
370 1006 413 1050 filia,
426 1017 508 1040 sororem
524 1017 587 1040 secum
601 1005 679 1040 habebat
693 1004 767 1039 nomine

67 1060 182 1102 Placentiam,
190 1071 256 1104 magne
266 1060 338 1094 virtutis
345 1060 434 1104 virginem
442 1060 495 1094 valde
505 1060 596 1094 illustrem
608 1065 626 1094 et
637 1059 723 1101 inclitam,
731 1070 767 1103 que

66 1124 99 1157 pre
108 1124 180 1147 morum
190 1124 265 1147 suorum
273 1114 339 1148 virtute
347 1113 439 1157 animique
450 1113 552 1157 sapientia³
560 1118 578 1147 et
584 1113 674 1147 suauitate
682 1117 719 1146 tam
731 1112 767 1146 deo

66 1166 119 1199 chara
126 1165 185 1199 extitit
193 1171 211 1200 et
218 1166 302 1200 amabilis
310 1177 364 1209 quam
373 1166 477 1199 hominibus
485 1165 641 1200 commendabilis.
664 1165 704 1207 Que
712 1165 767 1199 ambe

66 1218 193 1252 illustrissimis
209 1220 282 1253 suerunt
297 1220 409 1263 desponsate
424 1219 521 1252 iuuenibus
536 1219 565 1252 et⁴
579 1219 657 1252 multum
671 1217 766 1251 nobilibus.
776 1232 796 1252 zo

67 1271 123 1304 Porro
135 1282 215 1315 sponsus
226 1272 303 1316 virginis
317 1271 414 1312 Placentie,
425 1271 533 1305 nobilissimi
545 1271 640 1305 cuiusdam
654 1271 705 1304 ducis
719 1270 767 1304 filius

68 1324 140 1358 nomine
157 1324 246 1367 Florinus,
259 1325 318 1370 ipsius
327 1336 390 1359 amore
403 1324 474 1359 illectus
489 1336 531 1359 eum
545 1336 567 1359 ea
581 1325 647 1359 ceteris
660 1323 768 1358 adiunctus¹¹

67 1377 192 1420 proficiscitur.
215 1378 272 1412 Porro
284 1388 369 1412 sororum
381 1378 504 1421 predictarum
515 1378 572 1411 altera
584 1377 700 1411 Chelindris¹
711 1376 768 1411 filiam

67 1440 137 1474 quoque
149 1430 197 1465 inter
205 1437 279 1467 ,ceteras
289 1430 351 1465 habuit
364 1430 461 1465 Placidam.
483 1430 546 1465 Tertia
555 1441 600 1465 vero
611 1429 681 1464 Eulalia
692 1435 769 1474 sequuta

67 1489 94 1517 est
101 1483 182 1528 virgines
194 1490 271 1527 sanctas,
280 1485 357 1519 exulans
369 1490 387 1518 et
395 1484 436 1528 ipsa
444 1495 478 1528 pro
487 1483 565 1519 Christo.
589 1484 640 1518 lnter
651 1484 692 1518 illas
703 1483 768 1517 nihilo-
778 1498 796 1528 ²5

67 1536 126 1570 minus
134 1537 186 1581 virgo
194 1538 272 1581 quedam
284 1537 343 1571 extitit
354 1537 430 1570 illustris
442 1537 517 1571 nomine
526 1537 648 1578 Chelindris⁷,
657 1537 693 1570 filia
701 1541 769 1570 mater-

67 1593 105 1623 tere
120 1589 168 1634 regis
183 1589 259 1635 virginis
270 1589 337 1624 Vrsule
351 1589 420 1634 patris:
437 1594 455 1624 et
467 1589 501 1624 hec
513 1589 563 1624 mille
577 1595 650 1634 preerat
661 1588 769 1634 virginibus.

67 1640 122 1676 Cuius
135 1655 187 1677 soror
197 1645 245 1678 dicta
256 1650 284 1677 est
295 1643 376 1687 Virgilia,
388 1654 430 1677 curn
442 1654 464 1677 ea
475 1643 494 1677 in
506 1644 572 1677 eodem
584 1645 666 1677 existens
679 1642 769 1677 comitatu.

67 1694 145 1730 Cordula
158 1697 249 1741 siquidem
261 1698 313 1741 virgo
328 1696 450 1731 illustrissima
464 1696 516 1730 cuius
532 1696 568 1730 iam
584 1706 641 1741 supra
656 1695 768 1730 mentionem

67 1746 147 1790 lecimus,
159 1750 197 1783 filia
209 1749 327 1783 illustrissimi
340 1749 374 1782 suit
389 1749 460 1782 comitis
472 1749 504 1792 qui
516 1749 619 1792 appellatus
632 1754 661 1782 est
675 1749 769 1790 Quirinus,
777 1764 797 1793 30

66 1809 147 1843 vxorque
158 1802 207 1835 illius
217 1802 301 1845 Adwigis
310 1801 357 1834 dicta
367 1806 401 1842 est,
408 1811 444 1844 que
454 1800 490 1834 filia
502 1801 534 1834 suit
543 1801 639 1834 ilarderici
650 1800 769 1834 illustrissimi

68 1851 147 1889 Comitis,
171 1855 293 1900 Mortuoque¹
307 1855 388 1897 Quirino,
402 1854 454 1888 duxit
469 1864 510 1888 eam
524 1854 624 1889 Helindius
637 1855 694 1888 frater
708 1854 770 1898 regis¹

67 1911 140 1948 patruus
152 1908 205 1943 beate
213 1908 280 1943 Vrsule
292 1908 311 1942 in
319 1918 400 1942 uxorem.
423 1907 536 1941 Hardericus
544 1918 588 1941 vero
596 1918 664 1948 comes,
672 1907 701 1941 vir
711 1907 769 1940 multe

67 1959 165 2003 probitatis,
173 1962 274 1996 auunculus
280 1962 293 1981 ¹⁰
301 1966 340 1996 erat
348 1961 378 2006 pie
388 1961 452 2004 regine
462 1961 526 1994 matris
533 1960 600 1995 Vrsule
607 1960 690 2005 virginis.
712 1960 769 1994 Cuius

67 2021 111 2046 vxor
119 2013 186 2050 Vrsula
198 2015 297 2058 dicebatur,
308 2020 327 2050 et
338 2020 377 2050 erat
387 2014 411 2049 de
422 2013 481 2048 Dania
492 2013 600 2048 nobilissimi
611 2013 706 2049 cuiusdam
717 2013 768 2060 prin·
777 2026 796 2058 ³5

67 2064 112 2107 cipis
123 2068 160 2100 filia
171 2070 194 2102 de
207 2069 264 2111 regali
275 2069 366 2111 prosapia,
379 2068 410 2111 qui
422 2068 496 2110 proprio
510 2067 584 2100 nomine
597 2067 650 2100 Ebbo
665 2068 724 2101 dictus
735 2074 769 2102 est.

68 2114 117 2152 Duas
128 2119 190 2165 itaque
202 2121 249 2156 filias
256 2120 337 2166 virgines
347 2119 478 2154 illustrissimas
489 2118 507 2153 in
516 2119 550 2153 hoc
559 2125 600 2154 cetu
610 2130 663 2154 sacro
671 2120 770 2164 habebant,

68 2168 156 2207 lulianam
161 2174 172 2194 ¹¹
180 2179 199 2208 et
208 2174 304 2216 Ebbinam,
312 2185 378 2218 magne
386 2173 456 2208 virtutis
464 2178 482 2207 et
490 2173 592 2208 honestatis
598 2174 610 2194 ¹¹
618 2174 730 2209 domicelias.

103 2246 118 2281 il
126 2246 180 2288 Quod
188 2258 251 2281 comes
259 2247 333 2292 quidam
340 2258 382 2281 eum
389 2257 448 2281 vxore
455 2251 474 2280 et
481 2257 516 2280 sex
524 2246 595 2281 filiabus
603 2247 696 2292 proiectus
704 2253 733 2282 est

304 2311 346 2335 cum
353 2300 455 2345 virginibus
462 2300 526 2334 sacris.

89 2351 149 2395 Beata
162 2362 224 2405 Lucia,
231 2364 283 2408 virgo
294 2363 437 2408 prudentissima
450 2368 468 2398 et
480 2363 554 2397 illustris
566 2373 635 2407 genere
647 2374 668 2398 ac
680 2364 768 2408 moribus,

67 2418 142 2456 cognata
150 2414 183 2450 suit
191 2422 254 2452 sancte
262 2416 347 2461 Cordule,
357 2422 376 2452 et
388 2417 422 2452 hec
433 2427 497 2452 secum
509 2416 588 2452 habebat
600 2428 682 2452 sororem
694 2418 769 2454 nomine
777 2429 798 2460 40

89 2476 140 2521 ¹¹13.
148 2485 240 2519 posteaque.
280 2482 371 2512 ¹B.idem.
418 2482 454 2511 ²B.
462 2482 555 2512 constantia.
596 2481 643 2511 ⁴om.
650 2482 666 2511 in
675 2482 693 2512 B.
733 2482 768 2513 ’Β

67 2514 149 2559 adiunctis.
189 2521 327 2552 ⁶B.Thelindris.
367 2521 493 2552 ¹B.Celindris.
527 2521 692 2559 'Bidortuoitaque¹
732 2522 769 2555 ⁰B.

67 2561 104 2586 0¹⁰⁵·
156 2558 167 2577 ¹¹¹
177 2559 276 2593 Eamiculus.
317 2561 328 2580 ¹¹
339 2561 357 2591 B.
365 2561 425 2593 Iuliam,
465 2561 476 2580 ¹¹
486 2561 505 2592 B.
512 2561 598 2600 probitatis.
