1762 2803
103 148 105 153 '
153 149 198 198 604
419 143 542 203 aromate
559 145 591 189 11.

153 272 239 308 venerant,
248 265 291 300 sicut
303 276 333 309 per
343 266 396 300 frusta
404 265 435 299 sibi
444 265 501 309 partiti
511 271 550 299 sunt
561 264 646 301 frustatim
656 265 712 308 palam
724 275 763 299 cum
776 264 853 310 indigna.

154 316 202 349 cione
210 317 297 350 miserunt.
321 317 360 349 Hiis
372 317 429 358 itaque
440 316 530 359 perceptis,
538 316 630 359 episcopus
637 316 760 358 aliquantulum
769 325 853 359 permotus

154 372 184 406 est,
198 366 260 400 tacitus
274 373 332 400 tamen
347 378 383 400 rem
398 367 499 408 perferebat,
513 367 601 399 conferens
615 367 632 400 in
647 366 699 399 corde
712 376 749 406 suo,
763 367 807 399 sicut
819 377 853 403 erat

154 417 292 457 pacientissimris
305 423 322 448 et
335 417 353 448 in
365 417 411 448 omni
424 417 524 458 operacione
536 427 567 448 sua
578 416 732 448 mansuetissimus.
754 418 820 449 Tamen
834 421 854 452 de

137 474 145 502 5
154 465 257 498 excellencia
267 465 299 498 loci
311 471 328 498 et
338 465 430 498 sanctitate
442 465 516 498 martiris
527 465 590 498 Christi
600 465 688 498 Edmundi
696 471 713 498 et
722 465 811 508 presencia
819 477 854 501 cor-

154 514 199 557 poris
215 515 259 549 illius
274 515 373 558 incorrupti,
389 516 454 558 absque
469 516 562 550 venerabili
578 518 624 549 cultu
640 516 727 557 religionis
746 517 771 549 sie
785 516 854 553 'diucius

154 565 269 606 permanentis
276 564 287 607 ¹,
298 577 333 598 non
345 567 406 599 leuiter
417 566 436 598 in
444 566 519 608 seipsum
527 573 622 599 commotus
631 572 663 599 est.
683 566 735 598 Vnde
743 577 778 598 non
786 567 854 610 quieuit,

154 625 187 647 nec
201 615 271 657 spiritus
285 616 321 649 eius
336 616 413 658 requiem
426 616 491 657 habuit,
504 617 559 649 donec
574 616 606 649 hec
621 614 678 649 onmia
690 617 787 648 venerande
799 618 855 658 regine

155 672 245 707 peroraret,
254 671 271 697 et
282 667 329 708 quod
341 666 429 708 aptissime
441 667 476 699 fieri
489 673 546 709 posset
558 672 616 699 tantus
627 667 674 698 locus
685 676 716 706 pro
725 666 780 699 salute
788 667 832 708 regis
840 676 855 702 et

130 726 146 747 ro
155 714 263 757 com[m]odo
269 716 328 757 patrie,
335 723 352 748 et
359 727 389 758 pro
395 717 438 748 tanti
444 717 518 749 martiris
524 715 612 748 excellenti
619 714 708 748 sanctitate
714 721 731 748 et
737 715 855 751 miraculorum

155 765 253 807 frequencia
261 776 294 808 que
302 766 319 798 in
327 767 387 798 eodem
396 766 433 798 loco
442 767 505 799 fiebant
513 765 635 808 creber[r]i1ne,
644 767 691 798 locus
702 766 769 798 dicatus
781 766 855 808 religioni

155 821 172 848 et
181 816 252 848 seruicio
261 816 330 848 Christi.
348 817 411 858 Sicque
418 817 440 848 de
447 816 480 849 hiis
488 817 566 858 preuenit
573 816 688 848 venerabilem
696 816 772 857 reginam
780 816 798 848 in
805 817 856 850 bene-

157 864 263 897 diccionibus
269 866 363 897 dulcedinis
371 876 374 905 ;
387 871 403 897 et
412 871 471 906 postea
479 866 585 907 propositum
593 876 643 898 suum
650 865 685 906 regi
692 867 759 898 Canuto
768 868 855 907 perorabit,

156 912 225 946 adiutus
240 914 379 956 suggestionibus
395 914 459 957 regine,
474 921 491 947 et
506 914 628 947 beneuolencia
647 925 667 946 ac
686 914 778 957 diligencia
792 916 856 950 comitis

130 975 147 1004 15
156 964 228 996 Turkilli
237 965 253 997 in
262 965 310 996 cuius
317 965 384 998 dicione
392 966 439 997 locus
447 966 474 998 ille
482 966 567 998 fundatur.
585 967 623 998 Rex
631 970 693 1006 autem,
701 975 751 1008 super
758 966 792 998 hoc
799 965 856 999 habito

156 1024 195 1047 cum
203 1014 238 1046 suis
246 1025 329 1055 sermone,
338 1021 466 1058 conuocatoque
475 1015 545 1049 consilio
555 1015 726 1058 archiepiscoporum,
734 1016 856 1058 episcoporum,

156 1064 244 1106 abbatum,
253 1064 332 1106 priorum,
341 1065 422 1097 comitum
433 1071 484 1107 atque
494 1067 578 1098 baronum
589 1065 644 1098 tocius
653 1065 719 1106 Anglie,
728 1065 804 1107 precepit
812 1072 829 1099 vt
841 1067 857 1099 in

157 1114 235 1156 predicta
242 1114 314 1147 basilica
322 1115 382 1147 fierent
390 1115 475 1155 monaehi,
484 1116 512 1157 qui
521 1115 549 1146 die
557 1122 642 1156 noctuque
652 1114 716 1146 ibidem
729 1116 761 1147 deo
773 1121 790 1147 et
801 1122 857 1148 sancte

158 1163 213 1196 blarie
225 1163 308 1197 seruirent
319 1165 387 1197 deuote.
411 1164 479 1197 Deinde
490 1164 556 1206 prelato
568 1164 648 1206 episcopo
660 1164 760 1205 elmanensi,
769 1163 797 1206 qui
809 1164 857 1197 huius

131 1226 149 1248 20
157 1214 274 1248 innouacionis
282 1221 333 1256 caput
342 1215 420 1248 extiterat
426 1221 443 1249 et
449 1226 506 1255 eausa,
515 1214 581 1256 negocii
588 1214 686 1257 perficiendi
692 1225 762 1248 causam
769 1214 857 1256 delegauit.

159 1264 193 1297 Hic
201 1264 252 1306 igitur
259 1264 312 1307 ipsius
320 1265 365 1306 regis
373 1265 473 1298 auctoritate
484 1272 501 1299 et
511 1271 597 1308 precepto,
606 1271 622 1298 et
630 1265 702 1298 Turkilli
714 1265 781 1298 comitis
793 1265 857 1306 auxilio,

158 1315 223 1348 clericis
230 1315 281 1348 motis
290 1321 306 1348 et
313 1316 353 1348 alibi
362 1315 463 1356 constitutis,
472 1316 555 1359 quosdam
567 1316 588 1348 de
601 1316 667 1349 Hulmo
678 1315 732 1348 sancti
742 1314 835 1355 Benedicti,
843 1321 858 1348 et

158 1366 242 1407 quosdam
250 1365 272 1397 de
279 1366 352 1397 ecelesia
358 1366 417 1398 eliensi
425 1367 519 1398 monachos
527 1366 550 1398 ibi
556 1366 651 1405 collocauit,
658 1376 703 1397 anno
712 1366 734 1397 ab
742 1359 859 1398 incarnacione

159 1415 224 1447 domini
232 1418 292 1456 iaxx0,
301 1421 318 1448 et
326 1426 336 1447 a
344 1415 423 1458 passione
432 1416 486 1449 sancti
495 1415 583 1449 Edmundi
591 1415 622 1448 01⁰.
645 1415 755 1448 Excrom'cir
761 1416 782 1448 de
789 1414 858 1447 Halata

133 1476 150 1506 25
160 1465 226 1498 Placuit
236 1464 282 1498 enim
290 1465 366 1507 predicto
374 1464 409 1506 regi
418 1470 436 1498 vt
444 1465 545 1499 deecclesia
555 1466 601 1498 beati
610 1464 698 1498 Benedicti
709 1465 731 1497 de
743 1465 809 1497 Hulmo
817 1464 859 1496 auti-

159 1515 216 1559 quitus
224 1515 317 1549 constituta
324 1527 364 1558 pars
375 1515 447 1548 dimidia
456 1516 528 1549 fratrum
535 1516 558 1548 ad
566 1515 656 1548 ecclesiam
664 1514 793 1547 beodricensem
801 1513 858 1556 dirige·

160 1573 210 1599 retur.
233 1568 260 1598 Ea
268 1577 308 1598 vero
319 1572 421 1608 tempestate
432 1566 469 1608 xmrj
482 1566 561 1599 monachi
574 1565 604 1598 viri
616 1565 690 1604 religiosi
703 1571 720 1597 et
731 1566 776 1597 bone
787 1565 832 1596 same
843 1564 859 1595 in

160 1617 232 1649 ecclesia
240 1618 262 1648 de
270 1617 335 1648 Hulmo
342 1618 375 1648 deo
383 1621 400 1647 et
408 1622 467 1648 sancto
474 1616 567 1649 Benedicto
575 1616 706 1648 famulabantur.
719 1616 746 1647 De
753 1615 781 1647 illa
787 1624 860 1655 namque

160 1672 208 1709 parte
214 1666 285 1698 dimidia
290 1666 360 1698 fratrum
367 1667 389 1698 ad
396 1666 560 1699 Beodricesuuorthe
565 1665 634 1706 directa,
640 1664 664 1697 vir
672 1665 747 1707 prudens
755 1670 772 1698 et
782 1664 860 1696 honestus

133 1726 152 1755 50
160 1716 214 1750 Vuius
223 1722 264 1756 erat,
273 1716 301 1757 qui
310 1716 327 1749 in
336 1715 410 1749 ecclesia
417 1716 463 1749 beati
471 1716 560 1750 Benedicti
568 1716 643 1749 officium
651 1715 735 1756 prioratus
744 1715 811 1757 agebat,
820 1719 836 1747 et
844 1713 860 1746 in

160 1766 232 1799 ecclesia
241 1765 295 1799 sancti
305 1765 393 1799 Edmundi
401 1766 448 1808 apud
457 1766 621 1799 Beodricesuuorthe
629 1764 684 1798 abbas
691 1764 746 1798 extitit
758 1764 833 1808 primus3
844 1769 860 1795 et

161 1827 200 1849 cum
213 1827 234 1849 eo
245 1816 288 1849 alius
298 1817 350 1848 frater
361 1817 463 1849 Leoistanus
475 1816 549 1855 nomine,
560 1816 589 1857 qui
602 1816 618 1848 in
632 1816 693 1848 eodem
705 1816 743 1848 loco
756 1821 795 1856 post
807 1814 860 1855 ipsum

160 1866 214 1899 abbas
223 1866 292 1898 eftectus
301 1871 326 1898 est
334 1865 425 1898 secundus.
449 1867 487 1898 Hec
495 1872 553 1898 autem
561 1872 601 1898 sunt
608 1864 678 1897 nomina
689 1863 761 1896 aliorum
768 1863 784 1896 xi
792 1863 861 1895 fratrum

161 1916 190 1960 qui
198 1927 237 1949 cum
246 1915 287 1959 ipsis
296 1922 336 1949 sunt
343 1915 445 1948 introducti:
457 1916 552 1956 Ailbvinus,
560 1915 660 1956 ailwardus,
673 1915 777 1956 Leosdricus,
785 1913 861 1952 Alsricrrs,

134 1978 152 2008 55
162 1967 228 2007 Bondo,
236 1966 327 2006 Edericus,
335 1966 442 2006 Aliuuoldus,
451 1968 547 2006 Leolsurus,
556 1968 671 2008 Sparafocus3
685 1971 702 1998 et
712 1966 759 2007 pueri
769 1965 861 2002 Oswaldus

161 2023 178 2050 et
185 2017 271 2050 Ordricus.
289 2018 309 2048 In
317 2027 389 2058 quorum
397 2016 466 2058 quidem
474 2017 601 2050 introduccione
608 2017 632 2049 ita
638 2015 697 2048 diuino
706 2017 752 2048 cultu
758 2023 774 2048 et
782 2014 861 2055 religione

161 2067 208 2098 locus
217 2066 246 2098 ille
253 2066 324 2108 profecit
330 2064 341 2107 ²,
349 2072 367 2098 vt
375 2065 433 2098 statim
440 2072 506 2098 mutato
514 2066 584 2098 nomine
592 2065 684 2109 preclarius
692 2065 707 2097 ei
717 2076 781 2097 nornen
788 2064 861 2099 inoleret,

161 2116 172 2149 i.
187 2115 252 2149 ‘sancti
272 2115 361 2148 Edmundi
379 2115 472 2157 oppidum!
517 2116 580 2149 Prima
595 2115 679 2157 exerrrpcz'o
695 2115 796 2148 rrrouasrertz'
809 2110 863 2146 soracti

162 2166 264 2199 Edrrzondi:
276 2166 307 2198 Ex
315 2167 388 2199 cronicis
397 2166 417 2197 (le
429 2166 468 2208 Ely.
513 2165 600 2199 Concessit
612 2165 658 2198 idem
669 2165 726 2207 presul
737 2164 835 2207 Ayelwinus
846 2160 862 2193 in

134 2229 154 2257 40
162 2218 239 2258 ingressu
244 2218 367 2249 monachorum
373 2216 438 2259 prefato
444 2216 547 2250 monasterio
553 2227 603 2249 omne
610 2216 635 2249 ius
643 2226 692 2250 suurn
700 2226 720 2248 ac
728 2213 862 2248 iurisdiccionem

163 2273 180 2299 et
193 2266 296 2308 episcopalia
309 2273 421 2306 sacramenta,
433 2267 477 2299 intra
489 2268 535 2299 idem
548 2266 672 2298 monasterium
685 2271 702 2298 et
716 2266 803 2307 oppidum,
817 2268 833 2295 et
846 2261 862 2292 in

163 2315 234 2349 circuitu
242 2315 319 2348 eiusdem
327 2315 385 2358 oppidi
396 2326 426 2357 per
437 2316 522 2349 ambitum
530 2315 580 2349 vuius
592 2315 648 2357 stadii,
656 2315 679 2348 ad
690 2322 800 2356 augmentum
812 2309 862 2354 glorie

163 2373 180 2401 et
195 2366 228 2399 loci
243 2365 349 2406 dignitatern,
363 2372 380 2399 et
395 2367 561 2408 contemplacionem
574 2365 677 2399 sanctissimi
692 2366 736 2407 regis
755 2372 772 2399 et
791 2360 862 2396 martiris

164 2417 257 2452 Edmundi.
283 2418 322 2450 Nec
335 2417 358 2450 ad
370 2415 436 2450 illorum
449 2416 559 2459 ingressionis
573 2416 634 2459 officia,
646 2427 678 2450 nec
690 2417 713 2450 ad
726 2414 863 2450 benediccionem

136 2479 154 2508 45
164 2469 232 2503 abbatis
241 2468 323 2501 interesse
331 2467 387 2509 voluit,
397 2467 436 2500 licet
447 2467 533 2509 prouincie
544 2468 587 2500 illius
598 2468 688 2511 episcopus
698 2467 752 2500 tuerat
758 2479 763 2507 ;
775 2472 801 2500 set
810 2476 820 2497 a
829 2464 863 2495 lon-

164 2518 242 2553 doniensi
253 2518 320 2561 presule
332 2517 420 2551 ordinatus
428 2517 459 2551 tuit
467 2529 526 2551 eorum
536 2518 600 2560 primus
612 2519 672 2551 abbas.
695 2517 731 2551 Sibi
740 2529 779 2551 vero
791 2514 863 2558 prelatus

288 2597 294 2614 ¹
304 2597 338 2628 MS.
345 2606 437 2638 permanere.
601 2597 607 2615 ²
617 2598 651 2629 115,
658 2597 726 2638 prefecit.
