1762 2803
115 113 157 156 208
227 180 228 183 Ἴ
306 111 386 163 litun&
401 107 517 171 hatthus
532 108 625 171 angli&

115 232 209 274 pulmento
215 242 273 275 equos
279 237 364 265 oneratos
371 232 474 274 habentem,
480 238 522 266 ante
530 232 579 265 fores
587 237 652 266 astare.
676 230 746 265 Oblatis
754 235 815 265 autem

114 285 154 318 viro
168 284 197 318 dei
211 295 247 327 que
261 285 350 327 attulerat,
364 285 416 319 illum
429 296 463 328 pro
477 285 553 329 coniuge
568 295 602 318 sua
614 283 709 318 dominum
722 285 816 327 deprecari

116 337 223 382 suppliciter
233 342 289 381 rogat,
300 348 354 380 quam
365 348 399 381 per
410 348 479 371 annum
490 343 552 372 tantus
563 337 611 382 ignis
623 337 700 370 febrium
710 336 788 370 vexabat
797 343 817 370 vt

116 392 169 425 morti
184 392 331 434 approptnquare
345 390 443 425 videretur.
467 392 550 435 Cumque
565 391 596 424 ille
611 401 652 424 cum
666 390 704 424 suis
716 391 817 424 orationem

98 455 106 484 5
116 445 232 488 complesset,
240 442 306 477 mulier
317 442 348 476 illa
359 442 439 487 perfecte
451 443 523 478 sanitati
534 443 610 487 reddita,
621 444 689 488 gratias
700 444 735 477 deo
747 444 817 487 agebat.

117 490 161 532 Nec
172 496 229 531 multo
241 501 282 541 post
294 507 362 530 nouem
373 497 483 531 transierant
495 497 546 532 diesl
558 508 594 541 quo
605 498 633 532 vir
644 497 712 530 domini
724 506 766 530 cum
778 496 817 531 suis

115 561 153 585 non
162 549 207 585 alias
215 550 272 595 dapes
283 555 356 594 caperet
363 561 418 594 quam
429 551 516 585 arborum
526 550 602 586 cortices
613 556 631 586 et
641 550 713 586 herbas.
737 550 818 584 Monitus

115 609 144 638 est
153 615 197 648 ergo
207 604 264 638 abbas
272 604 346 647 quidam
354 603 441 638 diuinitus
449 609 468 638 vt
478 604 545 638 famulo
556 604 585 638 dei
594 605 707 639 Columbano
715 605 733 638 in
742 604 818 638 heremo

116 656 223 691 consistenti
238 658 343 690 necessaria
356 657 452 691 confestim
466 657 551 691 deferret.
575 657 627 691 lubet
640 658 696 691 abbas
710 656 817 691 celerarium

89 719 108 740 10
117 711 178 744 omnia
185 720 221 751 que
229 720 294 752 parare
302 714 366 752 posset
376 709 440 743 beat0²
449 710 562 743 Columbano
569 710 655 743 baiulare.
678 709 764 743 Oneratis
774 720 818 753 ergo

116 761 205 796 vehiculis
216 772 258 795 cum
268 762 291 794 ad
298 762 394 795 heremum
402 762 489 804 venisset,
497 762 531 795 hoc
541 762 561 795 in
571 763 626 796 corde
636 763 737 796 monachus
748 760 792 796 dixit
800 767 819 796 vt

118 816 134 848 si
144 815 178 848 iter
188 816 236 858 quod
246 820 319 859 ceperat
329 814 359 848 dei
369 821 419 848 esset
429 815 532 859 imperium,
540 815 636 859 premissis
646 814 698 858 equis
710 815 818 858 imperantis

118 869 199 913 potentia
211 867 260 902 viam
274 868 357 912 aperiret.
380 868 419 902 Nec
434 878 490 911 mora,
503 868 538 902 iter
552 868 634 912 ignotum
648 869 690 912 equi
704 868 818 913 arripientes,

118 932 177 967 usque
187 922 210 955 ad
218 921 267 955 fores
274 921 308 955 viri
316 922 346 956 dei
354 925 484 966 peruenerunt.
507 921 595 965 Receptis
606 927 667 956 autem
676 921 783 956 muneribus
791 922 819 956 vir

91 988 109 1018 ¹5
119 977 148 1010 dei
160 977 226 1019 gratias
238 977 272 1009 deo
284 976 355 1018 retulit;
372 980 390 1009 et
402 976 502 1009 monachus
514 977 587 1009 rediens
599 987 639 1010 rem
650 980 721 1019 gestam
733 975 819 1009 fratribus

119 1028 216 1062 enarrauit.
239 1027 292 1072 Cepit
309 1028 376 1061 exinde
395 1027 497 1071 frequentia
513 1027 576 1071 populi
595 1027 677 1062 sanitatis
694 1029 819 1071 recuperande

119 1082 178 1125 gratia
192 1081 215 1114 ad
230 1091 273 1116 eum
288 1091 403 1123 concurrere,
415 1091 493 1126 quorum
507 1086 550 1115 vota
564 1080 626 1115 diuino
639 1081 694 1116 fultus
707 1081 774 1116 auxilio
788 1082 819 1115 ad-

118 1134 206 1178 impleuit.
250 1128 287 1168 Vir
294 1134 324 1168 dei
333 1135 383 1169 solus
393 1145 427 1178 per
434 1136 507 1168 deserta
517 1134 603 1178 gradiens
610 1134 654 1168 vidit
663 1134 758 1169 duodecim
766 1134 820 1178 lupos

118 1187 152 1221 sibi
161 1188 308 1231 appropinquare
316 1193 334 1221 et
342 1187 429 1221 dextera³
437 1188 514 1230 leuaque
525 1187 606 1221 medium
616 1199 636 1221 se
648 1192 713 1222 astare.
736 1187 819 1231 Cumque

91 1255 110 1275 20
118 1240 149 1275 ille
159 1245 246 1275 constans
257 1240 282 1274 nil
292 1240 369 1282 timeret,
378 1251 400 1273 eo
410 1240 472 1274 relicto
483 1240 554 1274 heremi
564 1246 635 1274 secreta
645 1240 719 1274 latibula
729 1240 820 1284 petebant.

120 1287 205 1328 Rursum
213 1293 284 1327 heremi
291 1299 344 1327 vasta
351 1298 524 1337 penetrans,vrsum
533 1293 578 1336 [in]⁴
586 1303 632 1337 rupe
640 1294 718 1336 quadam
726 1299 820 1336 repertum

118 1347 188 1391 absque
199 1346 257 1380 reditu
268 1346 318 1380 abire
328 1346 385 1380 iussit.
409 1346 431 1380 In
439 1357 474 1390 qua
482 1357 528 1390 rupe
536 1345 570 1380 soli
578 1345 654 1380 orationi
662 1357 734 1389 vacans,
742 1345 820 1380 incredi-

119 1400 150 1434 bili
159 1399 269 1434 abstinentia
278 1409 345 1442 corpus
356 1409 410 1433 suum
419 1400 528 1434 macerauit:
540 1399 640 1442 agrestium
648 1399 746 1433 herbarum
754 1399 821 1443 exigua

119 1463 207 1487 mensura
213 1453 243 1486 vel
250 1453 310 1496 pomis
319 1451 389 1485 heremi
396 1453 515 1494 vescebatur·,
527 1463 629 1496 aquamque
639 1452 662 1484 ad
671 1452 772 1485 sedandam
780 1451 821 1485 sitis

93 1521 111 1550 ²5
120 1507 222 1540 ariditatem
237 1507 260 1540 de
275 1516 327 1549 rupe,
342 1517 401 1549 usque
416 1505 470 1539 hodie
485 1505 579 1547 fluentem,
594 1515 669 1539 manare
684 1506 722 1539 suis
736 1504 821 1549 precibus

120 1560 184 1593 effecit.
208 1558 341 1592 Monasterium
353 1558 456 1592 Luxouium
463 1558 474 1600 ⁵,
488 1562 506 1591 et
517 1558 566 1592 aliud
580 1558 654 1592 nomine
668 1558 765 1599 Fontanas,
778 1569 821 1592 con-

121 1612 192 1653 struxit,
205 1616 223 1644 et
236 1611 312 1645 fratrum
325 1616 417 1644 cateruam
433 1620 518 1653 magnam
532 1609 551 1643 in
565 1610 602 1644 illis
615 1610 706 1644 adunauit.
750 1603 821 1644 Audito

121 1671 182 1699 autern
193 1665 241 1707 quod
253 1664 271 1697 in
280 1662 363 1697 Luxouio
375 1662 451 1696 cenobio
461 1662 527 1697 fratres
535 1662 590 1697 variis
602 1663 671 1696 morbis
682 1662 743 1697 afflicti
754 1668 821 1705 essent,

120 1729 155 1751 nec
163 1717 226 1762 plures
235 1717 274 1750 sani
285 1716 430 1750 remansissent⁶
437 1726 492 1759 quam
500 1717 531 1760 qui
541 1716 609 1760 egrotis
620 1715 724 1750 ministrare
735 1722 821 1759 possent,-

94 1783 113 1813 30
121 1770 164 1805 illuc
176 1781 219 1814 ergo
229 1770 311 1811 veniens,
319 1769 398 1813 imperat
407 1774 427 1803 vt
437 1778 502 1803 omnes
512 1774 588 1813 surgant
598 1775 652 1813 atque
660 1779 741 1803 messem
751 1769 770 1802 in
779 1780 822 1804 area

120 1825 172 1869 virga
180 1825 250 1858 cedant.
274 1822 309 1865 Qui
317 1822 378 1857 statim
387 1823 436 1856 nullo
444 1822 512 1857 doloris
519 1821 596 1866 vestigio
604 1828 711 1857 remanente
719 1828 822 1866 surgentes,

120 1877 416 1922 iussapatrisimplerecurabant.
461 1868 823 1920 irruebantmessistemporeventorum

51 1958 54 1965 ,
120 1933 203 1966 turbines
211 1942 252 1964 cum
256 1930 373 1965 vehementia
380 1929 479 1973 ymbrium,
485 1941 519 1964 nec
525 1928 600 1964 omnino
605 1929 668 1964 nubila
675 1929 709 1964 oeli
717 1929 770 1964 terris
778 1930 822 1964 dare

72 1978 74 1981 ⁴
121 1985 202 2029 pluuiam
211 1984 333 2027 quiescebant.
356 1983 379 2017 Et
388 1994 430 2017 cum
438 1982 504 2017 fratres
513 1983 564 2017 iussu
572 1982 606 2017 viri
614 1983 644 2018 dei
652 1981 823 2017 interdiffusionem

94 2051 111 2080 35
121 2037 219 2082 ymbrium,
231 2037 271 2081 ipso
283 2036 302 2069 in
314 2037 373 2070 medio
385 2034 450 2070 eorum
461 2036 519 2070 labori
530 2036 632 2078 insistente,
644 2042 726 2079 segetem
738 2036 783 2069 falce
796 2047 823 2070 se-

121 2096 189 2133 carent,
198 2091 264 2135 ymber
271 2101 282 2123 a
292 2096 354 2134 segete
365 2089 436 2133 lugiens
444 2100 478 2134 per
486 2090 566 2133 reliquas
574 2090 634 2133 patrie
642 2090 705 2133 plagas
714 2101 734 2123 se
742 2089 823 2134 Vndique

121 2144 239 2185 diffundebat,
249 2154 289 2184 nee,
301 2154 396 2186 quousque
407 2144 475 2177 messis
486 2148 523 2176 tota
535 2143 656 2185 colligeretur,
668 2143 707 2175 sola
718 2143 822 2185 pluuiarum

121 2195 598 2241 guttasuperterramColumbanistillarevidebatur.
627 2188 823 2241 Quidamduxnobilis

122 2251 196 2285 nomine
205 2249 331 2292 Waldelenus,
340 2249 401 2283 liberis
411 2259 481 2291 carens,
490 2260 532 2284 cum
543 2259 601 2283 vxore
612 2259 645 2283 sua
657 2247 729 2282 Flauia⁷
739 2246 789 2281 venit
801 2248 824 2282 ad

93 2316 113 2346 40
121 2303 181 2338 virum
193 2302 228 2345 dei,
241 2303 304 2336 dicens
318 2312 338 2336 se
350 2302 413 2335 multis
425 2302 491 2346 opibus
504 2303 603 2345 abundare,
616 2302 649 2335 sed
662 2300 691 2333 cui
703 2299 824 2334 hereditatem

121 2362 163 2401 post
172 2355 240 2391 obitum
248 2355 359 2399 relinqueret
367 2366 404 2388 non
413 2356 486 2389 habere.
509 2355 542 2390 Cui
549 2355 578 2389 vir
585 2360 660 2389 sanctus
668 2354 703 2388 ait:
716 2353 752 2395 ‘Si,
760 2353 824 2398 inquit,

121 2411 159 2445 voti
166 2409 223 2445 vestri
233 2414 261 2444 est
268 2414 288 2444 vt
299 2409 389 2453 largitoris
399 2410 468 2443 donum
479 2409 518 2444 eius
530 2407 600 2443 nomini
610 2406 722 2441 consecretis
732 2406 825 2452 michique

121 2487 125 2492 u
142 2499 148 2516 ¹
158 2500 176 2528 T.
184 2499 217 2528 dies
224 2499 288 2528 erossed
296 2502 327 2533 out,
335 2499 402 2528 another
408 2499 454 2528 word
462 2502 490 2527 not
496 2482 561 2533 visible;
572 2497 590 2525 E.
598 2496 640 2525 anni.
700 2495 706 2513 ²
717 2496 735 2525 E.
742 2496 794 2530 bono;
804 2496 822 2525 T.

122 2536 174 2568 beato.
211 2536 313 2568 ³T.dextra.
351 2537 385 2567 *so
393 2537 422 2575 T.;
433 2546 463 2567 om.
471 2537 488 2566 in
495 2536 513 2568 E.
551 2535 689 2567 lE.luronium.r
720 2534 822 2566 “nieman-

123 2578 169 2607 sisse.
229 2577 235 2594 ⁷
246 2578 264 2606 E.
271 2578 322 2606 ssania.
563 2590 564 2594 =
703 2590 705 2594 ι
