1762 2803
118 88 175 164 '174
218 167 220 170 ,
321 109 401 160 muna
417 101 647 171 urgentemque

130 227 272 271 prosperitatem
280 234 343 264 eterne
350 230 387 265 vite
395 229 497 264 felicitatem
505 230 594 275 negligat!
640 222 679 264 Per
686 229 781 265 dimidium
790 240 831 277 post

131 281 165 316 hec
180 291 254 326 annum,
268 282 406 327 ingrauescente
421 283 479 317 morbi
495 283 583 326 molestia,
599 293 641 317 raro
656 284 679 318 de
694 284 741 317 lecto
756 293 831 330 surgere

131 334 196 375 valuit;
209 340 227 368 et
240 341 303 378 quarto
318 342 361 369 ante
374 337 454 369 obitum¹
468 347 522 369 suum
535 337 569 378 die,
582 348 623 369 cum
637 348 670 369 rex
683 337 801 370 Malcolmus²
813 339 831 373 in

132 387 247 432 expeditione
256 393 309 430 esset,
317 388 385 423 tristior
393 389 445 423 solito
453 389 517 423 effecta
525 395 553 423 est
563 394 582 423 et
592 389 714 423 assidentibus
721 388 755 423 ait:
768 390 832 426 ‘Forte

115 441 186 479 5hodie
199 446 268 475 tantum
284 442 327 475 mali
342 443 411 486 regno³
423 443 520 476 Scotorum
535 443 599 477 accidit
610 447 698 486 quantum
711 442 772 477 multis
784 449 832 479 retro

131 494 244 538 temporibus
259 506 295 528 non
310 495 403 538 prouenit!
426 495 470 529 Post
485 495 553 539 aliquot
566 496 606 530 dies
621 495 728 529 nunciorum
740 496 832 539 relatione,

132 549 197 582 eodem
204 547 233 581 die
239 559 274 591 quo
282 548 346 591 regina
353 548 424 582 dixerat
431 560 495 592 regem
502 559 544 582 cum
550 549 586 583 filio
593 549 684 582 Edwardo
693 548 748 582 fuisse
755 549 832 585 occisum

132 606 269 646 cognouerunt;
280 611 335 645 quern
346 600 391 646 ipsa,
399 601 450 646 quasi
461 602 562 635 futurorum
573 601 649 646 prescia,
660 602 736 636 multum
747 602 833 645 prohibu-

132 659 171 686 erat
186 664 209 686 ne
224 664 315 696 quoquam
330 659 372 687 tunc
387 666 428 687 cum
443 655 524 687 exercitu
538 655 686 697 progrederetur.
709 655 776 694 Quarto
791 663 833 697 post

107 715 125 735 10
133 711 210 740 mortem
225 706 274 750 regis
289 706 323 748 die,
338 707 432 751 paulisper
446 706 535 751 leuigata⁴
549 706 659 749 infirmitate,
672 706 737 740 missas
752 706 833 742 auditura

133 759 231 793 oratorium
243 759 322 802 intrauit,
335 765 353 794 et
368 761 436 794 exitum
449 770 502 794 suurn
516 760 600 794 dominici
616 760 697 804 corporis
711 765 729 793 et
741 762 833 804 sanguinis

132 813 196 846 viatico
204 813 320 856 premuniuit.
343 813 367 847 Et
378 813 473 847 confestim
481 813 572 857 prioribus
581 818 678 857 aggrauata
686 813 778 847 doloribus
788 814 834 848 lecto

133 872 228 910 prostrata,
233 867 256 900 ad
263 866 331 900 exitum
337 873 431 902 crescente
440 867 523 900 molestia
527 866 654 900 vehementius
658 867 739 910 urgetur.
756 867 833 901 Crucem

134 919 195 953 Scotie
203 919 279 962 nigram,
287 929 342 962 quam
353 930 429 963 semper
439 919 457 952 in
469 929 535 962 magna
542 919 660 959 veneratione
669 918 736 960 habuit,
745 920 834 962 amplecti,

107 977 126 1007 15
134 971 240 1012 deosculari,
252 971 314 1005 oculos
325 970 426 1015 faciemque
438 971 468 1005 illa
479 971 552 1014 signare
564 970 645 1005 crebrius
657 970 730 1005 curauit.
754 970 834 1006 Rediens

133 1024 202 1058 interea
215 1025 238 1058 de
252 1024 333 1058 exercitu
348 1024 396 1058 filius
411 1035 455 1057 suus
468 1024 552 1067 Edgarus
564 1024 665 1057 cubiculum
677 1023 740 1066 regine
752 1023 834 1058 intrauit:

134 1087 189 1122 quern
202 1077 232 1111 illa
243 1078 267 1111 de
278 1082 330 1120 patre
343 1082 361 1111 et
374 1078 429 1111 fratre
441 1077 550 1120 interrogat3
568 1078 601 1110 scd
616 1076 646 1110 ille
660 1077 708 1119 quod
720 1086 785 1111 verum
797 1083 835 1111 erat

135 1132 196 1165 dicere
206 1130 268 1172 noluit,
277 1142 301 1164 ne
312 1130 373 1164 audita
381 1136 440 1164 morte
448 1130 519 1163 illorum
528 1130 613 1164 continuo
621 1136 638 1164 et
646 1129 733 1173 ipsalm]⁶
741 1130 788 1164 mori
795 1142 835 1164 con-

134 1183 217 1228 tingeret.
241 1183 349 1227 Respondit,
361 1195 393 1217 eos
408 1184 456 1218 bene
470 1184 537 1217 valere.
559 1184 585 1217 At
600 1183 630 1217 illa
644 1183 723 1227 grauiter
736 1183 835 1227 suspirans,

108 1241 126 1262 ²⁰
134 1237 187 1279 ίεείο,
195 1236 258 1281 inquit,
266 1236 296 1278 fili,
305 1236 353 1277 sci0,’
362 1241 380 1270 et
392 1236 481 1270 adiurauit
492 1246 534 1270 eum
542 1240 561 1270 vt
568 1236 664 1271 veritatem
676 1235 702 1269 rei
714 1246 751 1269 non
763 1236 835 1271 celaret.

135 1290 168 1324 ssle
180 1300 224 1323 vero
238 1295 315 1330 coactus,
329 1289 375 1323 sicut
387 1295 439 1323 erant
455 1294 506 1332 gesta
519 1289 608 1331 exposuit.
632 1289 702 1330 Quibus
717 1288 786 1330 auditis,
799 1300 834 1322 non

134 1342 217 1386 peccauit
228 1341 280 1374 labiis
292 1341 329 1374 suis
341 1352 401 1386 neque
413 1342 486 1375 stultum
497 1342 540 1385 quid
551 1347 614 1374 contra
625 1343 679 1374 deum
691 1341 750 1373 locuta
761 1346 795 1383 est,
803 1342 835 1373 sed

135 1405 200 1429 manus
211 1396 233 1428 ad
244 1395 304 1428 celum
314 1395 393 1435 eleuans,
401 1394 420 1428 in
428 1395 501 1428 laudem
512 1399 530 1428 et
540 1394 639 1437 gratiarum
649 1394 738 1428 actionem
749 1394 835 1437 prorupit,

135 1448 209 1483 dicens:
222 1447 305 1482 ‘Laudes
313 1453 331 1482 et
339 1448 405 1491 gratias
413 1448 445 1482 tibi
453 1447 569 1491 omnipotens
577 1448 623 1481 deus
631 1447 696 1488 resero,
702 1446 732 1489 qui
740 1457 770 1481 me
778 1451 836 1480 tantas

109 1507 127 1536 ²5
135 1500 154 1534 in
162 1511 203 1534 meo
212 1501 262 1534 exitu
270 1500 362 1544 angustias
370 1501 453 1541 tolerare,
461 1501 532 1543 hasque
541 1501 649 1534 tolerantem
661 1501 683 1533 ab
694 1500 784 1543 aliquibus
794 1510 836 1543 pec-

136 1553 171 1586 cati
183 1552 258 1586 maculis
274 1553 299 1595 (vt
314 1553 375 1596 spero)
390 1554 479 1586 mundare
492 1552 575 1585 uoluisti!
597 1551 685 1585 Sentiens
699 1556 760 1584 autem
775 1551 836 1595 regina

136 1610 214 1640 mortem
222 1606 293 1647 adesse,
301 1605 348 1639 hanc
356 1605 457 1640 orationem
465 1604 525 1639 dicere
533 1604 591 1648 cepit:
604 1608 608 1622 ‘
616 1604 695 1638 Domine
703 1603 758 1639 Ihesu
765 1603 836 1639 Christe

136 1657 168 1701 qui
178 1668 202 1690 ex
209 1657 303 1690 voluntate
313 1657 376 1701 patris,
384 1662 494 1701 cooperante
505 1655 569 1700 spiritu
580 1661 648 1696 sancto,
656 1667 690 1700 per
700 1660 778 1690 mortem
787 1661 836 1689 tuam

137 1711 225 1745 mundum
233 1710 339 1745 viuificasti:
352 1711 409 1746 libera
419 1712 459 1745 me!
482 1710 528 1745 Cum
536 1709 605 1745 diceret
615 1709 682 1745 ‘libera
693 1711 733 1752 me,'
742 1709 817 1745 liberata
826 1719 837 1742 a

110 1773 129 1802 30
136 1764 213 1798 vinculis
226 1764 307 1807 corporis
320 1764 380 1798 anima
393 1765 416 1797 ad
426 1775 470 1797 vere
484 1764 577 1805 libertatis,
590 1774 645 1807 quem
657 1773 731 1806 semper
744 1763 837 1802 dilexerat,

136 1821 229 1850 auctorem
245 1815 338 1850 Christum
357 1816 451 1861 migrauit3
471 1815 561 1850 felicitatis
580 1826 643 1850 eorum
660 1815 752 1860 particeps
768 1815 837 1855 effecta,

137 1880 214 1912 quorum
219 1870 290 1903 virtutis
298 1876 375 1912 sequuta
382 1876 411 1904 est
418 1870 509 1912 exempla.
533 1870 605 1903 Faciem
612 1874 673 1903 autem
679 1869 724 1909 eius,
731 1879 767 1911 que
774 1873 811 1901 tota
819 1867 837 1900 in

137 1927 195 1955 morte
204 1922 297 1965 palluerat,
306 1921 330 1955 ita
341 1928 383 1965 post
393 1927 472 1956 mortem
482 1922 538 1954 rubor
546 1932 587 1954 cum
595 1921 674 1954 candore
684 1920 787 1964 permixtus
797 1929 837 1963 per-

137 1975 187 2017 fudit,
195 1980 215 2009 vt
224 1985 261 2009 non
271 1980 347 2017 mortua,
355 1977 388 2010 sed
396 1976 461 2010 viuens
471 1980 502 2008 aut
510 1975 603 2009 dormiens
613 1974 663 2008 credi
674 1973 768 2018 potuisset.
790 1971 839 2007 Obiit

111 2038 129 2068 35
137 2029 186 2062 enim
202 2033 265 2072 quarto
279 2028 320 2063 idus
334 2028 387 2071 Iunii,
399 2034 417 2063 et
432 2029 451 2062 in
466 2028 543 2062 ecclesia
556 2033 619 2062 sancte
631 2027 721 2067 trinitatis,
733 2038 788 2070 quarn
799 2026 838 2069 ipsa

137 2085 268 2122 construxerat,
282 2087 344 2115 contra
359 2082 415 2116 altare
430 2081 573 2125 sepelitur-‘³
580 2074 630 2116 Cum
642 2085 703 2114 autem
715 2080 779 2122 Dauid,
791 2078 838 2113 filius

138 2138 201 2167 sancte
214 2134 323 2177 Margarete,
335 2134 354 2168 in
367 2135 417 2168 curia
432 2134 481 2178 regis
492 2134 560 2177 Anglie
573 2133 650 2168 Henrici
665 2133 719 2177 primi
733 2137 838 2171 moraretur,

139 2189 193 2219 nocte
201 2186 280 2228 quadam
290 2195 301 2218 a
310 2196 373 2220 sorore
384 2197 417 2220 sua
425 2186 500 2219 Matilde
511 2186 580 2228 regina,
588 2196 624 2229 que
635 2185 698 2219 matris
705 2185 782 2229 vestigia
793 2192 838 2227 puro

140 2237 195 2272 corde
204 2238 319 2280 sequebatur,
324 2245 403 2280 vocatus,
410 2239 433 2272 ad
441 2238 540 2272 thalamum
547 2238 586 2272 eius
592 2237 674 2272 accessit.
694 2237 718 2270 Et
724 2249 767 2272 ecce
774 2238 838 2270 domus

104 2292 131 2332 '40
139 2291 195 2334 plena
202 2289 290 2333 leprosis;
303 2295 321 2324 et
331 2290 395 2334 regina
406 2290 424 2325 in
435 2290 496 2325 medio
508 2295 564 2334 stans,
573 2290 655 2335 deposito
663 2290 718 2335 pallio
729 2301 750 2325 se
760 2285 839 2324 lintheo⁷

138 2342 236 2387 precinxit,
248 2347 266 2376 et
280 2342 340 2387 posita
354 2343 373 2377 in
385 2343 434 2388 pelui
447 2354 499 2387 aqua,
512 2344 570 2387 pedes
584 2352 647 2377 eorum
659 2344 726 2384 lauare,
738 2348 839 2386 extergere,

139 2402 223 2431 extersos
231 2395 312 2440 utrisque
320 2396 405 2431 manibus
415 2396 541 2440 constringere
549 2402 566 2431 et
575 2396 693 2431 deuotissime
701 2396 778 2430 osculari
788 2391 839 2438 cepit.

160 2519 192 2549 1Ε.
201 2519 264 2548 abitum.
302 2518 441 2549 αΕπιυιῙοοΙίηιιε.
478 2518 592 2555 ³E.regnum.
629 2518 743 2556 ⁴T.leuigate.
780 2513 839 2545 5Τ.ΕΙ

138 2558 213 2607 ipsa5al.
221 2558 254 2598 ipsa
262 2562 354 2589 moreretur.
395 2558 645 2597 tctAilredGenennegum.
687 2557 818 2589 ⁷E.lintheose.
