1762 2803
112 123 155 175 238
302 119 513 180 monaltcecnoa
528 112 623 181 anglio

112 242 199 286 episcopo
209 252 250 276 cum
260 243 313 276 turba
324 242 385 284 multa,
393 241 468 276 inuenta
479 249 507 276 est
518 244 541 276 ab
552 242 579 277 eis
586 243 638 286 virgo
650 234 712 277 sancta
723 255 777 280 orans
789 247 812 281 acl

113 296 206 329 dominum
215 306 277 339 prona.
300 296 382 338 Cumque
392 295 441 328 illam
452 295 513 329 omnia
523 295 610 339 prestigia
621 302 639 330 et
649 297 745 340 ydolorum
755 298 812 333 cultu'-

113 359 153 383 ram
161 350 246 383 detestari
255 354 273 383 et
280 348 361 383 conuicia
371 348 421 392 genti
431 348 534 383 incredulel
542 349 611 384 inferre
618 349 707 392 viderent,
715 351 813 397 episcopus

114 403 139 437 sic
150 413 191 437 eam
203 403 309 446 alloquitur:
322 402 392 437 ‘Credo
403 407 426 442 te,
435 403 491 446 virgo,
500 403 583 447 apprime
592 403 622 436 dei
630 403 721 446 baptismo
733 405 813 448 obedire,

96 464 104 493 5
114 462 168 499 atque
178 456 285 489 christicolis
295 455 324 489 etz
334 455 430 499 prophetis
441 455 568 490 indesinenter
578 456 663 489 credere)
687 456 740 497 Quod
752 458 812 493 statim

113 514 132 543 vt
145 508 175 543 illa
187 507 260 550 audiuit,
273 508 328 543 dixit:
347 507 391 542 nihil
407 508 425 542 in
442 509 510 543 mundo
526 520 546 544 se
561 508 620 553 magis
633 519 688 553 quam
701 509 812 554 baptismum

113 562 203 596 affectare,
225 562 277 595 Tunc
289 562 363 605 gauisus
374 561 472 606 episcopus
484 563 507 596 de
519 561 641 606 responsione
652 561 705 603 illius,
717 562 752 597 ait:
768 563 813 598 ‘Dei

113 615 202 658 templum
208 614 348 657 Osmanna,deo
354 619 372 648 et
380 615 419 649 eius
428 615 497 659 angelis
506 620 559 659 atque
568 615 683 658 archangelis
691 616 812 660 omnibusque

113 669 168 701 deum
179 668 296 709 diligentibus
308 668 365 701 amica
377 668 419 709 eris,
427 669 533 701 lauachrum
544 668 647 710 suscipiens
658 669 812 711 regenerationis.¹

87 729 104 749 10
114 720 196 764 Cumque
210 720 336 754 cathecumina
348 720 401 753 fieret
412 721 464 765 virgo
477 726 545 763 sancta,
556 719 584 753 vir
596 720 670 764 quidam
684 731 738 754 cecus
751 721 812 756 lumen

114 774 206 808 oculorum
215 774 289 818 recepit.
312 774 395 808 Tradidit
406 779 467 808 autem
475 773 492 808 ei
502 774 600 818 episcopus
608 773 701 817 quendam
709 773 813 818 agricolam,

114 827 145 871 qui
157 827 250 862 edificaret
262 826 296 862 sibi
308 833 368 862 ortum
378 828 427 862 vnde
437 828 488 872 virgo
499 827 575 862 haberet
587 826 609 861 ad
619 827 738 862 vescendum.
761 828 813 870 Quod

114 881 179 915 videns
185 880 273 923 diabolus,
279 881 357 924 agricole
363 882 442 924 quodam
450 892 504 914 mane
509 879 593 925 apparuit
599 879 662 914 dicens
669 891 673 914 ι
687 880 764 921 ‘Homq
770 881 813 925 quid

115 934 181 976 queris,
190 933 246 975 [vel]³
256 934 285 966 cui
297 934 368 967 seruis?
379 934 422 976 quid
433 934 513 967 utilitatis
525 935 549 967 de
560 939 591 966 tua
600 933 675 966 domina
685 934 814 976 consequeris?

87 995 105 1023 15
115 985 135 1018 Si
143 984 187 1018 mihi
193 985 272 1018 volueris
280 986 360 1027 obedire,
367 985 399 1018 tibi
407 988 471 1019 aurum
478 992 495 1018 et
503 990 600 1028 argentum
606 990 624 1018 et
630 984 716 1028 quicquid
723 985 814 1019 desiderat

114 1040 174 1072 anima
188 1043 219 1070 tua
232 1039 289 1072 dabo?
313 1039 336 1072 Et
351 1039 391 1073 ille:
408 1038 444 1081 ‘st
457 1039 520 1082 inquit,
534 1039 568 1072 hec
581 1048 625 1072 vera
639 1048 681 1071 esse
696 1038 769 1080 scirem,
782 1039 814 1072 tibi

113 1092 207 1126 obedirem
220 1096 237 1125 et
250 1092 355 1126 crederem’
379 1091 421 1126 Hiis
435 1092 488 1126 dictis
502 1093 592 1126 accedens
606 1096 710 1135 temptator,
722 1092 814 1126 osculatus

114 1150 142 1179 est
155 1144 258 1188 agricolam,
270 1145 362 1188 precando
373 1150 393 1179 vt
406 1145 464 1178 alter⁴
474 1145 527 1178 alteri
540 1145 596 1179 fidem
608 1145 671 1187 daret;
688 1144 760 1188 sibique
772 1156 814 1179 con-

114 1198 177 1232 sulens
190 1202 209 1231 vt
224 1197 330 1240 frequenter
344 1209 377 1232 sue
392 1198 467 1232 domine
480 1198 562 1232 conuicia
575 1197 676 1239 inferendo,
689 1208 730 1232 eam
744 1199 766 1232 ad
780 1197 814 1232 ira·

88 1260 106 1280 ²0
114 1251 198 1285 cundiam
207 1255 320 1294 prouocaret.
343 1250 389 1285 Cum
399 1251 454 1294 igitur
461 1251 582 1286 recessissent
593 1260 614 1284 se
622 1249 701 1285 inuicem
711 1251 815 1292 osculando,

115 1303 196 1338 dicentes
208 1303 293 1346 sequenti
304 1304 334 1338 die
345 1303 396 1338 iuxta
407 1303 488 1338 fontem⁵
496 1303 539 1338 inde
547 1313 584 1337 non
592 1302 646 1346 longe
654 1303 783 1338 decurrentem
794 1314 815 1337 se

114 1357 185 1392 visuros
196 1363 214 1391 et
225 1357 291 1391 iterum
302 1363 364 1392 mutuo
374 1357 490 1402 loquutur053
502 1369 546 1391 mox
554 1355 632 1401 agricola
639 1367 726 1391 reuersus
734 1358 814 1400 domum,

114 1412 193 1454 maligno
204 1411 269 1455 spiritu
276 1417 354 1445 vexatus
364 1411 412 1454 cepit
423 1412 506 1444 amittere
517 1411 583 1445 visum.
605 1410 689 1453 Cumque
699 1421 770 1445 sacram
779 1411 815 1445 vir-

114 1464 177 1507 ginem
192 1474 226 1506 per
241 1465 315 1497 domum
331 1464 420 1497 oberrans
431 1463 494 1497 videre
509 1474 546 1496 non
560 1468 628 1505 posset,
642 1463 721 1497 clamare
734 1464 783 1507 cepit
797 1469 815 1497 et

88 1526 106 1555 ²5
115 1515 186 1550 dicere:
203 1515 292 1549 ‘Domina
304 1526 349 1557 mea,
361 1515 384 1549 ab
396 1515 470 1549 homine
483 1514 545 1558 iniquo
557 1513 621 1548 illusus
635 1525 677 1549 sum
688 1519 706 1549 et
718 1521 761 1550 ante
773 1526 815 1550 con-

115 1575 199 1612 spectum
207 1574 258 1601 tuum
266 1569 346 1611 grauiter
353 1579 383 1601 me
391 1579 479 1611 peccasse
487 1569 584 1601 confiteor.¹
608 1568 641 1601 Cui
652 1568 682 1601 illa
692 1569 771 1609 miserta,
780 1570 814 1603 ait:

115 1621 222 1656 ‘Renuncia
233 1621 331 1655 drachoni⁰
340 1621 426 1664 pessimo,
435 1621 523 1654 mundum
532 1619 630 1655 circueunti
638 1625 656 1654 et
664 1632 719 1665 quem
728 1621 814 1656 deuoret³

115 1675 238 1720 perquirenti3
254 1680 274 1709 vt
285 1675 370 1708 dominus
384 1674 450 1708 lhesus
461 1674 545 1708 Christus
558 1673 667 1708 misereatur
678 1675 714 1708 tui?
738 1676 774 1717 Qui
787 1671 816 1709 ress

116 1727 190 1772 spondit
197 1740 201 1762 :
210 1728 274 1771 ‘Virgo
281 1729 338 1770 beata,
344 1727 380 1761 tuis
386 1727 456 1761 meritis
462 1732 480 1761 et
486 1727 597 1761 orationibus
603 1728 658 1761 credo
665 1739 694 1762 me
700 1728 815 1763 liberandum

88 1793 108 1821 30
116 1784 138 1816 ab
147 1781 219 1824 iniquo!
242 1781 294 1814 Tunc
301 1781 332 1814 illa
340 1781 363 1813 ad
371 1781 426 1813 deum
434 1791 499 1823 preces
507 1780 592 1821 fundens,
597 1780 648 1813 illum
654 1781 735 1824 perfecte
744 1780 816 1815 sanitati

115 1833 198 1869 restituit.
222 1833 272 1867 Mute
286 1834 358 1867 cuidam
371 1832 474 1876 loquelam⁸
486 1832 570 1874 reddidit,
582 1837 599 1866 et
612 1833 667 1867 variis
681 1833 816 1868 infirmitatibus

116 1888 154 1922 suis
169 1886 239 1921 meritis
254 1887 346 1921 medelam
361 1885 447 1919 adhibuit.
493 1879 552 1920 Filius
570 1885 620 1929 regis
636 1886 727 1930 Hispanie
742 1888 816 1921 nomine

116 1941 238 1982 Eclotomust,
244 1951 266 1974 ea
272 1951 308 1984 que
316 1939 421 1974 necessaria
428 1944 480 1973 erant
488 1938 599 1984 pauperibus
607 1940 708 1983 errogabat,
714 1940 816 1975 Christum-

115 2006 151 2038 que
163 2006 174 2028 a
185 1994 262 2037 pueritia
274 1999 292 2027 et
304 2003 368 2027 ornnes
380 1992 492 2027 christicolas
503 1992 594 2036 diligebat.
617 1992 669 2034 Quod
680 1992 746 2028 videns
757 1998 816 2028 mater

89 2057 107 2085 35
116 2048 155 2079 eius
160 2046 282 2087 Affronisia¹⁰‚
288 2057 323 2089 que
330 2051 368 2078 erat
374 2056 450 2088 pagana,
456 2045 501 2078 dixit
507 2046 530 2078 ad
537 2055 590 2078 eum:
600 2045 631 2078 ‘Si
637 2045 716 2089 amplius
723 2046 815 2079 Christum

116 2098 200 2141 colueris,
213 2099 316 2132 antediem
331 2098 429 2132 crastinam
444 2103 503 2132 morte
519 2097 613 2132 morieris)
637 2098 672 2141 Qui
686 2099 720 2133 hec
734 2101 816 2141 audiens,

117 2159 177 2186 motus
188 2162 221 2194 pre
230 2152 257 2185 ira
268 2152 337 2185 matri¹¹
346 2162 378 2185 sue
389 2152 535 2185 maledictionem
545 2161 578 2195 pro
589 2152 717 2186 maledictione
726 2152 791 2194 intulit,
799 2157 817 2185 et

117 2205 200 2251 protinus
212 2205 234 2238 ob
244 2205 278 2238 hoc
290 2205 380 2249 loquelam
391 2205 446 2239 simul
458 2210 475 2240 et
483 2205 543 2239 visum
555 2204 639 2249 perdidit.
662 2205 722 2239 Mater
729 2217 773 2240 vero
784 2216 816 2249 pro

117 2259 180 2293 dolore
192 2258 224 2291 filii
236 2259 281 2291 adeo
293 2264 355 2292 mente
361 2259 373 2278 ¹²
381 2264 497 2292 consternata
508 2264 542 2301 est,
550 2263 569 2292 vt
580 2258 599 2291 in
611 2258 702 2294 insaniam
709 2264 816 2294 verteretur.

89 2321 109 2350 40
118 2312 196 2354 Quidam
208 2311 280 2345 interim
294 2312 379 2345 sacerdos
391 2311 465 2344 nomine
477 2311 578 2355 Remigius,
591 2312 614 2345 de
625 2311 708 2355 partibus
720 2312 739 2346 in
751 2312 816 2357 quibus

117 2371 180 2398 sancta
193 2364 288 2396 Osmanna
301 2364 378 2406 degebat
390 2364 473 2405 veniens,
487 2364 532 2396 dixit
548 2365 571 2397 ad
584 2363 635 2398 illos:
653 2365 683 2398 ‘Si
695 2365 756 2398 iacere
768 2364 816 2407 quod

116 2530 118 2532 .
138 2501 259 2533 “Ε,ἰηοτεάυῐί.
300 2501 370 2532 louein
379 2501 419 2530 Boll.
462 2501 496 2532 ³E.
504 2506 536 2531 aut.
576 2501 688 2532 ⁴E.alterum.
729 2501 817 2533 tilishn

116 2541 155 2572 udds
162 2542 188 2580 qui
196 2543 253 2571 Lachis
261 2541 330 2573 dicitur*
369 2540 402 2571 θΤ.
410 2542 478 2571 draconi.
498 2555 500 2557 ·
515 2542 516 2545 ’
530 2541 641 2572 ⁷T.deuorat.
688 2543 699 2566 -θ
709 2543 726 2573 E.
734 2541 817 2580 loquelum:

116 2582 302 2613 vltls.h11.clocom'us.
344 2580 355 2599 ¹⁰
364 2581 382 2611 T.
389 2581 468 2611 afronisia.
509 2582 520 2600 ¹¹
531 2582 614 2613 T.1natris.
654 2581 666 2600 ¹²
677 2582 694 2613 E.
703 2586 777 2613 mentem.
