1762 2803
69 139 114 194 mc
130 129 389 189 sanctoutbatcttc
405 139 463 194 teat
478 134 502 183 ct
518 131 660 186 tuscanen.
691 146 734 188 411

37 259 138 303 Anglorum
146 265 233 290 sermone
239 253 394 289 obseruabantur¹
402 253 425 287 ab
431 264 458 288 ea.
481 253 503 287 In
511 254 577 298 quibus
584 252 669 298 primitus
677 253 737 298 posuit

38 312 114 357 qualiter
128 309 147 343 id
163 308 262 342 emendare
278 307 354 341 deberet
368 307 399 351 qui
414 306 481 351 aliquid
497 317 559 341 rerum
574 307 604 341 vel
619 306 696 341 ecclesie
708 306 737 340 vel

37 362 118 410 episcopi
129 362 159 396 vel
174 360 286 405 reliquorum
302 359 387 395 ordinum
402 359 464 394 furtim
479 358 570 395 auferret:
589 359 654 395 volens
669 359 738 394 scilicet

37 418 131 452 tuitionem
143 415 170 448 eis
182 424 260 456 quorum
274 413 375 447 doctrinam
387 419 493 457 susceperat
504 419 593 455 prestare.
620 412 665 447 Eius
677 418 738 446 autem

38 466 138 505 sanctitatis
153 465 206 500 testis
219 470 247 499 est
263 465 361 509 antiquitas
372 470 492 509 veterumque
504 470 609 499 sanctorum
620 464 685 499 fauens
696 475 735 498 auc·
747 473 755 504 5

37 522 106 561 toritas,
121 521 170 563 quod
185 519 254 553 scilicet
270 518 370 562 antiquitus
385 518 512 562 aprimordio,
527 518 587 563 ipsius
601 520 650 552 inter
665 523 738 552 sanctos

38 575 127 610 celebrata
139 572 163 606 sit
175 571 286 605 solemnitas.
339 564 389 607 Cum
402 572 481 615 quodam
496 576 580 616 ternpore
595 572 635 606 eius
650 570 739 605 festivitas

38 627 166 672 negligeretur,
178 636 213 658 nec
226 624 308 669 porticus
322 635 355 659 sua
369 624 421 659 solito
432 630 497 660 ornatu
508 635 543 660 nec
555 624 624 660 lumine
634 623 738 667 vestiretur,

38 680 123 715 sacerdos
138 678 212 722 quidam
227 678 292 711 eadem
306 683 359 711 nocte
371 678 474 712 deuotionis
486 679 544 721 gratia
556 679 624 712 ibidem
639 678 738 720 excubans,

38 732 81 768 vidit
92 741 170 776 puerum
181 731 275 774 quendam
286 731 310 764 de
321 730 384 764 tumba
394 731 453 764 sancti
465 730 514 774 regis
526 732 626 775 procedere
638 741 679 765 cum
687 735 739 764 tanta
748 743 767 765 ιο

38 787 117 822 claritate
128 789 148 819 vt
164 783 245 828 porticus
257 788 294 818 tota
305 783 426 828 resplendere
436 784 540 819 videretur:
558 783 635 819 faculam
648 784 738 819 lucidissi-

39 849 86 872 mam
94 839 113 870 in
122 847 178 870 manu
190 838 279 879 gestabat,
287 837 342 870 facies
349 837 429 879 benigna
436 843 455 871 et
462 838 517 870 niuea
528 848 570 871 cum
581 837 638 871 oculis
650 837 739 871 sidereis²

39 891 64 925 illi
75 895 119 932 erat,
127 900 183 923 aurea
193 889 275 923 cesaries
286 888 373 923 humeros
383 888 468 931 velabat,
481 894 499 923 et
510 889 674 934 contemplatorem
685 900 739 924 suum

38 943 130 987 stupidum
139 947 157 976 et
164 941 256 985 trepidum
264 941 291 975 sic
296 942 371 977 affatur:
384 942 505 982 ‘Neclucem,
512 942 577 986 inquit,
585 942 629 976 mihi
637 942 655 975 in
664 943 739 977 hacvna

39 1007 79 1030 mea
90 999 143 1029 nocte
157 994 262 1028 ministrare
274 993 357 1036 curastis,
371 1005 405 1029 nec
417 994 463 1029 adeo
474 994 550 1038 dignum
562 994 692 1029 existimastis?
714 994 739 1029 At
748 1006 766 1037 15

39 1060 72 1093 ego
80 1047 157 1093 perenni
165 1047 266 1082 illustratus
275 1048 379 1091 splendore,
387 1058 503 1093 nequaquam
511 1053 574 1082 vestro
581 1047 655 1092 indigeo
659 1047 739 1083 lumine?

39 1102 79 1135 Hec
87 1102 202 1143 increpando
207 1101 276 1140 dicens,
281 1102 363 1134 tumbam
370 1111 427 1141 suam,
433 1102 499 1135 eodem
504 1101 648 1144 contemplatore
653 1101 740 1145 vigilante

39 1159 57 1189 ct
68 1153 207 1188 euidentissime
219 1153 306 1196 intuente,
314 1152 376 1188 subiit.
399 1152 421 1188 lu
432 1153 514 1188 misterio
525 1153 602 1189 visionis
613 1153 668 1188 huius
679 1159 739 1198 potest

41 1207 104 1250 videri,
119 1207 197 1241 formam
212 1207 265 1251 pueri
280 1207 383 1251 significare
397 1207 437 1241 eius
451 1213 493 1252 post
507 1207 619 1252 baptismum
634 1208 653 1241 in
667 1208 739 1242 Christo

41 1260 175 1303 simplicitatem
186 1266 241 1303 atque
256 1260 381 1304 euangelicam
393 1260 465 1303 paruuli
475 1260 610 1302 innocentiam
621 1261 640 1293 in
652 1260 739 1301 nuditate,
748 1276 767 1296 ιο

40 1313 122 1346 inornate
130 1323 164 1347 sue
172 1312 350 1357 porticusiniuriam,
354 1312 373 1346 in
378 1317 465 1357 pretensa
472 1313 563 1358 lampade,
569 1313 645 1347 fratrum
653 1314 739 1357 redargu·

39 1365 75 1399 isse
82 1365 211 1409 negligentiam
219 1371 237 1400 et
245 1365 339 1400 incredule
346 1366 426 1400 cecitatis
434 1365 511 1409 culpam.

61 1432 108 1476 [MS.
116 1433 137 1467 T.
145 1434 202 1468 adds:
343 1433 433 1468 Narratio.

61 1491 68 1509 ³
78 1484 146 1525 Abbas
155 1492 213 1525 Ysaac
221 1491 299 1526 ueniens
306 1492 325 1525 in
333 1491 496 1536 congregacionem
504 1491 587 1533 fratrum,
594 1491 639 1526 uidit
647 1492 739 1536 quendam

41 1554 64 1577 ex
75 1544 160 1578 fratribus
171 1544 286 1588 culpabilem,
294 1550 312 1578 et
324 1544 433 1578 adiudicauit
442 1555 490 1578 eum.
512 1545 559 1579 Cum
570 1551 631 1579 autem
639 1546 708 1579 exisset
716 1546 739 1579 ad

41 1595 142 1636 heremum,
155 1596 206 1629 uenit
219 1596 296 1639 angelus
308 1595 378 1629 domini
390 1601 408 1630 et
420 1596 470 1630 stetit
482 1601 525 1631 ante
537 1597 617 1630 hostium
633 1597 680 1631 celle
694 1597 740 1639 eius,
749 1610 767 1640 ²5

41 1647 114 1683 dicens:
126 1648 180 1683 ‘Non
187 1654 206 1683 te
214 1648 285 1683 dimitto
293 1649 372 1684 intrare.⁹
395 1648 436 1691 Quo
446 1658 520 1683 causam
530 1655 612 1693 rogante,
620 1649 696 1693 angelus
704 1648 740 1684 ait:

41 1699 101 1734 ‘Deus
109 1711 139 1734 me
150 1700 200 1734 misit
209 1706 229 1735 ut
238 1701 319 1735 dicerem
331 1701 375 1736 tibi:
387 1701 418 1734 ubi
430 1701 482 1735 iubes
493 1706 513 1735 ut
523 1703 593 1735 mittam
604 1702 655 1735 illum
666 1702 740 1737 fratrem

41 1752 149 1797 culpabilem
161 1764 216 1798 quem
228 1753 357 1788 adiudicastil'
385 1753 408 1787 Et
417 1753 479 1788 statim
492 1754 550 1788 abbas
565 1754 688 1797 penitenciam
698 1754 740 1798 egit,

41 1804 113 1840 dicens:
130 1806 229 1841 ‘Peccaui:
244 1807 320 1850 ignosce
331 1806 398 1840 michi!
420 1806 443 1841 Et
455 1806 543 1850 angelus:
555 1806 635 1850 ‘Surge:
647 1807 741 1851 ignoscet¹

41 1857 72 1890 tibi
84 1859 141 1900 deus,
150 1864 178 1893 set
188 1860 259 1893 custodi
269 1860 292 1892 de
303 1864 364 1893 cetero
372 1870 396 1893 ne
405 1858 498 1893 adiudices
509 1869 625 1903 quemquam,
633 1861 740 1903 priusquam
748 1875 768 1904 30

42 1910 86 1944 deus
98 1912 188 1946 adiudicet
201 1913 254 1946 eum.¹
302 1904 397 1956 ⁶Quidam
410 1912 510 1945 monachus
522 1916 564 1956 post
576 1916 615 1946 tres
626 1922 685 1946 annos
697 1923 740 1946 con-

42 1964 132 1997 uersionis
150 1976 184 1998 sue
202 1966 324 2006 contristatus,
340 1964 400 1999 abbati
415 1974 489 1998 causam
508 1963 582 1998 tristicie
601 1966 684 2008 querenti
703 1965 739 2000 ait:

42 2014 117 2050 ‘Habeo
129 2017 186 2051 lilium
197 2018 217 2051 in
228 2017 300 2052 ciuitate
312 2022 330 2051 et
341 2018 409 2052 uellem
419 2027 462 2051 eum
469 2017 492 2051 ad
501 2017 630 2052 monasterium
638 2017 740 2053 adducere:

43 2067 65 2101 Et
73 2080 114 2103 cum
122 2081 146 2104 ex
156 2070 227 2104 abbatis
237 2077 325 2115 precepto
334 2081 412 2114 puerum
423 2069 535 2113 adduxisset,
543 2069 586 2103 abiit
595 2071 618 2104 ad
628 2070 713 2104 abbatem
721 2072 740 2105 in

42 2120 143 2161 pistrinum.
166 2123 189 2156 Et
197 2129 263 2157 tenens
271 2124 328 2157 abbas
335 2123 429 2163 infantem,
436 2123 551 2166 amplexatus
558 2128 587 2157 est
595 2134 637 2157 eum
645 2129 663 2156 et
671 2123 740 2157 oscula·
748 2138 767 2167 35

42 2171 99 2218 batur,
107 2181 125 2208 et
133 2175 178 2209 dixit
188 2176 235 2220 patri
246 2175 297 2210 eius:
310 2175 379 2210 ‘Amas
391 2177 455 2210 euml’
474 2174 497 2209 Et
509 2174 550 2210 ille:
562 2174 644 2209 ‘Eciam'
668 2174 740 2211 Rursus

42 2226 86 2261 dixit
98 2229 126 2263 ei:
139 2229 230 2263 ‘Omnino
239 2230 298 2272 diligis
306 2232 369 2263 eumi'
393 2230 416 2264 Et
427 2231 462 2264 ait:
474 2229 558 2263 ‘liciam¹
582 2229 605 2262 Et
616 2229 673 2263 abbas
684 2230 740 2265 dixit:

42 2277 102 2314 ‘Tolle
114 2291 163 2325 ergo,
175 2283 191 2315 si
207 2292 258 2316 amas
269 2291 318 2324 eum,
330 2286 348 2315 et
360 2282 411 2315 mitte
423 2291 466 2315 eum
478 2281 497 2314 in
509 2282 604 2315 ardentem
615 2281 644 2314 hic
655 2281 740 2316 fumum!

44 2329 66 2364 Et
81 2339 147 2368 tenens
158 2340 210 2379 pater
222 2335 279 2369 filium
291 2345 350 2376 suum,
358 2335 431 2370 iactauit
442 2345 484 2369 eum
495 2335 514 2369 iu
525 2334 598 2368 furnum
610 2334 711 2376 ardentem,
722 2341 742 2370 et

43 2382 99 2420 factus
109 2392 138 2421 est
148 2389 209 2422 statim
219 2389 284 2422 furnus
294 2388 345 2422 uelut
352 2398 389 2422 ros.
412 2387 441 2422 Ex
451 2398 487 2432 qua
497 2397 517 2421 re
528 2386 625 2431 adquisiuit
635 2387 712 2430 gloriam
722 2389 741 2423 in
749 2403 770 2433 40

43 2440 125 2482 tempore
134 2451 167 2474 suo
176 2441 338 2485 (quemadmodum
346 2441 440 2475 Abraham
448 2440 556 2485 patriarcha.
595 2432 659 2475 ‘Cum
666 2440 741 2485 quidam

43 2492 99 2525 seculi
116 2495 186 2528 actibus
201 2494 288 2528 abdicatis
303 2494 416 2536 monasterii)
431 2493 536 2537 ingressum
551 2498 639 2535 rogasset,
652 2494 710 2528 abbas
724 2495 742 2529 ei

42 2548 211 2603 ³¹uiobseruantur.
257 2555 367 2586 ²E.sideriis.
405 2554 483 2584 ’Exvie
491 2553 531 2584 Patr.
539 2563 574 2591 910.
612 2553 741 2593 ¹VRignoscit¹

58 2588 81 2621 Cf.
89 2592 120 2624 Vit.
128 2593 169 2626 Patr.
177 2603 213 2633 952.
252 2594 259 2613 ⁰
269 2595 292 2625 Cf.
299 2595 330 2626 Vit.
338 2595 380 2626 Patr.
387 2596 427 2632 823;
437 2594 481 2624 Vinc.
489 2594 529 2625 Rell.
537 2593 597 2625 xvlll.
606 2603 628 2632 η.
