1762 2803
106 121 148 163 134
295 107 375 160 sunta
390 103 506 167 tratura
522 103 614 166 trotio.

104 227 166 262 natiuo
181 227 244 262 relicto
260 228 299 262 solo
314 228 333 261 in
345 227 432 271 Angliam
447 227 545 271 profectus,
557 231 576 260 et
591 236 635 259 mox
652 224 721 259 cunctis
740 224 806 259 charus

103 286 122 314 et
137 281 183 315 ciuis
201 281 270 324 patrie¹
287 281 368 322 effectus,
385 281 404 313 in
421 281 488 314 sanctis
506 280 587 313 moribus
604 284 622 312 et
638 278 700 312 celesti
717 278 807 322 sapientia

104 335 220 377 proficiebat;
238 339 256 367 et
268 333 335 367 relictIs
347 334 422 366 tandem
435 333 492 367 seculi
505 331 639 374 blandimentis,
649 331 742 365 Christum
754 330 806 374 sequi

104 389 186 430 cupiens,
202 386 332 420 monachorum
347 385 423 428 collegio
439 396 459 419 se
475 385 554 419 sociauit.
585 384 656 417 Mortuo
672 389 732 418 autem
747 383 807 416 Brith-

86 440 168 481 5waldo,
179 438 267 473 successit
278 437 378 471 Tadwinus
391 437 491 471 monachus
504 441 581 480 quatuor
592 436 651 470 annis.
674 436 707 469 Cui
719 435 807 469 successit

106 492 214 525 Nothelmus
226 490 307 534 quinque
318 490 376 523 annis.
405 489 433 523 llli
444 501 488 524 vero
500 500 547 523 anno
559 488 628 522 domini
643 488 807 532 septingentesimo

104 543 325 589 quadragesimosecundo
341 542 430 578 successit
446 543 562 584 Cuthbertus,
577 554 601 577 ex
619 542 685 576 illustri
704 542 807 586 Anglorum

104 597 189 641 prosapia
200 602 264 638 -ortus3
283 596 314 639 qui
329 596 425 630 ecclesiam
440 596 459 629 in
474 595 558 629 orientali
573 601 625 638 parte
640 595 714 629 maioris
731 595 807 629 ecclesie

104 649 165 684 eidem
179 660 227 694 pene
243 649 354 692 contiguam,
370 648 389 682 in
406 649 475 682 honore
487 648 536 682 beati
553 647 640 682 Iohannis
658 648 740 691 Baptista
753 647 807 681 fabri-

77 714 95 734 10
104 702 155 736 cauit.
186 702 240 735 Hanc
255 701 352 734 ecclesiam
367 713 389 735 eo
401 706 487 744 respectu
499 700 594 734 fabricauit
608 706 627 734 vt
637 705 658 733 et
669 700 776 744 baptisteria
790 705 808 733 et

104 753 249 789 examinationes
269 753 377 788 iudiciorum
396 764 430 797 pro
451 753 530 787 diuersis
553 752 613 787 causis
633 754 658 788 ad
676 753 808 787 correctionem

104 808 195 841 scelerum
209 806 253 840 inibi
269 807 410 848 celebrarentur,
426 810 444 839 et
459 805 638 850 archiepiscoporum
654 816 730 849 corpora
748 805 767 839 in
786 816 808 839 ea

104 860 231 904 sepelirentur,
243 860 314 894 sublata
329 860 352 893 de
369 858 430 893 medio
446 858 519 902 antiqua
535 858 666 893 consuetudine
681 869 717 902 qua
732 863 808 892 eatenus

104 913 123 946 in
146 913 223 947 ecclesia
245 913 368 956 apostolorum
389 912 440 945 Petri
458 917 476 945 et
499 911 550 945 Pauli
569 922 646 955 corpora
671 917 808 945 antecessorum

78 979 96 1009 15
106 976 181 1000 suorum
198 966 285 999 tumulari
303 965 391 1000 solebant.
426 964 475 999 Huic
494 964 629 1008 quintodecimo
648 964 764 1009 episcopatus
780 964 808 998 sui

105 1029 153 1052 anno
172 1018 263 1061 defuncto,
282 1023 300 1052 et
318 1018 337 1051 in
356 1017 433 1052 ecclesia
454 1017 511 1051 sancti
532 1017 619 1051 iohannis
638 1017 715 1061 sepulto,
734 1022 808 1051 sanctus

106 1072 219 1114 Bregwinus,
235 1071 276 1104 licet
292 1071 369 1103 multum
384 1070 470 1110 renitens,
487 1070 580 1103 successit.
611 1070 646 1103 Hic
661 1070 756 1113 speculum
770 1081 808 1103 om-

105 1123 159 1157 nibus
172 1135 183 1157 a
197 1124 231 1157 deo
243 1123 357 1165 constitutus,
373 1122 397 1156 ita
411 1123 430 1156 in
445 1123 514 1156 sanctis
529 1122 615 1165 operibus
631 1122 690 1155 clarus
704 1122 777 1164 effulsit,
789 1128 808 1156 vt

105 1175 136 1218 qui
151 1175 196 1209 lueis
214 1174 279 1208 semita
297 1175 383 1208 volebant
402 1174 494 1216 incedere,
515 1174 533 1207 in
553 1174 593 1207 eius
612 1173 649 1208 vita
669 1174 714 1207 satis
733 1180 809 1217 possent

77 1243 96 1263 κο
105 1232 168 1271 aperte
182 1226 251 1261 videre.
280 1227 364 1260 Tandem
378 1221 423 1260 vero
438 1226 491 1260 tertio
507 1225 623 1270 episcopatus
635 1225 663 1259 sui
677 1237 730 1268 anno,
742 1227 809 1269 plenus

104 1280 190 1323 operibus
206 1279 259 1313 bonis
274 1284 292 1313 et
309 1275 396 1313 virtutum
412 1278 503 1322 exemplis
519 1279 592 1312 celestia
608 1278 718 1320 conscendit,
730 1278 809 1322 septimo

105 1333 193 1367 kalendas
215 1331 336 1375 septembris;
356 1337 374 1366 et
395 1331 414 1365 in
433 1330 511 1365 e'cclesia
531 1330 589 1365 sancti
609 1330 695 1365 Iohannis
716 1331 809 1375 sepelitur.

88 1403 91 1411 ι
104 1378 202 1420 ²Euolutis
214 1390 276 1420 autem
287 1384 350 1429 paucis
360 1385 413 1419 annis
423 1384 519 1419 audientes
528 1384 581 1427 Dani,
589 1384 661 1428 Anglos
668 1383 685 1418 in
698 1384 748 1418 omni
760 1396 809 1429 pene

105 1449 173 1482 genere
188 1438 283 1471 hominum
297 1448 308 1470 a
321 1437 400 1481 pristino
414 1442 462 1471 statu
475 1437 579 1471 exorbitare
593 1442 611 1470 et
626 1437 697 1471 diuiciis
713 1448 733 1471 ac
746 1438 809 1481 volup·

79 1505 96 1535 ²5
105 1490 172 1524 tatibus
187 1489 245 1533 magis
263 1489 315 1523 solito
333 1500 408 1533 operam
424 1490 473 1531 dare,
489 1493 577 1534 ceperunt
595 1499 637 1523 cum
655 1489 713 1523 tribus
732 1489 809 1524 nauibus

105 1544 148 1578 illuc
163 1543 237 1578 directis
252 1544 330 1586 probare
345 1543 432 1586 quidnam
448 1543 522 1577 efficere
536 1548 618 1586 possent.
647 1543 683 1585 Qui
700 1553 741 1577 cum
758 1554 809 1587 pros-

106 1608 151 1640 pere
172 1596 259 1640 egissent,
274 1597 335 1630 classe
354 1601 418 1639 parata
438 1595 524 1639 Angliam
542 1606 579 1629 non
598 1596 656 1629 semel
674 1601 705 1629 aut
723 1596 757 1637 bis,
776 1597 809 1630 sed

107 1647 258 1693 [sepenumero]³
272 1647 358 1682 veniendi
373 1658 427 1682 vsum
440 1653 555 1693 acceperunt.
586 1648 669 1690 Quodam
686 1648 747 1692 itaque
763 1654 809 1683 tem-

106 1713 152 1745 pore
168 1712 209 1736 cum
223 1700 242 1735 in
254 1700 321 1735 Cancia
333 1700 469 1745 applicuissent,
482 1700 598 1735 Cantuarite⁴
610 1711 640 1735 res
653 1712 695 1735 suas
708 1702 730 1735 ad
747 1707 809 1736 sancta

79 1767 99 1794 3⁰
107 1756 146 1788 loca
157 1754 293 1788 transtulerunt.
318 1754 399 1795 Quorum
410 1764 458 1787 vnus
469 1754 543 1787 archam
555 1753 645 1787 frumento
655 1754 744 1797 repletam
754 1765 810 1797 super
844 1773 845 1777 =

107 1806 224 1851 sepulchrum
243 1806 291 1840 beati
311 1805 403 1850 Bregwini
420 1805 516 1840 constituit.
551 1805 627 1840 Planum
643 1805 733 1850 siquidem
748 1807 809 1851 sepul-

106 1860 170 1893 chrum
188 1858 226 1899 fuit,
241 1864 260 1892 et
277 1858 371 1902 paululum
388 1870 399 1892 a
414 1858 519 1902 pauimento
538 1858 595 1893 alcius
614 1865 743 1893 constructum.
777 1859 809 1894 Se·

106 1912 169 1956 quenti
183 1921 227 1947 vero
243 1911 272 1946 die
286 1912 341 1946 homo
355 1911 427 1955 longius
442 1912 517 1946 archam
532 1922 543 1946 a
555 1912 594 1947 loco
606 1912 706 1957 prolectam
722 1913 809 1957 repperit,

106 1976 163 2010 seque
179 1964 240 1999 minus
257 1969 309 1998 caute
326 1964 375 1998 illam
395 1965 494 1999 collocasse
513 1965 625 2008 existimans,
641 1965 751 2010 diligentiori
767 1977 810 2000 cura

79 2030 97 2059 35
106 2029 147 2052 eam
160 2017 244 2053 restituit.
271 2018 335 2051 Altera
345 2023 406 2051 autem
418 2018 447 2051 die
460 2029 552 2061 reuersus,
565 2019 646 2063 repperit
659 2020 734 2052 archam
747 2030 758 2053 a
769 2020 809 2053 loco

105 2071 143 2105 iam
157 2070 230 2114 longius
245 2075 308 2112 actam,
322 2070 413 2103 frumento
426 2071 469 2104 hine
482 2071 525 2105 inde
537 2082 571 2114 per
583 2072 709 2115 pauimentum
721 2072 810 2106 latissime

106 2134 176 2167 sparso.
211 2122 249 2156 Res
268 2128 307 2156 acta
326 2133 360 2166 per
375 2122 434 2156 vicina
450 2123 490 2157 loca
506 2123 592 2165 insonuit,
604 2129 622 2158 et
637 2124 673 2158 iam
692 2124 727 2157 alio
746 2126 810 2159 ordine

106 2176 225 2220 sepulchrum
240 2175 302 2209 famuli
318 2175 348 2208 dei
364 2176 429 2219 vulgus
444 2175 524 2210 inuisere
540 2176 594 2220 cepit.
646 2169 729 2221 Quidam
748 2178 809 2210 ambu-

106 2229 155 2263 landi
171 2228 230 2263 officio
246 2239 311 2262 carens
327 2233 344 2263 et
358 2229 442 2263 manibus
456 2229 540 2263 scabellis
553 2230 633 2264 innitens
646 2229 760 2274 genibusque
775 2241 809 2275 pro

79 2282 184 2325 4opedibus
200 2287 260 2324 vtens,
276 2292 329 2315 crura
347 2292 368 2314 ae
383 2282 441 2325 pedes
459 2283 536 2316 intortos
554 2288 597 2326 post
615 2288 687 2326 tergum
706 2283 810 2318 miserrime

106 2335 182 2369 trahens
199 2335 222 2368 ad
237 2335 319 2368 tumbam
338 2335 396 2369 sancti
414 2335 506 2379 Bregwini
523 2336 585 2371 venit:
609 2340 627 2370 et
646 2335 693 2369 illico
710 2336 810 2380 reparatis⁵

107 2388 184 2431 pedibus
202 2392 220 2421 et
239 2387 321 2422 extensis
339 2388 425 2422 omnibus
443 2389 537 2431 membris,
552 2390 623 2432 integre
642 2388 724 2423 sanitatis
739 2389 809 2423 benefi-

107 2440 155 2472 cium
170 2441 247 2482 adeptus
263 2446 296 2474 est.
341 2433 398 2473 Pueri
411 2440 485 2483 quidam
495 2441 613 2474 seueritatem
623 2441 706 2484 magistri
717 2441 809 2484 timentes,

137 2508 171 2537 1E.
179 2511 227 2545 patre.
265 2509 334 2538 ²These
342 2509 413 2538 miracles
421 2510 446 2540 ed.
455 2509 497 2538 inA.
506 2509 535 2539 SS.
544 2509 584 2539 Boll.
592 2518 607 2547 p.
615 2510 649 2548 829.
688 2510 734 2541 ³om.
742 2511 758 2540 in
766 2511 783 2542 T,
791 2512 809 2542 E.

107 2547 113 2565 ⁴
124 2547 141 2578 E,
149 2547 233 2577 cantuarie.
273 2547 279 2565 ⁵
289 2549 307 2580 T.
315 2549 332 2579 E.
341 2549 421 2587 reperatis.
