1762 2803
126 124 165 152 ιη
313 111 392 163 mono
408 108 523 170 uturum
539 106 631 170 tinette.

123 231 146 265 ad
154 230 212 266 instar
221 231 285 266 matris
295 243 337 267 care
344 230 435 276 virginem
445 230 519 266 anxiam
529 231 637 276 amplexans
648 241 668 264 se
676 229 759 274 prebuit:
773 229 824 264 Mox-

123 295 159 327 que
171 290 256 328 suscepta
267 285 343 329 virgine,
355 286 412 319 latera
423 290 466 319 ante
478 290 541 328 aperta
552 284 646 319 conclusit.
669 283 769 317 Carnifices
780 294 824 317 vero

124 337 185 371 omnia
193 343 244 381 petre
252 339 291 371 loca
298 338 407 382 perscrutati
415 343 463 381 sunt,
468 338 526 372 sicubi
533 343 596 382 erepta
604 336 663 371 subito
669 336 729 380 petral
737 348 761 370 ex
767 336 824 370 oculis

123 391 211 425 latitaret:
226 397 243 425 et
254 392 364 425 adherentes
376 391 484 425 exuuiarum
496 391 583 435 reliquias
594 395 613 424 et
624 390 678 424 affixa
690 401 734 424 saxo
745 390 825 424 vestium

107 455 115 484 5
125 445 181 479 frusta
188 446 333 487 deprehendunt.
349 445 454 479 Incredibili
460 451 520 479 autem
526 450 602 488 stupore
610 443 685 485 confusi,
691 445 714 477 ad
722 445 824 477 eruendum

124 498 203 540 lapidem
211 508 296 540 magnam
304 498 438 532 multitudinem
446 498 510 541 populi
520 498 660 540 congregabant.
684 497 737 537 Quod
747 508 788 530 cunr
799 502 825 530 at·

124 553 214 591 temptare
229 548 335 591 niterentur,
351 549 410 593 fulgor
428 549 480 583 nimii
498 549 602 593 splendoris
620 553 639 582 et
656 548 717 591 fragor
733 547 825 582 maximus

124 607 198 635 cunctos
207 601 238 645 qui
245 603 321 635 aderant
329 603 433 646 prostrauit,
442 608 460 636 et
468 603 549 646 fugiente
559 612 616 635 sensu
624 602 693 646 pariter
704 606 722 635 et
732 602 798 643 anima,
806 601 825 634 in

124 659 206 688 eternam
218 660 297 689 mortem
310 656 372 689 oculos
386 656 496 690 clauserunt.
519 655 571 689 Multi
583 665 627 689 vero
641 655 664 688 ad
676 654 766 699 templum
779 654 825 698 fugi-

97 714 116 735 10
124 713 182 750 entes,
196 708 219 741 ab
231 708 273 751 igne
285 709 308 742 de
321 709 359 742 celo
372 709 429 743 misso
443 708 532 743 combusti
545 714 593 743 sunt.
617 708 640 742 Et
651 707 676 742 ita
688 707 755 741 factum
767 712 795 741 est
806 712 825 741 vt

124 761 174 795 iuxta
182 760 262 804 lapidem
270 767 288 796 et
296 762 314 796 in
325 763 394 805 templo
405 762 486 805 quinque
496 761 546 796 milia
556 767 574 796 et
585 760 701 805 septingenti,
710 760 825 804 exigentibus

124 813 209 857 peccatis
218 824 295 859 corpore
303 820 321 849 et
329 815 390 849 anima
397 814 491 860 perierunt
496 815 507 849 ².

223 920 238 957 ll
251 913 284 954 DE
295 931 366 954 SANCTO
378 913 466 954 BENIGNO
478 930 564 954 EPlSCOPO
576 930 599 953 ET
610 929 731 953 CONFESSORE.

128 987 230 1064 SAnctus
238 987 288 1021 enim
297 987 396 1031 Benignus,
404 987 422 1020 in
431 987 530 1031 regimine³
539 987 638 1031 pontificali
646 987 742 1021 transactis
750 986 826 1020 feliciter

180 1040 199 1074 in
208 1040 298 1074 Hibernia
305 1040 358 1075 annis
368 1041 434 1082 multis,
443 1042 521 1084 quadam
529 1045 582 1075 nocte
590 1045 691 1084 soporatus,
699 1051 733 1084 per
740 1040 826 1084 angelum

99 1101 116 1131 15
126 1095 240 1134 admonetur,
252 1093 330 1136 patriam
346 1104 398 1126 suam
410 1094 515 1136 relinquere
532 1098 555 1134 et,
567 1094 668 1126 voluntaria
679 1094 826 1136 peregrinatione

125 1150 215 1189 suscepta,
225 1145 293 1179 deserti
301 1151 372 1179 secreta
379 1151 447 1188 petere.
471 1145 518 1179 Mari
525 1145 580 1189 igitur
587 1156 676 1189 prospere
684 1146 766 1187 transito,
775 1146 826 1180 Glas-

125 1198 194 1233 toniam
209 1197 291 1239 veniens,
304 1203 388 1232 sanctum
404 1197 502 1233 Patricium
518 1198 598 1241 inuenit3
618 1198 649 1242 qui
664 1198 681 1232 ei
697 1198 752 1233 dixit:
772 1198 826 1232 ‘Pro-

125 1252 214 1292 ficiscere,
222 1252 247 1285 mi
255 1252 316 1294 frater,
325 1252 389 1285 baculo
400 1257 431 1285 tuo
442 1256 543 1294 contentus,
552 1256 619 1286 etcum
630 1252 653 1285 ad
662 1252 722 1286 locum
733 1263 744 1286 a
752 1252 826 1286 domino

125 1305 158 1339 tibi
172 1304 317 1350 predestinatum
331 1304 371 1348 ipso
383 1305 461 1339 ducente
477 1304 590 1349 perueneris,
604 1316 719 1349 quocumque
735 1306 773 1339 solo
789 1306 827 1339 fixo

99 1359 189 1392 robaculo
204 1363 235 1391 tuo
250 1358 311 1401 ipsum
325 1358 422 1400 virescere,
438 1358 536 1392 florescere
552 1364 570 1392 et
585 1359 702 1392 frondescere
717 1359 790 1401 videris,
803 1359 827 1392 ibi

125 1412 158 1445 tibi
166 1410 284 1444 habitandum
292 1416 310 1444 et
318 1411 441 1452 habitaculum
451 1416 569 1454 preparatum
578 1411 662 1445 noueris.¹
686 1412 721 1453 Qui
730 1412 827 1445 comitante

126 1465 206 1507 quodam
216 1474 274 1507 puero
285 1463 360 1497 nomine
372 1463 434 1497 Pincio
445 1463 548 1507 profectus;
560 1475 595 1508 per
602 1475 700 1498 nemorosa
710 1470 728 1498 et
738 1465 827 1508 paludosa

127 1517 166 1551 loca
181 1516 291 1561 gradientes,
306 1517 329 1549 ad
344 1517 436 1559 quandam
451 1516 530 1550 insulam
548 1518 622 1551 nomine
638 1518 747 1552 Ferramere
762 1529 827 1562 perue-

121 1575 205 1616 nerunt:
222 1574 240 1602 et
252 1569 289 1601 fixo
303 1569 327 1601 ibi
342 1569 411 1611 baculo,
425 1569 517 1603 virescere
532 1570 606 1604 frondes
622 1576 640 1603 et
655 1570 710 1604 flores
726 1572 827 1614 producere

101 1632 118 1662 ²5
128 1623 181 1667 cepit.
204 1622 243 1656 Illis
258 1621 308 1656 enim
321 1621 435 1665 temporibus
451 1622 518 1656 fluuius
531 1634 586 1667 quem
601 1634 650 1657 nunc
665 1623 733 1658 ibidem
746 1623 828 1658 defluere

128 1678 226 1717 cernimus,
238 1687 275 1709 non
287 1681 330 1709 tunc
341 1676 443 1718 defluebat3
461 1677 494 1709 scd
506 1676 570 1715 diebus
584 1676 660 1720 singulis
672 1677 769 1720 penuriam
781 1689 828 1721 aque

128 1730 204 1764 nimiam
216 1729 245 1764 vir
257 1729 286 1763 dei
299 1740 340 1762 cum
353 1739 411 1772 puero
423 1729 533 1772 paciebatur.
557 1730 580 1763 Et
593 1741 634 1764 cum
647 1730 677 1764 die
689 1731 768 1773 quadam
782 1742 828 1774 puer

128 1794 194 1826 aquam
209 1781 226 1815 ei
240 1781 322 1815 humeris
338 1783 361 1815 de
377 1782 432 1826 longe
447 1782 530 1815 baiulans
545 1782 564 1815 in
583 1782 648 1816 itinere
664 1783 757 1826 dormiret,
770 1784 828 1817 hostis

128 1836 218 1879 malignus
230 1835 324 1868 vasculum
339 1835 425 1868 auferens
440 1834 523 1868 abcessit.
552 1835 646 1878 Euigilans
659 1846 706 1878 puer
721 1840 738 1868 et
754 1847 828 1869 merens

100 1898 119 1927 30
127 1888 210 1932 protinus
226 1898 267 1921 cum
282 1887 382 1931 lachrymis
396 1887 415 1921 in
431 1888 478 1921 hanc
492 1898 557 1921 vocem
569 1888 652 1931 prorupit
666 1888 740 1923 dicens:
759 1889 828 1931 ‘Heus,

127 1941 190 1985 inquit,
198 1940 231 1974 tibi
240 1941 304 1984 loquor
314 1940 424 1984 quicumque
436 1951 498 1974 meum
509 1940 579 1974 furatus
590 1952 610 1974 es
618 1941 724 1975 vasculum:
737 1946 786 1975 ente
795 1953 828 1985 pcr

127 1996 182 2028 deum
195 1994 228 2027 celi
239 1994 303 2027 adiuro
315 2004 370 2037 quem
383 2004 436 2027 meus
447 1993 535 2037 magister
546 1994 610 2027 beatus
622 1994 717 2037 Benignus
730 1995 798 2036 adorat,
810 1995 828 2027 in

127 2058 183 2092 quem
194 2046 252 2081 credit
265 2057 286 2081 ac
298 2046 376 2081 fideliter
387 2046 448 2089 seruit,
460 2052 479 2081 vt
490 2046 534 2080 illud
546 2045 601 2080 michi
615 2046 722 2081 festinanter
734 2047 829 2082 restituas.¹

128 2102 167 2135 Nec
182 2111 239 2143 mora,
252 2111 286 2134 vas
299 2100 339 2134 eius
350 2100 427 2134 vlterius
440 2110 503 2134 secum
518 2101 586 2133 demon
599 2100 679 2134 retinere
694 2100 782 2144 nequiuit,
796 2102 829 2135 sed

100 2163 119 2194 35
128 2154 175 2188 dicto
187 2153 239 2188 citius
251 2153 334 2195 restituit,
343 2158 361 2187 et
373 2153 497 2187 cachinnando
509 2152 583 2197 aufugit.
607 2153 659 2195 Quod
670 2153 746 2187 audiens
755 2158 829 2188 sanctus

128 2208 228 2252 Benignus,
240 2212 332 2251 prostrato
344 2207 363 2240 in
377 2212 445 2240 terram
457 2212 495 2240 toto
510 2217 593 2250 corpore,
604 2217 646 2241 cum
659 2217 724 2250 preces
738 2208 761 2240 ad
774 2208 829 2241 deum

127 2262 204 2295 deuotas
216 2260 304 2301 fudisset;
321 2259 483 2303 angelusdomini,
494 2260 561 2303 pennis
576 2259 687 2303 fulgentibus
702 2259 741 2293 alas
754 2260 829 2302 habens,

128 2313 250 2356 flammeoque
262 2318 336 2356 aspectu
348 2312 442 2354 irradians,
454 2312 538 2356 apparuit
550 2312 567 2346 ei
579 2312 654 2346 dicens:
670 2312 771 2346 ‘Constans
785 2318 830 2354 esto,

129 2377 182 2401 seruc
191 2366 230 2400 dei:
243 2366 328 2400 exaudite
336 2372 379 2400 sunt
387 2366 479 2399 orationes
487 2371 517 2399 tue
525 2378 529 2399 :
542 2365 593 2399 mitte
601 2375 679 2408 puerum
686 2369 737 2398 tuum
746 2365 829 2400 Pincium

101 2429 121 2457 40
129 2420 152 2452 ad
166 2419 272 2453 orientalem
285 2420 331 2453 celle
343 2424 374 2453 tue
386 2420 465 2463 plagam,
474 2418 505 2452 vbi
518 2424 587 2452 terram
599 2418 663 2451 baculo
675 2423 705 2451 tuo
719 2418 829 2462 percutiens,

129 2472 198 2507 fontem
209 2472 324 2516 perhennem
336 2472 421 2507 abunde*
434 2482 509 2506 manare
521 2470 600 2506 videbit)
624 2470 708 2506 Perrexit
723 2482 767 2516 ergo
783 2482 830 2516 puer

149 2541 154 2558 ¹
165 2541 184 2570 V,
190 2541 208 2570 B.
213 2542 266 2577 preda.
306 2541 312 2558 ²
322 2542 357 2570 The
365 2542 430 2580 Collect,
437 2542 501 2570 written
508 2541 530 2578 by
536 2550 546 2569 a
553 2540 593 2569 later
599 2541 646 2579 hand,
653 2541 666 2569 is
673 2541 725 2579 partly
731 2541 830 2570 unreadable.

129 2580 134 2598 ³
146 2581 163 2611 E.
171 2581 240 2619 regione.
302 2580 307 2597 ⁴
318 2581 336 2611 T.
343 2582 427 2612 abundare.
