1762 2803
140 166 180 221 ιο1
328 151 408 204 muta
424 148 540 211 tramea
555 146 647 210 tinette.

138 275 163 303 De
170 278 225 303 saneto
230 273 320 311 Bothulpho
328 273 383 302 abbate
390 276 406 301 et
411 273 472 301 eonses·

178 331 215 351 sore

138 370 163 398 De
170 374 224 398 sancto
232 369 317 406 Bregwino
324 368 400 405 episcopo
409 372 426 396 et
436 377 473 396 eon-

178 417 240 445 sessore

139 463 164 491 De
171 467 225 499 sancto
233 462 317 492 Brendano
324 461 380 489 abbate

139 509 164 538 De
171 513 225 538 sancta
232 508 297 544 Brigida
303 508 364 544 virgine

139 556 164 585 De
178 560 233 585 sancto
240 555 317 584 brithuno
324 553 380 583 abbate
388 557 404 582 et
413 553 473 583 confes·

179 613 215 632 sore

138 650 163 680 De
172 655 227 680 sancto
237 649 324 680 Bertellino
331 648 407 679 heremita
414 652 430 679 et
437 658 473 678 oon-

178 698 239 727 sessore
426 731 429 736 ¹

139 744 163 774 De
177 748 232 774 sancto
243 744 306 773 Cadoco
319 743 394 781 episcopo
405 746 422 771 et
433 751 473 772 mar·

179 796 214 829 tyre
425 793 427 796 ’

138 839 164 868 De
170 843 225 869 saneto
233 839 315 869 Carodoco
322 838 399 867 heremita

139 886 164 916 De
172 891 226 916 sancto
234 887 321 916 Carantoco
329 887 419 916 confessore

139 933 164 962 De
183 938 238 962 saneto
260 934 305 962 Cedd
323 934 404 970 episeopo,
427 932 475 962 fratre

180 980 230 1009 sancti
238 980 292 1009 Cedde
300 980 371 1017 episcopi

140 1027 164 1056 De
175 1032 230 1057 sancto
241 1027 294 1057 Cedda
305 1027 380 1065 episeopo
388 1030 405 1056 et
415 1026 475 1056 conses-

179 1084 216 1105 sore

140 1121 165 1150 De
172 1126 226 1151 sancto
234 1122 280 1151 Claro
288 1122 375 1160 presbitero
383 1126 399 1151 et
406 1125 475 1158 martyre

140 1168 165 1198 De
172 1174 227 1199 sancto
235 1169 304 1198 Clitaueo
312 1179 350 1206 rege
358 1173 373 1198 et
380 1172 449 1206 martyre

139 1215 164 1244 De
174 1220 230 1245 sancto
241 1216 311 1245 Coiirido
321 1216 378 1245 abbate
388 1220 404 1244 et
415 1216 475 1244 confes-

179 1272 216 1292 sore

139 1309 164 1338 De
173 1313 228 1339 sancto
238 1310 314 1340 Columba
324 1310 380 1339 abbate
389 1313 406 1339 et
415 1310 475 1339 contes-

179 1365 215 1385 sore

140 1400 164 1429 De
174 1404 229 1430 sancto
240 1401 337 1430 Columbano
346 1400 402 1430 abbate
413 1405 429 1430 et
439 1409 474 1430 con·

178 1448 238 1478 sessore

140 1493 164 1522 De
171 1498 226 1523 saneto
234 1494 321 1523 Cuthberto
330 1494 404 1531 episcopo
415 1498 431 1522 et
438 1503 474 1523 con·

180 1541 240 1570 fessore

141 1586 166 1615 De
179 1590 233 1616 sancta
248 1587 338 1624 Cuthburga
352 1587 406 1624 regina
418 1591 434 1616 et
446 1588 475 1616 vir-

181 1634 219 1671 gine

140 1680 165 1710 De
177 1685 232 1710 saneto
243 1681 316 1718 Cungaro
327 1682 403 1711 heremita
413 1685 429 1711 et
439 1691 475 1711 eon·

180 1729 240 1758 sessore

140 1776 165 1805 De
175 1780 230 1806 saneto
241 1776 293 1806 Dauid
303 1776 378 1814 episeopo
388 1781 405 1806 et
415 1776 475 1807 conses-

180 1832 217 1851 sore

141 1869 166 1898 De
173 1874 228 1899 sancto
236 1870 327 1899 Decumano
335 1871 412 1900 heremita

140 1915 165 1944 De
172 1919 227 1945 saneto
235 1917 323 1946 Deusdedit
332 1917 450 1954 archiepiscopo
459 1920 476 1947 et

180 1963 270 1992 consessore

141 2009 165 2038 De
172 2013 228 2039 sancto
236 2010 310 2039 Dubricio
317 2011 355 2048 epis.
361 2015 377 2040 et
384 2011 476 2041 consessore

140 2056 166 2085 De
175 2061 230 2086 sancto
238 2057 322 2087 Dunstano
331 2058 406 2096 episeopo
416 2062 432 2088 et
439 2068 475 2088 con·

180 2104 241 2133 sessore

140 2149 165 2179 De
175 2154 229 2180 sancta
239 2150 324 2180 Eanswida
333 2151 395 2189 virgine
404 2155 420 2181 et
431 2151 476 2181 abba-

180 2197 220 2226 tissa

141 2243 165 2272 De
179 2247 234 2273 sancto
246 2244 286 2273 Eata
300 2244 376 2281 episcopo
387 2248 403 2273 et
415 2245 476 2274 conses-

180 2300 217 2320 sore

89 2376 91 2380 Ι
141 2338 165 2367 De
172 2342 227 2367 sancta
234 2338 277 2368 Ebba
283 2338 344 2376 virgine
352 2343 368 2369 et
374 2338 452 2369 abbatissa

141 2384 166 2413 De
173 2389 228 2414 sancta
235 2386 309 2422 Edburga
316 2385 377 2423 virgine
385 2390 401 2416 et
408 2390 476 2424 martyre

141 2431 166 2459 De
173 2436 228 2461 sancto
236 2433 300 2469 Edgaro
307 2442 345 2469 rege
352 2437 368 2462 et
375 2433 466 2463 consessore

141 2477 166 2506 De
173 2483 228 2508 sancta
235 2479 292 2509 Editha
297 2480 358 2517 virgine
366 2484 382 2510 et
388 2480 467 2510 abbatissa

142 2524 166 2553 De
176 2529 231 2554 sancto
239 2526 321 2557 Edmundo
331 2528 406 2565 episcopo
416 2532 433 2557 et
440 2537 476 2558 con-

181 2571 242 2601 sessore

505 273 529 301 De
536 277 590 302 sancto
598 272 681 300 Edmundo
688 280 726 308 rege
734 275 750 300 et
756 275 825 308 martyre

505 319 530 348 De
537 322 592 348 sancto
597 318 675 348 Edwardo
682 326 720 354 rege
728 322 744 347 et
749 317 840 347 consessore

505 366 530 395 De
537 371 592 395 saneto
600 365 679 395 Edwardo
686 374 724 402 rege
732 368 747 395 et
754 369 824 402 martyre

506 413 530 441 De
537 417 593 442 sancto
601 412 667 441 Edwino
675 421 712 448 rege
720 415 736 441 et
743 415 812 449 martyre

505 460 530 488 De
537 464 591 489 saneto
599 459 676 488 Edwoldo
683 459 774 488 consessore

505 506 530 535 De
537 510 592 536 sancto
599 506 668 543 Egberto
675 506 753 535 monacho

506 552 530 581 De
537 557 592 582 sancto
600 552 661 589 Egbino
668 552 745 582 monacho

505 599 530 629 De
537 604 592 629 sancto
600 599 667 637 ngiho
674 599 749 638 episcopo
757 603 773 629 et
780 598 840 629 conses-

544 655 581 677 sore

505 693 531 723 De
537 698 592 723 saneta
599 693 659 723 Elileda
666 693 745 723 abbatissa
752 698 768 723 et
773 693 834 730 virgine

506 741 531 770 De
538 745 598 771 «saneto
611 741 682 780 Elphego
694 741 813 778 archiepiscopo
825 744 841 770 et

545 792 615 826 martyre

506 836 531 865 De
544 840 599 866 saneto
613 836 718 866 Erkenwaldo
735 835 810 873 episcopo
825 840 841 864 et

546 883 637 912 consessore

506 930 531 959 De
538 935 593 960 saneta
601 930 692 960 Ermenilda
698 929 752 967 regina

507 977 532 1006 De
538 986 584 1006 seruo
592 977 617 1006 dei
625 976 714 1007 Esterwino
721 977 777 1006 abbate

507 1024 531 1053 De
542 1028 597 1053 sancto
607 1024 698 1054 Ethelberto
708 1033 746 1061 rege
756 1027 772 1053 et
780 1023 842 1053 conses-

545 1080 582 1101 sore

507 1119 532 1147 De
540 1123 596 1148 saneto
606 1118 697 1148 Etheiberto
704 1128 742 1155 rege
750 1122 766 1147 et
773 1121 841 1154 martyre

507 1165 532 1194 De
539 1170 593 1195 saneta
601 1166 696 1203 Ethelburga
702 1165 764 1202 virgine
774 1168 790 1195 et
796 1164 841 1194 abba-

547 1213 587 1242 tissa

508 1258 532 1287 De
539 1263 594 1288 saneta
601 1258 698 1288 Etheldreda
704 1258 766 1295 virgine

508 1306 532 1335 De
544 1306 603 1335 sanetis
617 1306 702 1335 Etheiredo
715 1309 732 1334 et
746 1304 842 1334 Ethelbricto

546 1354 635 1382 martiribus

507 1400 532 1429 De
546 1404 601 1430 sancto
616 1399 717 1430 Ethelwoldo
734 1399 809 1436 episcopo
826 1403 842 1428 et

547 1446 637 1476 consessore

510 1495 535 1524 De
545 1499 601 1525 sancto
610 1495 662 1525 Felice
672 1494 748 1533 episcopo
758 1498 773 1524 et
782 1493 843 1524 conses-

547 1551 584 1572 sore

507 1589 532 1617 De
540 1593 595 1618 sancto
603 1589 664 1618 Fiacrio
673 1589 750 1618 heremita
759 1592 776 1618 et
782 1589 843 1618 conses-

547 1645 583 1665 sore

508 1683 532 1712 De
539 1692 586 1712 seruo
594 1683 619 1712 dei
627 1682 687 1712 Finano
697 1683 771 1721 episeopo
779 1686 795 1712 et
806 1692 843 1712 con·

546 1729 607 1759 sessore

507 1777 531 1807 De
543 1782 598 1807 saneto
608 1776 679 1806 Foillano
690 1777 765 1815 episcopo
776 1781 793 1807 et
803 1786 842 1806 mar-

546 1828 582 1861 tyre

507 1871 532 1899 De
539 1874 594 1899 saneto
602 1870 615 1899 F
615 1870 691 1899 remando
699 1879 737 1907 rege
744 1873 760 1899 et
767 1874 836 1907 martyre

507 1918 532 1947 De
539 1921 594 1947 sancta
601 1918 614 1946 F
614 1917 699 1947 rediswida
705 1917 766 1955 virgine

507 1965 532 1994 De
540 1970 595 1995 sancto
601 1966 661 1994 Furseo
668 1964 724 1994 abbate
730 1970 746 1994 et
752 1965 843 1994 consessore

508 2012 533 2041 De
540 2015 596 2041 saneto
604 2011 650 2040 Gilda
657 2011 713 2040 abbate
720 2015 736 2041 et
743 2014 811 2049 martyre

508 2059 533 2088 De
540 2063 595 2088 saneto
603 2059 673 2088 Giiberto
681 2058 772 2088 consessore

508 2107 533 2136 De
538 2106 715 2136 sanctossodricoseruo
720 2106 843 2136 deietheremita

508 2153 533 2183 De
540 2156 594 2182 sancto
601 2152 691 2182 Grimhaido
698 2153 753 2181 abbate
759 2156 775 2181 et
782 2154 843 2189 confes,

547 2209 584 2229 sore

508 2247 533 2275 De
540 2250 595 2275 sancto
604 2245 682 2275 Gudwaio
692 2245 768 2282 episeopo
779 2251 795 2276 et
804 2256 842 2276 con·

547 2293 607 2323 sessore
618 2298 619 2302 ¹

508 2340 533 2369 De
540 2344 595 2370 sancto
603 2338 676 2369 Gundleo
683 2348 722 2376 rege
729 2343 745 2369 et
752 2340 843 2371 confessore

508 2387 533 2416 De
539 2391 595 2416 sancto
602 2386 680 2415 Guthlaco
688 2386 779 2417 confessore

508 2434 533 2463 De
540 2437 595 2462 saneta
602 2433 666 2462 Helena
673 2432 727 2470 regina

508 2480 533 2509 De
540 2483 595 2509 saneto
602 2478 673 2508 Henrieo
680 2480 757 2510 heremita

508 2527 533 2556 De
540 2526 599 2556 sanetis
604 2526 683 2557 Hewaido
689 2527 738 2566 Nigro
743 2532 759 2558 et
765 2528 843 2560 Hewaldo

547 2573 583 2603 albo
590 2573 684 2611 martyribus
