1762 2803
73 92 75 98 ,
117 133 159 177 542
174 172 176 177 ,
383 118 507 179 sonetur
524 121 555 165 ΙΙ.

115 246 132 279 p.
138 233 183 278 tos]
196 242 211 278 5.
218 236 465 270 Dnsnncmsnrnnoom:
474 242 621 270 rnurnnrnocro
629 237 726 270 Iounuurs
732 238 818 276 Aucurcr.

118 305 196 370 Sancta
210 304 299 345 Sexburga
313 304 358 346 regis
374 304 496 346 Estanglorum
511 304 562 338 Anne
577 304 608 338 suit
623 304 662 344 filia,
675 315 709 347 que
724 316 763 339 cum
777 308 817 342 ado-

156 354 230 397 lenisset,
238 355 351 389 Ercomberto
361 355 397 397 regi
409 355 521 390 Cantuariea
530 355 629 400 parentibus
638 356 711 390 traditur
720 356 737 390 in
744 368 818 395 uxorem.

116 406 193 447 Natique
205 411 244 439 sunt
257 405 290 439 illis
301 406 331 439 filii
342 417 391 447 reges
403 407 489 448 Egbertus
501 414 518 441 et
530 406 628 447 Lossrarius,
643 407 676 440 filie
690 417 757 449 quoque
771 419 818 443 sanc·

116 455 182 489 tissime
195 455 295 488 Ermenilda
308 462 325 489 et
337 456 448 498 Erkengoda,
462 467 535 498 quarum
548 456 595 498 prior
608 457 666 490 iuncta
677 462 703 489 est
716 457 818 493 Merciorum

98 524 107 554 5
115 504 151 547 regi
159 505 240 547 Wulsero,
248 516 282 549 que
291 511 369 539 sanctam
379 506 444 549 peperit
452 507 572 549 Werburgam.
594 507 654 541 Altera
664 516 704 540 vero
713 506 752 549 filia,
760 514 818 543 sancta

116 556 151 589 scil.
166 558 272 598 Erkengoda
287 558 310 589 ad
325 558 417 589 Franciam
432 558 491 598 missa,
506 558 523 590 in
538 558 642 590 monasterio
657 569 668 589 a
681 564 741 590 sancta
754 558 818 600 virgine

116 607 173 639 Phara
183 613 281 640 constructo
291 607 360 641 nomine
370 608 422 650 Brige
430 608 510 641 monialis
520 614 547 642 est
558 608 624 641 effecta.
647 609 694 641 Nam
706 618 727 641 eo
738 613 818 651 tempore,

115 662 148 690 etc.
157 656 208 699 (from
215 659 257 691 here
265 669 312 691 same
320 663 355 691 tert
363 658 380 690 in
388 660 417 692 the
425 658 506 692 Narratio
514 660 537 692 ad
545 659 562 691 S.
571 657 689 700 sexburgam).

116 755 133 787 p.
141 742 186 788 ⁶14]
221 746 236 778 6.
252 746 283 777 Du
294 752 366 779 mucro
378 747 486 778 Huicimmo
497 753 562 779 runno
573 753 586 778 n
597 752 661 778 raras
672 752 750 779 occiso:

306 797 407 829 lonnuuss
419 804 440 829 nr
452 803 572 830 urnurrrocro
584 803 625 830 suo.

139 856 192 890 Same
200 863 234 890 text
242 868 261 890 as
269 857 298 890 the
307 857 388 890 Narratio
396 858 419 890 ad
426 858 552 898 Weneiredam.

116 958 133 989 p.
141 946 185 989 764]
209 955 224 987 7.
240 948 270 978 Du
282 954 354 980 snucro
366 949 455 980 luurrrrto
468 954 628 986 rrarausnrrcrn
639 949 781 987 Eruutnnmm,

253 1004 351 1034 Qunnrrna
362 1005 384 1029 m
395 1005 485 1030 uccnasrn
497 998 569 1030 Sertori
581 997 683 1030 Enuruunr.

120 1059 215 1127 Iurminus
230 1059 279 1093 miles
294 1060 377 1103 egregius,
394 1061 508 1096 Orientalium
522 1060 567 1103 regis
584 1061 679 1103 Anglorum
697 1061 748 1095 Anne
766 1060 819 1095 extitit

90 1125 109 1146 ro
149 1111 205 1152 proles
221 1110 327 1152 magnificus,
343 1122 364 1143 ac
378 1117 438 1145 sancte
453 1111 559 1145 Etheldrede
575 1111 648 1145 duorum
664 1121 725 1153 regum
743 1111 818 1153 coniugis

117 1167 134 1195 et
145 1160 215 1203 virginis
226 1160 244 1193 in
257 1172 308 1193 euum
320 1161 437 1204 permanentis
449 1162 502 1195 frater
513 1172 611 1205 gennanus.
634 1161 669 1195 llic
682 1160 746 1195 relictis
757 1163 819 1204 seculo,

116 1216 169 1254 patre,
181 1212 237 1251 fratre,
249 1221 311 1252 sorore,
323 1222 344 1244 ac
353 1211 401 1253 regio
411 1212 490 1254 parracio,
498 1212 573 1245 solitarie
581 1213 616 1245 vite
628 1213 682 1244 cultor
693 1218 710 1244 et
722 1213 819 1245 heremitico

117 1261 253 1295 conuersaeionis
269 1260 379 1303 infatigabilis
394 1270 512 1305 permanserat
526 1268 617 1296 executor:
635 1263 669 1305 qui,
684 1263 707 1295 ob
722 1263 819 1296 meritorum

117 1321 187 1346 suorum
198 1311 304 1354 erigenciam
316 1311 432 1355 exempcionis
444 1323 475 1346 sue
486 1313 508 1347 de
520 1312 595 1356 presenti
606 1312 642 1346 vita
653 1322 728 1354 nequam
738 1312 819 1355 prescius,

91 1377 108 1408 ¹5
117 1364 173 1397 locum
186 1363 272 1405 sepulture
286 1363 303 1396 iu
318 1363 398 1406 oratorio,
410 1363 506 1397 Bliborwe²
517 1364 605 1404 vocabulo,
619 1363 651 1396 sibi
663 1364 771 1406 peculiariter
782 1373 819 1406 pre-

117 1412 173 1454 elegit,
180 1418 197 1446 et
205 1414 309 1454 preelectum
317 1414 351 1446 suis
360 1414 412 1447 sacris
421 1414 519 1455 pignoribus
528 1415 569 1447 satis
577 1414 643 1447 celebre
649 1414 737 1447 decorauit
741 1414 752 1454 ²,
760 1424 781 1446 ac
789 1415 819 1446 sub

117 1461 235 1496 obtestacione
245 1461 303 1495 diuine
312 1462 388 1495 essentie
399 1463 495 1505 precipiens
503 1469 521 1496 vt
531 1464 587 1496 nullus
597 1463 695 1495 mortalium
706 1463 772 1496 futurus
781 1462 819 1495 reli-

118 1511 166 1555 quias
174 1512 200 1545 sui
208 1511 252 1545 sacri
260 1512 336 1554 corporis
344 1522 355 1545 a
364 1513 403 1546 loco
414 1514 499 1555 sepulture
510 1524 541 1546 sue
550 1512 627 1555 primitus
635 1512 690 1546 electo
701 1519 718 1546 et
726 1513 777 1547 adeo
788 1512 819 1546 sibi

118 1572 205 1604 concesso,
220 1561 281 1607 quouis
299 1563 351 1596 modo
369 1573 439 1597 mouere
457 1569 572 1608 attemptaret.
596 1563 625 1597 Set
643 1573 747 1607 quamquam
764 1562 819 1607 sepius

91 1627 110 1649 ιο
118 1618 217 1647 sanctorum
228 1613 300 1647 deuocio
311 1613 395 1655 aliquibus
408 1615 450 1648 locis
462 1614 533 1656 priuatis
546 1615 568 1647 sit
580 1614 666 1655 affectata,
678 1620 696 1647 vt
708 1615 755 1648 nullo
768 1614 819 1647 modo

118 1663 171 1698 velint
183 1663 245 1706 exponi
257 1675 268 1697 a
277 1663 364 1706 primitiuo
373 1664 467 1708 proposito,
477 1671 535 1699 tamen
547 1664 586 1698 talis
597 1664 667 1699 affeccio
678 1664 819 1708 subintelligenda

118 1719 145 1747 est
159 1714 177 1746 in
192 1714 250 1747 diuine
265 1715 358 1747 voluntatis
373 1715 493 1757 disposicione.
517 1714 579 1748 ³Vnde
598 1715 668 1756 contigit
683 1721 701 1747 vt
716 1715 819 1757 temporibus

118 1763 180 1798 Canuti
193 1763 239 1806 regis
252 1764 347 1805 Danorum,
360 1763 414 1798 tocius
427 1764 475 1806 regni
489 1764 552 1807 Anglie
565 1763 686 1807 conquestoris,
698 1758 779 1797 monachi
790 1774 819 1806 per

117 1814 191 1849 eundem
206 1816 292 1849 Canutum
307 1814 372 1848 clericis
387 1815 491 1849 secularibus
506 1814 580 1859 expulsis
594 1815 691 1856 introducti,
704 1815 764 1848 diuino
778 1819 819 1848 nutu

92 1880 110 1912 ²5
118 1865 196 1908 inspirati
207 1876 265 1908 regem
276 1867 362 1899 Canutum
374 1867 438 1899 adeunt
449 1866 496 1899 illum
506 1867 618 1909 deprecantes
630 1866 710 1909 quatinus
720 1866 819 1899 auctoritate

118 1927 149 1949 sua
160 1916 244 1958 imperiali
252 1916 316 1949 suffulti
326 1917 384 1949 liceret
394 1917 420 1949 eis
430 1927 479 1949 sacra
489 1917 560 1958 pignera
569 1916 625 1949 sancti
636 1916 737 1949 confessoris
749 1913 819 1949 Iunnini

117 1966 140 1998 ad
151 1966 274 1999 monasterium
284 1965 354 2008 gloriosi
366 1966 410 2008 regis
422 1972 439 1999 et
450 1965 524 1999 martiris
536 1965 591 1999 sancti
602 1966 696 2006 Edmundi,
707 1966 755 1998 cuius
766 1963 819 1997 extitit

117 2016 198 2050 fundator
209 2021 226 2049 et
236 2021 323 2058 patronus,
336 2016 427 2050 transferre
438 2021 455 2050 et
465 2018 548 2050 translata
559 2016 611 2057 digno
623 2026 662 2050 cum
673 2016 738 2050 honore
749 2015 767 2048 in
778 2013 819 2048 emi-

117 2065 193 2100 nenciori
202 2066 240 2100 loco
247 2065 291 2101 illius
299 2066 369 2101 basilice
379 2066 467 2101 collocare·
490 2066 566 2109 Quorum
577 2066 690 2100 deuocionem
699 2076 728 2099 rex
737 2062 819 2099 attencius

92 2132 111 2161 30
118 2117 229 2160 prospiciens,
239 2128 274 2150 non
285 2120 341 2151 solum
352 2118 432 2160 peticioni
444 2120 567 2151 monachorum
579 2127 668 2151 assensum
679 2117 751 2159 prebuit,
762 2124 819 2149 verum

118 2166 174 2200 eciam
186 2168 288 2200 auctoritate
301 2167 384 2210 imperiali
398 2179 428 2201 eos
441 2167 535 2201 fortificans
547 2166 626 2209 apicibus
641 2167 692 2209 regiis
706 2164 819 2201 auctorizauit.

118 2218 227 2250 Accedentes
241 2217 292 2258 igitur
306 2218 367 2259 prefati
381 2218 461 2250 monachi
475 2217 498 2250 ad
510 2217 602 2250 oratorium
618 2217 708 2257 Bliborwe‚
722 2215 788 2251 custodi
803 2219 819 2247 et

119 2266 201 2299 ministris
214 2266 259 2299 illius
272 2267 344 2300 ecclesie
358 2277 431 2300 causam
445 2268 531 2300 aduentus
546 2266 572 2299 sui
587 2273 679 2309 exponunt,
692 2266 750 2300 literas
764 2263 819 2306 regias

119 2316 177 2361 palam
184 2317 308 2358 demonstrant,
316 2323 333 2350 et
340 2317 420 2360 reliquias
428 2316 497 2359 gloriosi
505 2316 608 2351 confessoris
616 2323 714 2361 exposcunt.
734 2316 819 2350 Presectus

92 2382 110 2414 35
119 2373 177 2402 autem
188 2367 260 2410 predicti
271 2367 340 2400 oratorii
352 2368 374 2400 de
386 2368 470 2401 Bliborwe
482 2373 499 2401 et
509 2368 590 2401 officiales
601 2368 627 2402 sui
639 2368 724 2411 preceptis
735 2365 819 2409 regalibus

118 2418 196 2462 apicibus
204 2418 239 2452 suis
247 2418 345 2460 patentibus
353 2429 388 2451 non
396 2418 444 2451 aliter
456 2419 574 2460 adquiescunt,
581 2419 615 2452 nisi
626 2419 671 2452 datis
681 2418 780 2452 muneribus
789 2423 819 2458 pro

119 2469 194 2511 reliquiis
206 2467 276 2510 gloriosi
288 2467 391 2501 confessoris
406 2468 477 2501 lurmiui
488 2479 509 2501 ex
521 2475 580 2502 mutua
591 2469 713 2509 conuencione,
724 2468 767 2502 sicut
777 2465 819 2498 solet

139 2542 145 2561 ¹
155 2543 229 2582 Bllburgh
237 2553 254 2574 or
261 2542 357 2579 Blffleburch,
365 2541 380 2572 in
387 2543 413 2574 the
420 2542 489 2573 hundred
496 2543 514 2574 ol
519 2542 597 2583 Blythinp,
605 2553 628 2575 co,
635 2543 699 2575 Suffollr.
779 2539 786 2556 ²
795 2536 819 2568 Cf*

120 2583 161 2614 Hist.
169 2584 225 2614 Elieus.
233 2583 246 2613 I.
254 2589 268 2624 7.
317 2584 323 2601 ³
333 2583 358 2614 Cf.
365 2582 402 2613 Vita
409 2583 486 2613 Edmundi
493 2592 524 2623 reg.
532 2587 548 2614 et
554 2587 598 2613 mart.
606 2584 621 2613 in
629 2584 662 2614 MS,
670 2583 714 2613 Boot
723 2591 756 2621 240,
764 2590 779 2620 p.
786 2578 819 2615 6⁰5·
