1762 2803
260 109 306 164 Bt
321 108 421 161 sanctu
436 107 584 161 tsstttttttno.
730 116 771 169 165

70 232 145 273 tempus
156 233 184 263 est
194 234 214 264 vt
224 230 247 263 ad
259 228 320 273 ipsum
332 234 425 263 transeam
438 229 490 263 cuius
501 240 566 264 seruus
578 239 625 271 sum,
636 234 654 263 et
665 234 685 263 tu
695 231 773 275 arripias

71 280 105 314 iter
117 284 190 325 tuum3'
204 283 343 327 extendensque
357 293 423 316 manus
437 283 460 316 ad
472 282 534 325 altare,
549 293 601 317 sacra
613 293 633 316 se
645 283 773 318 communione

70 334 153 376 muniuit,
165 335 258 379 oculisque
271 345 292 369 ac
305 335 391 369 manibus
404 336 427 369 ad
440 335 500 368 celum
510 335 582 378 leuatis,
592 335 610 369 in
622 334 697 369 domino
707 335 773 370 obdor-

70 386 127 421 miuit.
153 381 774 432 BeatissimiviriGuthlacitransitumgloriosumcelestissplendor

70 440 214 484 presignauerat,
229 442 261 475 vt¹
276 441 349 476 celestis
365 441 411 476 lucis
424 441 539 477 immensitas
554 441 659 486 specialiter
671 441 790 479 illustrauitt

71 492 118 527 Nam
127 505 168 527 cum
176 494 204 528 sol
212 500 262 529 esset
273 493 292 528 in
304 494 372 529 virtute
382 506 415 529 sua
425 494 519 539 radiisque
529 494 636 529 meridianis
645 494 772 531 vehementius

70 551 157 588 estuaret,
167 547 223 581 frater
234 548 264 581 ille
273 548 384 582 Bertellinus
395 547 447 592 quasi
455 559 528 582 currum
535 549 542 569 ¹
549 548 623 593 igneum
631 560 642 582 a
649 548 705 582 terris
713 560 772 593 vsque

69 599 93 630 ad
105 600 164 632 celum
176 605 257 633 erectum
270 601 364 644 prospicit,
377 602 429 634 cuius
440 605 490 634 tanta
502 601 575 635 claritas
588 606 627 635 erat
636 602 684 644 quod
695 601 713 634 in
724 612 771 636 com·

71 650 165 693 paratione
173 650 222 686 illius
232 651 297 686 solaris
308 653 396 697 splendor
406 652 447 686 luce
457 652 487 686 illa
498 651 574 687 inferior
585 652 703 697 pallescebat.
726 653 772 688 Ber-

69 702 144 738 tellinus
162 715 207 739 vero
225 704 341 739 intollerabili
362 705 428 740 timore
451 712 552 749 correptus,
573 705 646 750 fugiens
668 706 771 741 nauiculam
781 717 800 739 ro

70 755 151 801 arripuit,
165 763 183 792 et
199 758 222 792 ad
239 758 334 793 sanctam³
345 758 413 793 Christi
427 758 518 802 virginem
534 759 608 803 Pegam,
624 768 706 793 sororem
723 760 771 795 beati

70 809 159 854 Guthlaci,
171 810 287 846 festinantius
298 811 361 846 tendit.
384 811 417 846 Illa
427 821 472 846 vero
483 821 525 846 cum
537 811 637 846 Bertellino
648 817 753 848 reuertente
759 813 771 855 ¹,

68 862 128 897 funeri
138 864 220 898 fraterno
231 864 337 908 lachrymas
349 864 409 898 debite
421 863 494 909 pietatis
506 863 586 908 indulsit,
597 875 618 898 ac
628 864 696 909 gratias
708 876 771 911 agens,

69 917 148 951 animam
160 917 209 951 illius
221 918 255 951 deo
267 918 405 959 commendans,
413 928 434 951 se
446 917 501 951 etiam
511 917 570 962 ipsius
581 917 668 962 precibus
678 928 772 953 commen·

69 969 123 1004 dauit.
139 970 228 1013 Exequiis
236 970 291 1013 igitur
298 969 340 1004 dicti
349 970 406 1005 sancti
411 970 446 1004 viri
452 969 572 1005 deuotissime
578 970 681 1013 celebratis,
687 981 708 1005 ac
713 971 771 1015 ipsius
781 982 799 1012 15

69 1031 146 1063 corpore
160 1022 226 1055 tradito
241 1022 335 1065 sepulture
351 1023 369 1056 in
384 1022 444 1065 ipsius
459 1023 544 1063 oratorio,
559 1023 600 1065 ipsa
614 1022 666 1065 virgo
683 1023 733 1066 Pega
747 1026 771 1058 ad

69 1074 143 1116 propria
155 1074 249 1108 remeauit.
292 1066 375 1109 Sanctus
386 1074 441 1117 igitur
449 1073 559 1108 Bertellinus
571 1074 648 1118 gloriam
656 1075 731 1110 omnino
741 1086 770 1110 re-

69 1136 139 1169 spuens
150 1127 277 1171 temporalem,
285 1138 349 1171 regem
358 1132 430 1172 patrem
440 1138 494 1161 suum
506 1127 555 1168 adiit,
564 1132 582 1162 et
592 1127 671 1161 insulam
679 1130 771 1172 quandam

69 1178 87 1211 in
96 1179 161 1213 diebus
169 1179 205 1213 illis
212 1180 265 1214 valde
273 1179 373 1214 latitantem
379 1179 390 1223 ¹,
397 1180 420 1213 ab
428 1191 450 1213 eo
458 1180 565 1214 heremitice
571 1180 688 1214 habitandam
699 1181 770 1225 petiuit.

69 1231 85 1265 O
97 1242 152 1275 quam
164 1232 210 1267 mira
221 1232 253 1266 tilii
265 1232 334 1276 religio,
348 1233 379 1277 qui
391 1233 448 1277 patris
461 1243 482 1267 se
495 1232 566 1274 visioni,
578 1233 611 1267 sed
623 1244 660 1267 non
672 1233 769 1277 cognitioni
779 1245 799 1267 20

69 1285 171 1320 ostendit⁶t
192 1285 263 1319 Annuit
278 1296 311 1319 rex
325 1285 364 1320 eius
380 1285 486 1330 petitionem
492 1284 504 1328 ¹,
515 1285 627 1330 breuemque
641 1286 732 1321 concessit
743 1287 770 1322 in-

69 1337 173 1372 sulam-ab
181 1338 260 1382 antiquis
273 1338 351 1373 Bethnei
362 1339 480 1381 nomInatam,
489 1349 500 1373 a
509 1339 603 1373 modernis
613 1350 657 1374 vero
668 1339 770 1375 stafford-

68 1389 97 1424 cui
104 1390 174 1434 largam
180 1391 267 1425 libentius
275 1391 356 1425 dedisset
365 1391 465 1436 regionem.
488 1390 539 1433 Quot
547 1391 613 1425 nobilis
621 1391 711 1425 heremita
718 1393 769 1437 peni-

67 1444 123 1477 tendo
131 1444 162 1477 diu
173 1442 265 1485 laborauit,
276 1443 431 1488 spiritualiterque
440 1444 571 1487 triumphando
582 1443 646 1477 multis
654 1443 770 1479 choruscauit

68 1495 166 1531 miraculis.
212 1489 268 1540 Rege
283 1496 358 1540 quidem
373 1496 486 1531 venerabilis
501 1495 591 1530 heremite
607 1496 702 1530 Bertellini
718 1504 771 1542 patre
780 1510 798 1540 ²5

67 1548 155 1584 vuluerse
167 1549 227 1584 carnis
238 1555 299 1584 metas
312 1550 420 1584 naturaliter
432 1555 555 1594 transgresso,
568 1549 615 1584 sacta
627 1554 656 1584 est
667 1551 771 1594 persecutio

68 1611 135 1644 magna
149 1603 168 1635 in
183 1602 266 1646 partibus
280 1602 322 1645 illis,
337 1608 355 1636 et
370 1604 463 1636 immensa
477 1602 584 1636 auctoritate
598 1602 665 1637 virium
680 1604 770 1646 regalium

68 1653 138 1690 alienus
146 1654 199 1699 regni
208 1654 256 1690 illius
267 1655 348 1700 suscepit
359 1655 466 1690 dominium.
489 1654 524 1697 Qui
535 1665 577 1690 cum
586 1654 630 1691 vidit
641 1654 671 1690 dei
682 1655 770 1692 famulum

68 1706 188 1742 Bertellinum
201 1708 220 1742 in
232 1708 330 1743 amenitate
342 1708 376 1743 loci
390 1708 515 1743 delectabilis⁰
526 1708 644 1749 habitantem,
656 1708 717 1752 ipsum
728 1720 771 1753 pro—

68 1760 129 1802 posuit
137 1760 215 1802 eiicere,
226 1760 245 1792 in
255 1760 289 1793 hoc
299 1766 361 1794 tamen
372 1761 466 1805 parcendo
477 1760 561 1804 religioni
569 1761 618 1804 quod
629 1760 646 1793 ei
656 1771 692 1793 non
700 1760 771 1796 viribus
780 1774 799 1803 ³0

67 1811 128 1856 regiis,
134 1814 166 1847 sed
175 1813 237 1847 curiali
245 1813 345 1848 insurrexit
353 1813 420 1858 rigore.
443 1812 555 1848 Bertellinus
561 1813 653 1858 ¹⁰quidem
661 1813 680 1848 in
689 1815 771 1850 necessi·

67 1864 109 1898 tatis
119 1866 202 1909 vrgentia
214 1870 312 1909 parentum
324 1871 342 1900 et
353 1867 452 1899 amicorum
465 1875 540 1900 suorum
553 1871 642 1909 querente
656 1866 770 1909 suffragium,

67 1928 104 1951 non
117 1923 203 1963 parentes
216 1918 250 1952 sed
262 1917 375 1961 diffidentes,
389 1929 425 1952 non
438 1917 570 1952 consiliarios¹¹
582 1918 615 1952 sed
631 1918 691 1962 potius
703 1918 770 1953 aduer-

67 1970 126 2006 sarios
138 1971 214 2014 inuenit,
226 1971 313 2005 sedentes
324 1982 366 2006 cum
378 1970 492 2016 principibus
506 1970 525 2005 in
536 1970 611 2005 occultis
620 1976 640 2005 vt
652 1971 769 2007 destruerent

67 2023 191 2065 innocentem,
204 2024 254 2057 iuxta
267 2023 311 2057 illud
325 2023 441 2058 Salomonis:
454 2023 551 2057 ‘Proximo
564 2034 597 2057 suo
610 2033 682 2067 pauper
694 2023 769 2058 odiosus
777 2036 796 2066 35

67 2080 105 2118 est;
117 2076 171 2110 amici
178 2087 223 2111 vero
234 2076 312 2110 diuitum
324 2076 387 2111 multi)
410 2075 484 2120 Quippe
495 2076 590 2120 parentele
600 2086 633 2110 sue
644 2075 707 2120 inique
713 2076 725 2096 ¹¹
737 2077 769 2111 de-

67 2130 162 2173 generanti
176 2130 286 2164 sententiam
298 2131 368 2164 tenacis
380 2130 439 2163 intulit
451 2129 588 2171 maledictionis,
600 2140 636 2173 que
648 2139 685 2162 non
698 2134 768 2164 tantum

66 2181 85 2216 in
94 2187 157 2226 quarta
165 2183 194 2217 vel
202 2182 265 2226 quinta
273 2184 360 2226 progenie
365 2182 383 2225 ¹³,
394 2183 427 2217 sed
437 2192 496 2227 vsque
506 2183 524 2217 in
533 2182 642 2217 hodiernum
651 2182 699 2216 diem
710 2183 769 2217 mani·

67 2235 119 2271 sestis
126 2241 177 2280 patet
185 2235 288 2280 signaculis.
311 2236 327 2270 O
338 2242 405 2280 quanta
413 2236 507 2280 religionis
518 2247 551 2270 sue
561 2235 648 2270 mirabilis
660 2234 768 2278 fecunditas,

67 2289 98 2331 qui
110 2290 129 2323 in
142 2289 192 2323 curia
204 2289 254 2332 regia
265 2298 358 2331 apparens
371 2299 500 2332 responsurus,
511 2288 550 2322 iura
563 2288 639 2322 celando
651 2287 768 2330 hereditaria,
777 2297 798 2327 40

66 2341 95 2375 ius
110 2342 196 2386 allegauit
212 2341 320 2376 donationis.
343 2341 384 2376 Lite
399 2343 474 2376 tandem
488 2342 570 2382 deducta,
583 2346 645 2385 partes
656 2339 675 2374 in
689 2340 768 2376 duellica

86 2436 144 2467 1ΒοΙῙ.
152 2441 172 2467 et.
242 2435 416 2466 ¹Vit.Guthl.turrim.
486 2435 584 2465 ¹E.sancti.
650 2434 770 2468 ¹orn.inBoll.

65 2474 215 2507 ¹Boll.desertam.
256 2476 370 2513 ¹E.ogendit.
411 2474 553 2512 'Bollpetitioni
593 2474 621 2504 ⁸r.
629 2473 664 2505 Vbi.
710 2475 768 2506 ’Boll¹

66 2515 184 2546 delectabiliter.
240 2515 252 2533 ¹⁰
262 2515 302 2545 Eoll.
312 2515 403 2546 Bertellino.
459 2513 470 2533 ¹¹
480 2513 520 2544 Boll.
527 2513 647 2545 consolatorios.
705 2514 717 2533 ¹¹
727 2515 769 2547 Boll.

66 2554 141 2593 iniquam.
182 2556 194 2573 ¹¹
204 2555 245 2585 Boll.
253 2556 360 2593 generatione.
