1762 2803
130 134 191 217 316¹
321 163 401 217 muna
417 162 534 226 bennun
549 163 643 226 unalia.

129 292 181 318 mea:
194 281 237 328 quia
244 282 287 328 quid
295 288 356 319 actum
364 283 388 320 sit
395 283 412 320 ei
420 284 493 321 nescio.¹
518 284 643 320 Ieiunantibus
651 288 712 320 autem
720 283 807 319 fratribus
814 288 833 318 et

130 337 231 381 orantibus,
243 337 289 371 nihil
303 338 403 373 reuelatum
417 344 445 373 est
458 340 482 374 de
495 338 530 380 illa,
542 349 585 374 narn
601 344 619 373 et
633 337 674 383 ipsa
689 336 755 383 iugiter
770 338 832 372 orabat

130 390 226 426 dominum
241 401 265 426 ne
280 391 395 427 manifestam
410 403 452 427 eam
463 392 531 427 faceret
545 392 564 426 in
577 392 614 426 vita
629 402 667 426 sua.
694 391 758 426 Abbas
770 396 832 426 autem

130 444 259 479 consolabatur
268 445 333 487 virum,
341 445 416 481 dicens:
430 447 499 480 ‘Credo
510 447 552 490 quia
563 446 629 479 bonam
640 450 713 489 partem
725 445 759 480 sibi
771 444 832 489 elegit,

113 494 172 536 5ideo
185 497 231 531 nihil
243 496 296 531 nobis
308 498 332 531 de
343 498 373 532 illa
384 499 430 533 deus
441 499 534 533 reuelauit.
557 498 578 531 Si
589 498 639 531 enim
650 499 669 531 in
680 498 734 531 malis
745 498 832 541 operibus

130 548 230 593 incidisset,
242 560 336 594 nunquam
348 551 433 586 dominus
446 556 516 585 tantum
528 550 610 585 laborem
621 550 697 585 fratrum
709 549 832 595 despexisset.

130 602 169 643 Vis,
180 603 244 646 inquit,
256 603 305 647 loqui
316 615 358 637 curn
369 605 447 649 quodam
459 604 514 638 fratre
526 603 615 646 spirituali
627 604 657 647 qui
668 603 718 638 venit
730 603 754 637 de
765 602 832 647 palatio

130 653 230 690 Theodosii
237 656 252 691 l’
275 656 309 690 Cui
317 657 360 691 ille:
372 656 437 691 ‘Volo'
460 657 543 700 Cumque
555 655 592 690 filia
603 656 663 689 subito
673 655 750 690 vidisset
761 661 833 699 patrem

130 712 149 740 et
164 707 282 751 cognouisset
296 719 345 750 eum,
360 714 397 743 tota
412 709 504 742 lachrimis
519 709 589 752 repleta
605 714 638 742 est.
668 708 722 751 Quod
737 708 768 742 ille
782 718 832 742 com-

104 760 249 802 ropunctionem
262 772 305 796 esse
316 767 388 806 putans,
400 772 437 797 non
450 761 534 807 cognouit
547 771 593 804 eam,
605 761 648 805 quia
661 761 733 804 species
746 760 786 795 eius
798 770 832 805 pre

131 812 241 848 abstinentia
252 819 271 847 et
282 814 374 849 lachrimis
385 820 502 849 emarcuerat.
525 814 548 847 Et
559 815 607 858 cepit
619 813 667 858 patri
677 813 726 857 loqui
738 814 761 847 de
772 813 833 847 sutura

131 866 249 909 beatitudine,
261 869 353 911 quomodo
366 879 400 912 per
413 867 531 903 elemosinam
546 872 564 902 et
576 865 682 902 charitatem
695 871 712 902 et
726 865 833 911 patientiam

131 919 191 963 possit
202 921 243 965 quis
254 921 277 954 ad
288 931 329 956 eam
338 921 449 966 pertingere.
471 921 510 955 Nec
521 920 623 965 diligendos
635 931 677 955 esse
688 920 742 962 filios,
750 920 833 961 asseruit,

131 972 174 1016 plus
182 983 237 1016 quam
245 974 306 1015 deum,
312 985 346 1008 nec
354 979 426 1018 patrem
434 975 476 1018 plus
484 985 506 1008 eo
514 975 545 1018 qui
552 979 580 1008 est
589 973 645 1008 lactor
653 972 741 1008 omnium.
757 972 788 1007 ‘Si
795 972 833 1007 filia

105 1030 167 1068 15tua,
181 1026 244 1068 inquit,
257 1027 276 1058 in
289 1027 410 1069 perditionem
425 1027 485 1061 anime
503 1027 572 1068 inisset,
585 1027 631 1061 deus
646 1037 687 1061 eam
702 1025 735 1061 tibi
750 1026 832 1060 oratione

132 1075 208 1109 fratrum
221 1076 362 1112 manifestasset>
385 1078 453 1112 Potens
468 1084 497 1112 est
512 1084 572 1112 autern
585 1078 670 1112 dominus
685 1078 704 1111 in
720 1079 754 1111 hoe
770 1079 832 1112 seculo

131 1129 248 1164 manifestare
257 1140 298 1165 earn
305 1130 343 1173 tibi,
350 1136 370 1165 tu
380 1136 451 1166 tantum
463 1131 530 1177 gratias
538 1142 576 1175 age,
584 1130 610 1165 nil
618 1131 726 1175 desperans.
754 1130 802 1165 Nam
814 1135 832 1164 et

131 1192 166 1225 ego
176 1182 209 1216 tibi
218 1183 332 1227 compatiens
343 1185 406 1227 sepius
414 1185 464 1218 oraui
472 1186 527 1219 deum
535 1190 554 1218 vt
561 1184 594 1217 tibi
601 1183 727 1218 sufferentiam
737 1183 805 1218 tribnat
815 1189 833 1219 et

132 1240 169 1269 tam
177 1236 201 1270 de
208 1240 227 1270 te
235 1246 289 1279 quam
296 1237 319 1270 de
323 1236 361 1271 filia
368 1242 399 1271 tua
406 1238 498 1281 quomodo
504 1236 579 1282 expedit
585 1237 693 1281 adimpleat!
716 1236 834 1271 Consortatus

105 1297 124 1318 20
132 1288 215 1322 illedixit
223 1289 284 1323 abbati
293 1302 297 1323 ι
308 1290 408 1324 ‘Edificata
416 1296 444 1325 est
452 1291 513 1324 anima
521 1301 562 1324 mea
569 1290 604 1324 sub
611 1290 646 1324 isto
653 1289 715 1331 fratre,
723 1295 741 1324 et
751 1288 776 1324 ita
786 1290 834 1323 letus

132 1340 208 1375 effectus
215 1351 257 1375 sum
265 1346 352 1387 tanquam
360 1342 376 1376 si
383 1342 440 1377 filiam
448 1352 508 1377 meam
517 1342 640 1376 inuenissem’
663 1342 765 1386 Completis
773 1346 834 1375 autem

132 1393 246 1438 Smaragdus
261 1395 309 1429 intra
324 1396 389 1429 cellam
404 1396 478 1439 triginta
493 1400 533 1429 octo
548 1395 602 1429 annis
618 1405 660 1429 cum
675 1394 695 1429 in
710 1395 834 1430 infirmitatem

132 1448 236 1489 decidisset,
250 1448 339 1483 introiens
354 1450 377 1483 ad
392 1460 433 1484 eam
448 1453 501 1493 pater
516 1452 534 1484 et
550 1448 659 1483 deosculans
676 1447 755 1483 clamare
773 1446 834 1492 cepit:

133 1500 186 1534 ‘Heu
194 1511 231 1543 me,
238 1501 269 1535 vbi
278 1507 321 1535 sunt
328 1503 385 1536 verba
395 1508 426 1536 tua
436 1502 496 1536 dulcia
503 1501 570 1546 quibus
580 1501 625 1535 mihi
636 1502 692 1535 filiam
702 1511 763 1535 meam
770 1501 835 1535 viden·

106 1559 124 1590 Ξ5
133 1553 175 1588 darn
184 1554 315 1597 promittebas?
339 1554 386 1590 Eece
397 1565 434 1588 non
445 1555 505 1589 solum
516 1555 565 1588 illam
576 1565 613 1588 non
621 1554 692 1596 videbo,
701 1554 734 1588 sed
742 1559 760 1588 et
768 1558 791 1596 te,
799 1564 833 1598 per

133 1616 189 1650 quem
201 1606 344 1640 consolationem
356 1607 452 1647 habebam,
463 1608 536 1641 amitto.⁵
565 1607 598 1641 Cui
610 1608 723 1650 smaragdus
734 1607 770 1641 ait:
783 1606 832 1641 ‘Iam

133 1669 183 1703 pone
194 1659 251 1693 finem
261 1659 347 1701 tristicie,
359 1661 455 1694 recordare
464 1659 506 1704 quia
515 1659 569 1693 Iacob
581 1658 704 1693 manifestauit
712 1660 758 1693 deus
766 1658 834 1704 Ioseph

133 1723 189 1757 quem
194 1712 246 1757 quasi
252 1718 345 1748 mortuum
350 1712 432 1758 lugebat:
441 1718 460 1747 et
465 1713 507 1758 quia
514 1712 625 1747 desiderium
631 1722 693 1747 meum
700 1713 745 1747 deus
751 1711 836 1757 impleuit

134 1771 152 1800 et
159 1776 218 1810 usque
229 1765 248 1799 in
260 1766 317 1799 finem
324 1766 401 1800 viriliter
411 1768 498 1800 certando
509 1765 601 1810 perduxit,
609 1766 651 1800 nolo
661 1772 680 1800 te
691 1777 733 1800 esse
745 1766 835 1800 solicitum

106 1826 126 1856 50
133 1829 168 1862 pro
180 1818 218 1853 filia
230 1823 272 1852 tua:
289 1830 324 1863 ego
338 1829 379 1852 sum
391 1818 422 1853 illa
436 1819 508 1862 misera,
521 1824 539 1853 et
551 1824 571 1852 tu
584 1830 605 1853 es
618 1823 671 1863 pater
682 1829 740 1853 meus.
763 1819 836 1863 Corpus

133 1881 195 1905 meum
207 1870 230 1905 ab
241 1871 276 1904 alio
288 1871 353 1905 nudari
364 1876 383 1905 et
394 1871 450 1905 lauari
461 1882 498 1905 non
509 1871 611 1914 permittas,
620 1871 653 1905 sed
665 1882 699 1915 per
710 1870 790 1914 teipsum
801 1872 835 1906 hoc

133 1923 194 1959 facias,
217 1922 241 1956 Et
250 1923 293 1967 quia
303 1923 322 1957 in
332 1923 418 1967 ingressu
429 1934 471 1958 meo
482 1924 559 1968 promisi
571 1923 632 1958 abbati
644 1934 673 1958 me
685 1924 752 1958 multas
761 1934 836 1968 posses-

133 1977 196 2012 siones
204 1977 272 2011 habere
280 1982 303 2020 et,
312 1976 328 2011 si
335 1976 438 2021 perdurare
446 1987 527 2021 possem,
535 1976 554 2011 in
564 1977 613 2012 hunc
624 1977 684 2011 locum
695 1987 727 2011 eas
737 1978 835 2019 adducere,

133 2036 153 2064 tu
160 2031 217 2074 imple
225 2031 274 2073 quod
282 2029 364 2074 promisi,
372 2035 391 2064 et
399 2040 430 2064 ora
438 2041 472 2074 pro
479 2031 520 2065 mel
543 2030 584 2065 Hec
592 2029 656 2065 dicens
663 2030 737 2065 tradidit
745 2029 834 2075 spiritum.

106 2091 125 2120 35
135 2083 158 2116 Et
169 2082 293 2126 ingemiscens
305 2088 363 2126 pater,
374 2083 425 2126 quasi
437 2089 519 2118 mortuus
531 2085 554 2118 ad
565 2088 634 2117 terram
645 2083 715 2126 cecidit,
727 2088 745 2118 et
756 2083 835 2118 veniens

134 2137 191 2170 abbas
206 2134 284 2171 concidit
299 2145 356 2179 super
370 2145 411 2168 eam
426 2136 496 2171 eiulans
511 2141 530 2170 et
546 2137 620 2170 dicens:
640 2135 748 2170 ‘Eufrosina
767 2146 836 2180 sponsa

134 2189 208 2232 Christi,
223 2199 247 2223 ne
263 2187 377 2223 obliuiscaris
392 2199 488 2224 seruorum
506 2194 584 2231 tuorum,
599 2189 633 2224 sed
648 2198 680 2224 ora
695 2199 729 2233 pro
743 2188 797 2224 nobis
812 2189 835 2224 acl

134 2242 229 2277 dominum
241 2241 317 2276 Ihesum
331 2241 433 2277 Christum)
455 2243 510 2278 Pater
520 2254 565 2278 vero
576 2243 637 2287 puelle
651 2242 771 2277 substantiam
783 2252 836 2277 suam

134 2294 245 2330 monasterio
254 2294 332 2338 tradidit,
340 2300 358 2330 et
367 2295 429 2330 habitu
440 2302 535 2342 assumpto
546 2297 611 2331 decem
622 2296 676 2331 annis
687 2297 706 2330 in
718 2301 781 2331 sancto
793 2306 835 2340 pro·

106 2357 126 2386 40
134 2349 194 2392 posito
202 2347 247 2380 vixit
252 2348 263 2380 ².

154 2410 160 2428 ¹
170 2411 189 2442 Τ,
197 2411 222 2442 ad.

154 2450 160 2468 ³
170 2451 252 2482 Collectin
259 2451 276 2480 T.
284 2461 288 2481 t

155 2488 263 2528 Honorabilis
275 2497 332 2532 Rome,
342 2496 441 2534 acceptabilis
447 2497 512 2537 Anglie,
520 2496 628 2527 desiderabilis
638 2495 704 2535 ubique;
716 2497 748 2526 dux
758 2496 836 2534 angelice,

134 2538 187 2578 legate
196 2536 289 2575 apostolice,
295 2545 344 2575 preto
351 2537 377 2566 dei
386 2537 403 2566 in
412 2538 452 2567 fines
462 2542 513 2569 terre:
524 2547 534 2566 ο
542 2537 607 2567 Pauline
614 2538 662 2574 digne
671 2537 759 2575 apostolico
767 2537 837 2574 nomine,

134 2589 145 2610 ο
152 2579 178 2657 Ἑί
185 2578 261 2616 regiones
268 2582 284 2607 et
291 2578 367 2607 naciones
373 2577 462 2608 incredulas
470 2578 534 2610 Christo
540 2577 613 2609 lucraris:
626 2578 659 2608 Ora
665 2586 694 2616 pro
701 2577 751 2609 nobis.

176 2634 203 2655 eus
210 2623 235 2654 cui
243 2622 298 2653 beatus
306 2622 380 2653 Paulinus
388 2622 459 2661 pontifex
466 2623 488 2654 ita
494 2624 582 2655 sanctitatis
588 2623 641 2661 grauia
648 2624 731 2654 decoratus
738 2621 837 2662 complacuit,
