1762 2803
217 105 262 161 Ue
278 104 377 159 &uncto
393 104 537 158 laurentia.
684 120 726 163 143

23 225 94 260 iusticia
107 232 124 260 et
137 226 228 269 iudicium,
241 225 311 261 furibus
323 231 340 261 et
352 226 456 271 raptoribus
469 224 568 260 atrociores
583 230 641 267 erant,
655 231 673 260 et
688 236 727 261 om·

23 279 78 313 nibus
90 280 193 314 senissimis
205 281 313 314 seueriores.
342 280 384 313 Rex
396 280 438 323 ipse
449 278 555 313 Willelmus
567 289 608 314 cum
620 279 643 313 ad
655 279 727 313 firmam

23 338 82 367 terras
96 343 138 367 suas
151 338 218 377 quanto
232 333 304 368 carius¹
315 337 386 378 poterat
398 332 485 374 dedisset,
496 331 526 366 alii
538 332 596 376 magis
608 332 697 374 offerenti,
709 337 727 366 et

23 386 112 431 deinceps
119 386 154 429 alii,
163 397 238 431 semper
246 386 342 431 negligens
350 392 422 430 pactum
432 391 450 420 et
461 385 484 419 ad
495 385 564 420 maiora
575 387 657 429 studens,
667 386 727 428 dabat,

23 452 57 475 nec
66 445 105 475 erat
112 452 156 475 cura
164 445 231 485 quanta
238 440 305 474 iniuria
315 440 427 484 pauperibus
435 451 446 473 a
453 439 553 484 prepositis
560 439 619 475 fieret.
735 450 744 481 5

64 617 79 653 ll
90 611 139 652 lDe
150 629 220 653 seuero
233 612 348 653 Lnunrurro
359 628 507 652 nxcnmrrscoro
518 628 541 652 rr
552 618 685 653 conressonia'.

23 711 151 789 Assumpto
166 713 189 748 ad
204 712 278 747 celestia
293 712 328 747 deo
344 711 410 747 dilecto
428 717 481 756 patre
500 712 605 757 Augustino
623 712 756 757 Anglorumio

83 767 172 810 apostolo,
187 766 268 810 suscepit
284 766 409 810 episcopatum
425 765 504 800 famulus
523 766 592 801 Christi
612 765 727 807 Laurentius,

23 828 78 862 quem
91 818 131 863 ipse
144 819 210 854 iccirco
222 819 281 854 adhuc
294 818 361 854 vinens
373 819 489 853 ordinauerat
502 830 527 853 ne
539 829 559 854 se
571 818 657 854 defuncto
669 825 727 853 status

24 872 101 907 ecclesie
113 878 150 908 tam
162 873 213 908 rudis
223 872 258 907 ad⁴
269 874 332 907 horam
343 877 417 917 pastore
425 873 522 906 destitutus
529 872 615 907 vacillare
626 872 727 917 inciperet;

17 919 90 969 in'quo
102 931 120 959 et
133 927 239 969 exemplum
251 926 364 969 sequebatur
375 926 423 959 beati
437 926 487 959 Petri
502 926 587 968 apostoli,
599 925 636 968 qui,
652 925 727 959 fundata

24 977 84 1011 Rome
100 977 167 1012 Christi
182 976 264 1019 ecclesia,
280 977 395 1012 Clementem
412 977 446 1012 sibi
465 977 568 1011 adiutorem
587 977 755 1021 euangelizandi15

23 1030 77 1064 simul
96 1036 115 1064 et
133 1042 260 1065 successorem
279 1042 398 1065 consecrasse
416 1031 597 1075 perhibetur-quod
616 1036 677 1065 tamen
694 1041 727 1065 ex-

23 1083 105 1127 emplum
118 1083 163 1118 nulli
173 1084 192 1118 in
202 1089 297 1128 posterum
309 1084 363 1118 debet
375 1094 417 1118 esse
429 1083 580 1127 presumendum.
603 1083 671 1117 Beatus
682 1094 727 1118 vero

24 1135 134 1171 Laurentius
146 1136 279 1182 archiepiscopi
294 1137 352 1182 gradu
367 1136 441 1181 potitus,
457 1136 577 1172 fundamenta
592 1136 675 1180 ecclesie,
690 1148 727 1181 que

23 1190 108 1223 nobiliter
119 1190 183 1224 iactata
194 1190 244 1232 vidit,
253 1194 373 1233 augmentare
385 1195 403 1224 et
414 1190 445 1234 pie
457 1189 570 1234 operationis
582 1188 673 1235 exemplis
684 1200 727 1234 pro-

23 1243 91 1275 uehere
99 1242 174 1276 curauit.
190 1242 231 1275 Non
239 1243 299 1276 solum
307 1253 360 1284 noue,
368 1252 404 1285 que
412 1243 436 1276 de
442 1242 509 1285 Anglis
515 1247 555 1276 erat
561 1242 643 1284 collecta,
649 1241 726 1276 ecclesie
736 1255 755 1278 ιο

23 1305 86 1329 curam
93 1295 174 1338 gerebat,
182 1296 215 1329 sed
223 1300 241 1329 et
248 1300 332 1335 veterum
341 1295 435 1329 Britannie
442 1295 549 1336 incolarum,
557 1305 629 1330 necnon
637 1301 656 1330 et
664 1295 727 1330 Scoto-

24 1359 64 1382 rum
76 1348 149 1392 populis
160 1349 271 1392 pastoralem
282 1348 417 1384 solicitudinem
429 1349 553 1392 impendebat.
577 1348 663 1383 Britones
671 1348 727 1383 etiam

23 1406 42 1435 et
57 1401 107 1436 Scoti
120 1400 169 1436 diem
182 1412 238 1446 pasce
250 1412 287 1435 non
299 1412 333 1436 suo
345 1407 430 1446 tempore
443 1402 572 1443 obseruabant,
584 1403 618 1436 sed
630 1412 641 1435 a
654 1408 726 1446 quarta-

24 1454 94 1489 decima
102 1454 145 1489 luna
152 1465 210 1499 usque
218 1455 241 1489 ad
249 1453 356 1490 vicesimam
364 1466 420 1499 pasce
432 1454 481 1489 diem
490 1455 624 1490 obseruandam
633 1456 726 1499 putabant.

24 1507 100 1549 Quibus,
112 1518 153 1541 cum
169 1507 283 1551 coepiscopis
299 1508 337 1541 suis
349 1507 459 1542 Laurentius
475 1508 617 1542 exhortatoriam
629 1509 652 1543 ad
667 1508 726 1552 eos(!)
736 1522 754 1554 ²5

24 1561 97 1605 scripsit
109 1561 210 1605 epistolam,
223 1561 323 1595 obsecrans
337 1571 370 1595 eos
383 1566 401 1596 et
416 1566 523 1596 contestans
538 1562 628 1596 vnitatem
643 1562 694 1607 pacis
709 1566 727 1596 et

24 1614 111 1648 catholice
119 1614 253 1648 obseruationis
261 1624 303 1648 cum
311 1625 374 1658 eaque
382 1619 420 1648 toto
427 1614 472 1648 orbe
477 1614 536 1649 effusa
541 1619 569 1649 est
575 1614 652 1649 ecclesia
658 1615 727 1649 Christi

23 1672 93 1702 tenere.
140 1660 199 1701 Anno
210 1672 271 1701 autem
284 1667 353 1701 domini
367 1667 504 1702 sexcentesimo
518 1668 643 1702 sextodecimo
656 1672 727 1702 mortno

24 1731 67 1764 rege
76 1720 183 1754 Ethelberto
190 1725 208 1753 et
216 1730 227 1753 a
236 1720 290 1754 beato
301 1719 400 1754 Laurentio
410 1720 489 1764 sepulto,
497 1721 585 1755 successit
595 1720 612 1754 ei
622 1720 671 1755 filius
682 1731 727 1755 suus

25 1773 124 1814 Edbaldus,
135 1772 167 1816 qui
179 1772 258 1816 magno⁵
269 1772 343 1806 tenellis
355 1772 380 1806 ibi
392 1772 452 1806 adhuc
466 1773 545 1807 ecclesie
558 1774 657 1808 crementis
672 1773 727 1809 detri·
735 1785 756 1817 30

24 1832 86 1861 mento
94 1826 131 1861 suit.
154 1825 250 1870 Siquidem
258 1827 362 1860 nonsolum
370 1826 427 1860 fidem
439 1826 507 1861 Christi
517 1826 602 1872 recipere
612 1826 686 1870 nolunt,
694 1828 727 1862 sed

25 1885 42 1914 et
53 1879 143 1914 adulterio
158 1879 237 1923 pollutus
252 1890 329 1914 vxorem
344 1879 403 1923 patris
418 1879 487 1914 habuit.
510 1879 552 1914 Hoc
567 1880 617 1914 enim
628 1886 728 1925 utrumque

25 1933 96 1966 scelus⁷
107 1932 222 1966 occasionem
234 1931 285 1965 dedit
300 1932 323 1964 ad
336 1933 417 1974 priorem
429 1933 519 1965 vomitum
532 1932 637 1965 reuertendi
648 1932 684 1966 hiis
696 1933 727 1978 qui

25 1984 58 2018 sub
70 1983 148 2029 imperio
163 1984 191 2018 sui
204 1983 287 2027 parentis
298 1984 328 2017 vel
339 1983 403 2018 fauore
414 1984 443 2018 vel
455 1984 521 2018 timore
533 1984 584 2030 regio
595 1984 651 2019 fidem
664 1995 727 2020 snsce-

25 2037 107 2080 perantl.
127 2037 166 2071 Nec
174 2046 255 2081 superne
263 2036 335 2080 flagella
343 2037 461 2071 districtionis
468 2037 540 2081 perfido
548 2038 587 2081 regi
595 2038 701 2082 castigando
708 2043 727 2072 et
735 2047 754 2079 35

25 2091 132 2134 corrigendo
143 2089 223 2131 defuere,
231 2100 274 2124 nam
287 2089 351 2123 crebra
362 2091 430 2124 mentis
438 2091 512 2125 vesania
524 2095 543 2125 et
552 2090 627 2135 spiritus
637 2092 727 2126 immundi

24 2142 119 2178 inuasione
127 2144 249 2188 premebatur.
271 2142 329 2176 Auxit
339 2148 400 2177 autem
410 2143 554 2187 perturbationis
565 2143 664 2187 procellam
676 2154 727 2179 mors

26 2195 97 2231 Saberti
107 2196 156 2240 regis
167 2195 287 2230 Orientalium
297 2194 398 2235 Saxonum,
406 2195 437 2240 qui
448 2200 486 2230 tres
499 2196 548 2230 filios
559 2207 610 2238 suos,
618 2198 649 2240 qui
660 2198 727 2242 pagani

25 2251 175 2291 perduranerant,
190 2249 270 2284 heredes
284 2247 363 2293 reliquit.
393 2247 487 2292 Ceperunt
501 2259 546 2283 mox
560 2248 657 2294 ydolatrie,
672 2261 726 2296 quam

25 2301 98 2337 viuente
116 2308 169 2347 patre
188 2302 320 2346 aliquantulum
338 2301 461 2335 intermisisse
477 2301 592 2345 videbantur,
610 2303 671 2346 palam
687 2313 754 2348 ser-40

25 2353 69 2399 nire,
85 2354 209 2399 subiectisque
222 2355 295 2399 populis
310 2355 365 2398 ydola
383 2353 455 2389 colendi
471 2353 549 2388 liberam
568 2355 612 2388 dare
626 2355 725 2390 licentiam.

44 2431 50 2449 ¹
61 2434 78 2463 E.
86 2434 143 2463 carnis.
193 2434 203 2479 ¹²
213 2433 251 2463 Abr.
258 2434 298 2463 from
306 2431 433 2480 Goscelin'sVita
440 2432 456 2461 in
463 2431 498 2462 MS.
504 2431 552 2469 Vesp.
560 2431 579 2461 B.
587 2432 623 2471 XX,
631 2433 677 2462 taken
686 2433 726 2463 from

26 2469 602 2550 {attenuentureistat-lale{aflua-
629 2472 727 2543 unt

25 2534 271 2592 'Bed.Qi10utroquescelere.'
307 2533 451 2591 ”Esusciperant
503 2535 507 2542 '
659 2534 663 2543 ⁸
