1762 2803
120 164 165 207 300
310 147 629 211 manutenementum.

120 270 244 305 celebratione
252 270 354 305 factumest
363 275 383 305 vt
391 271 452 305 nullus
463 283 506 305 eum
516 270 596 306 vincire¹
606 277 670 316 posset
681 271 725 316 quin
736 271 822 306 continuo

121 326 229 359 solueretur.
253 325 377 368 Interrogatus
396 335 407 358 a
426 325 492 359 comite
507 335 563 369 quare
579 325 631 368 ligari
650 336 687 359 non
703 330 772 369 posset,
787 325 822 360 ait:

121 378 203 419 ‘Habeo,
212 377 274 421 inquit,
282 378 357 411 fratrem
365 377 383 410 in
392 378 486 420 prouincia
497 388 543 418 mea,
551 383 569 412 et
581 378 618 412 scio
630 378 672 422 quia
683 379 714 413 ille
725 389 755 412 me
767 378 823 413 inter-

121 431 189 465 fectum
200 436 273 475 putans,
285 442 319 475 pro
330 442 361 464 me
372 431 439 465 missas
451 432 525 465 crebras
536 431 584 474 facit,
593 437 612 465 et
623 432 639 466 si
650 443 699 466 nuno
711 432 730 466 in
741 432 776 465 alia
786 431 824 466 vita

106 494 189 527 5essem,
202 483 226 516 ibi
239 484 300 516 anima
312 493 353 516 inea
367 494 401 525 per
413 484 556 517 intercessiones
569 484 608 518 eius
621 495 631 517 a
643 485 697 526 penis
711 485 824 518 solueretur!

123 534 230 579 Requisitus
241 545 251 568 a
262 535 327 568 comite
338 534 426 569 intentius
435 536 484 569 vnde
494 540 548 577 esset,
556 536 641 580 promisit
653 547 674 570 se
685 535 741 569 nichil
753 536 769 569 ei
781 536 824 569 mali

122 588 217 629 facturum,
230 589 245 621 si
259 587 367 631 simpliciter
378 588 412 621 sibi
424 589 465 631 quis
479 589 543 623 luisset
556 590 648 632 proderet.
671 590 724 631 Quod
736 589 780 622 dum
793 589 824 623 ille

122 641 195 679 faceret,
209 640 286 674 militem
301 651 321 674 se
337 640 385 683 regis
401 640 458 674 fuisse
473 640 597 682 manifestans,
611 642 717 685 respondit:
736 640 769 674 ‘Et
784 652 824 684 ego,

123 693 181 737 inquit
195 704 262 735 comes,
276 704 310 737 per
321 692 393 737 singula
406 698 436 727 tua
449 704 539 737 responsa
552 704 675 738 cognoueram
687 695 730 738 quia
745 694 824 729 rusticus

97 759 114 782 io
123 757 160 782 non
168 756 215 790 eras,
223 751 241 782 et
249 757 298 782 nunc
306 746 372 790 dignus
383 757 403 781 es
414 752 478 788 morte,
486 748 528 791 quia
536 757 601 782 omnes
609 747 674 782 fratres
683 753 701 782 et
708 747 780 790 cognati
788 747 824 782 mei

122 799 142 833 in
153 799 184 834 illa
195 804 238 833 sunt
249 811 311 844 pugna
323 799 382 841 occisi,
390 810 424 833 nec
435 805 454 834 te
465 805 527 834 tamen
539 801 625 842 occidam,
634 811 658 834 ne
668 801 725 835 fidem
735 800 771 833 mei
782 811 825 844 pro-

123 853 175 887 missi
190 853 315 895 preuaricem.'
338 852 426 886 Vendidit
441 864 485 896 ergo
498 863 541 887 eum
555 853 656 887 Londoniis
671 854 743 887 cuidam
757 854 826 896 Fres03

124 907 157 939 sed
165 916 199 938 nec
207 906 273 946 abillo,
282 905 332 946 necl,
341 915 382 938 cum
390 905 432 938 illuc
441 904 543 944 duceretur,
551 905 641 939 ullatenus
649 905 701 949 ligari
711 907 774 949 potuit,
783 916 825 939 cum

124 958 158 992 alia
169 961 224 1000 atque
237 958 272 992 aha
283 957 397 992 vinculorum
409 968 478 1000 genera
491 958 553 992 hostes
565 957 691 1000 imponerent:
709 957 771 992 Tertia
782 969 825 992 vero

98 1026 116 1059 15
125 1011 175 1053 hora,
183 1011 256 1055 quando
264 1010 320 1046 misse
328 1010 368 1045 fieri
376 1010 465 1055 solebant,
471 1010 543 1045 vincula
551 1010 590 1045 eius
598 1010 657 1045 soluta
665 1016 721 1046 erant.
741 1010 825 1045 Precium

125 1065 200 1099 demum
208 1064 340 1108 redemptionis
350 1075 383 1098 sue
391 1065 500 1107 persoluens
510 1065 533 1098 ad
541 1064 616 1098 fratrem
624 1064 683 1105 rediit,
691 1069 709 1098 et
717 1069 782 1098 cuncta
790 1075 826 1108 que

125 1116 159 1151 sibi
171 1122 272 1151 euenerant
283 1116 369 1151 narrauit.
393 1117 445 1151 Multi
456 1117 506 1152 enim
516 1118 550 1151 hoc
562 1116 661 1160 audientes,
670 1116 742 1152 accensi
753 1122 796 1151 sunt
807 1117 826 1151 in

125 1171 161 1204 fide
173 1181 194 1204 ac
206 1171 303 1204 deuotione
312 1170 385 1213 pietatis
397 1172 420 1204 ad
430 1172 525 1212 orandum,
533 1170 563 1204 vel
573 1171 596 1203 ad
607 1171 717 1205 elemosinas
728 1170 826 1211 faciendas,

124 1223 153 1255 vel
161 1222 185 1255 ad
193 1222 296 1255 offerendas
304 1223 339 1255 deo
345 1222 429 1254 victimas
437 1234 489 1255 sacre
497 1221 599 1263 oblationis,
606 1233 639 1265 pro
648 1233 722 1254 suorum
731 1222 825 1266 ereptione

99 1292 117 1315 20
126 1274 157 1320 qui
165 1276 188 1310 de
196 1275 230 1309 hoc
238 1275 300 1310 seculo
308 1274 448 1319 migrauerant³.

233 1419 248 1455 ll
260 1412 293 1453 DE
305 1428 375 1453 SANCTO
387 1411 443 1452 EATA
454 1428 541 1452 EPISCOPO
553 1428 576 1451 ET
587 1418 719 1452 courussonu⁴.

127 1490 208 1567 ANno
218 1491 241 1524 ab
252 1490 376 1524 incarnatione
388 1490 456 1523 domini
467 1490 602 1524 sexcentesimo
613 1489 763 1530 tricesimotertio,
771 1489 827 1522 inter-

188 1543 235 1576 fecto
252 1543 308 1587 rege⁶
325 1542 407 1585 Edwino,
425 1554 468 1588 rege
487 1543 690 1577 Northanhumbrorum
709 1542 828 1583 nobilissimo,

127 1597 208 1640 suscepit
226 1608 260 1641 pro
278 1598 309 1630 illo
328 1607 406 1640 regnum
426 1596 552 1631 Berniciorum
571 1597 618 1630 filius
638 1597 733 1630 Ethelfridi
753 1596 827 1629 nomine

128 1649 256 1683 Eansfridust.
277 1649 373 1693 Siquidem
387 1654 471 1692 tempore
485 1654 522 1683 toto
537 1659 574 1692 quo
589 1649 673 1692 regnauit
688 1648 781 1689 Edwinus,
797 1649 829 1681 filii

101 1721 119 1753 ²5
128 1701 194 1746 prefati
207 1702 256 1746 regis
269 1702 364 1737 Ethelsridi
377 1703 407 1746 qui
421 1707 463 1736 ante
475 1702 526 1736 illum
538 1707 651 1745 regnauerat,
663 1713 705 1736 cum
718 1712 785 1745 magua
797 1713 828 1735 no-

128 1756 191 1788 bilium
206 1755 300 1788 iuuentute
316 1755 365 1797 apud
381 1754 445 1788 Scotos
461 1754 500 1788 siue
516 1754 576 1788 Pictos
592 1754 695 1795 exulabant,
710 1753 740 1788 vbi
759 1753 777 1786 in
792 1754 829 1787 fide

127 1806 215 1848 instructi,
228 1807 313 1850 baptizati
328 1811 376 1841 sunt.
400 1806 472 1840 Mortuo
484 1807 533 1841 enim
545 1816 589 1849 rege
602 1806 684 1848 Edwino‚
698 1816 794 1849 regressus
806 1806 829 1839 ab

128 1860 182 1895 exilio
199 1860 319 1894 Eansfridusl
334 1864 352 1893 et
369 1859 495 1894 Berniciorum
510 1859 576 1903 adepto
591 1859 666 1903 regno⁷,
681 1860 704 1893 ad
721 1858 829 1900 idolatriam,

127 1913 190 1947 relicta
200 1924 255 1956 quam
265 1918 371 1956 susceperat
382 1913 423 1954 fide,
432 1924 453 1947 se
463 1912 558 1947 conuertit.
581 1912 635 1946 Vnde
645 1912 693 1947 iusto
702 1912 731 1946 dei
741 1911 807 1946 iudicio
818 1923 829 1946 a

101 1977 120 2008 3⁰
129 1966 221 2000 Cedwalla
235 1976 279 2009 rege
295 1966 391 1999 Britonum
406 1966 425 1999 in
440 1966 493 2000 breui
507 1966 627 2009 peremptusl
640 1970 673 1999 est.
696 1965 737 2006 Quo
752 1970 829 2006 mortuo,

128 2018 216 2054 successit
224 2018 322 2053 Oswaldus
330 2018 386 2052 frater
394 2018 438 2060 eius,
444 2019 475 2062 qui
484 2028 561 2062 regnum
570 2018 667 2052 Deirorum
676 2023 694 2052 et
703 2017 829 2051 Berniciorum

129 2082 162 2106 suo
178 2071 258 2106 dominio
274 2072 382 2115 subiugauit.
410 2071 446 2114 Qui
461 2071 522 2105 statim
536 2070 635 2112 Aidanum,
650 2069 775 2105 venerabilem
790 2071 830 2114 epi-

148 2152 153 2168 ¹
164 2153 181 2183 T.
189 2153 257 2182 vincere.
379 2152 385 2169 ²
395 2152 414 2182 at.
424 2162 454 2183 om.

149 2191 155 2209 ³
166 2192 227 2221 Collect
234 2192 250 2221 in
257 2192 274 2222 T.
280 2202 284 2222 τ

152 2231 238 2276 Virginale
245 2239 332 2277 collegium,
340 2238 407 2268 ecclesia
414 2238 486 2276 fidelium,
495 2242 591 2268 conuocetur
598 2238 614 2267 in
621 2238 699 2276 gaudium,
705 2237 776 2273 alleluia,
789 2237 830 2267 Con-

128 2285 176 2309 sonet
183 2280 227 2316 plebs
235 2280 315 2317 angelica:
330 2280 359 2308 tlos
367 2279 451 2308 Eanswida
460 2280 544 2316 adquisiuit
554 2288 612 2316 agnum
620 2288 700 2316 sponsum,
708 2287 743 2307 curn
753 2287 785 2315 quo
792 2279 831 2307 uiuit

128 2320 199 2349 alleluia:
215 2319 250 2348 Aue
261 2323 336 2355 nostrum,
345 2328 375 2348 aue
386 2320 433 2355 pium,
444 2319 490 2349 dulce
500 2319 564 2356 dignum
573 2319 650 2355 solatium,
660 2328 689 2355 pro
700 2318 750 2347 seruis
761 2317 792 2347 tuis
803 2327 831 2347 ora

129 2359 208 2388 dominum
215 2358 281 2389 alleluia.
303 2359 322 2388 V.
330 2358 390 2387 Diffusa
397 2362 425 2387 est.

155 2398 202 2436 Deus
208 2405 234 2443 qui
240 2406 301 2436 beatam
307 2405 384 2443 uirginem
389 2405 489 2436 Eanswidam
497 2404 564 2436 ecclesie
572 2409 598 2435 tue
604 2404 712 2434 honorabilem
718 2402 808 2440 exhibuisti,
815 2408 831 2434 et

130 2447 216 2483 preciosam
221 2447 295 2483 supernis
301 2446 361 2476 ciuibus
366 2446 447 2475 reddidisti
453 2456 457 2481 ;
465 2446 514 2483 ipsius
520 2446 579 2474 meritis
585 2450 601 2475 et
608 2446 679 2482 precibus
684 2445 707 2473 sic
713 2453 743 2472 nos
749 2443 796 2472 facias
803 2444 831 2472 tibi

130 2486 146 2513 in
153 2487 183 2514 hac
189 2485 221 2514 uita
228 2486 294 2521 placere,
301 2490 318 2514 ut
325 2486 341 2513 in
348 2485 399 2514 futura
406 2490 466 2521 partem
473 2494 561 2514 mereamur
567 2485 630 2519 habere,
636 2494 668 2520 per.
682 2484 713 2521 (Cf.
721 2482 761 2511 Boll.
767 2493 782 2519 p.
788 2484 830 2520 685.)

150 2524 156 2540 ⁴
166 2524 195 2553 Ed.
203 2525 219 2552 in
228 2524 263 2554 Act.
271 2524 300 2554 SS.
310 2523 350 2553 Bou.
358 2524 393 2553 Oct.
403 2524 431 2553 XI.
439 2533 454 2561 p.
462 2533 492 2561 927
503 2524 549 2562 (from
559 2533 569 2552 a
576 2523 609 2553 MS.
620 2523 661 2552 Rub.
668 2522 729 2559 Vallis).
750 2520 831 2559 Abridged

130 2563 582 2601 fromthevitaeu.Surtees80c.,ssiogr.Misc.p.121.
632 2561 740 2591 ⁵om.inVit.
795 2561 829 2592 ⁶T.

130 2603 161 2634 Vit.
172 2603 260 2635 Eaniridus.
321 2602 327 2619 ⁷
338 2603 378 2634 Boll.
387 2604 453 2642 adeptus
460 2612 530 2642 regnum.
592 2603 598 2620 ³
609 2601 649 2634 Boll.
656 2602 764 2640 interemptus.
