1762 2803
234 144 280 200 ma
295 141 395 195 &aaut
411 141 531 204 atulam.
687 147 731 201 389

30 268 118 313 sanguine
129 266 225 300 intinctum
237 263 325 298 matutina
335 264 368 298 iux
378 264 469 298 virentem
480 264 577 306 inuenerit,
588 264 655 299 iustum
668 275 702 299 nos
713 270 732 298 et

31 327 113 357 sanctum
121 317 210 353 occidisse
217 316 312 358 constabit,
321 323 339 351 et
346 327 383 360 quo
393 316 444 351 illum
452 317 522 352 honore
531 317 625 361 sepeliatis
632 327 692 360 penes
698 327 733 350 vos

31 375 69 410 erit.
89 372 184 407 Sinautem
190 371 208 404 in
215 370 291 414 pristina
298 369 367 414 lignum
373 370 456 404 ariditate
462 370 590 414 permanserit,
596 381 669 404 errasse
674 380 708 404 vos
714 369 733 402 in

31 428 70 461 eius
82 434 144 459 amore
155 424 243 464 dicemus,
254 422 349 466 nostrique
361 422 395 455 erit
405 422 474 456 arbitrii
485 423 528 466 quid
539 423 563 457 de
572 424 661 457 cadauere
672 422 733 456 iacere

30 478 117 514 velimus!
140 476 223 518 Cumque
238 474 324 508 omnibus
339 474 418 508 conditio
434 480 484 519 grata
499 481 517 510 et
532 481 607 520 accepta
620 474 695 517 suisset,
714 480 750 513 vta

32 531 115 566 omnibus
123 528 192 572 liquido
200 534 285 562 constare
292 533 355 571 posset
363 528 411 572 quod
420 534 461 572 post
469 534 547 563 mortem
557 529 651 573 Elphegus
657 528 733 569 viueret,

31 590 93 619 contra
100 582 183 616 ordinem
192 586 257 615 nature
264 580 336 615 aridum
343 582 413 625 lignum
421 582 455 616 sub
463 582 517 616 vuius
525 582 583 616 noctis
592 587 676 625 tempore
684 580 733 625 cepit

32 638 120 675 frondere,
129 640 147 668 et
158 634 207 678 quod
217 645 260 668 sero
271 633 319 667 Dani
329 634 389 668 telluri
400 635 485 676 fixerunt,
493 646 547 669 maue
558 641 655 679 surgentes
666 635 732 668 ssorerc

31 690 119 725 viderunt,
143 686 202 721 Nichil
210 697 254 730 ergo
263 686 409 721 contradictionis
415 687 491 721 vlterius
496 688 585 722 habentes
591 688 643 728 Dani,
650 688 732 721 certatim

31 743 49 776 in
57 741 153 785 amplexus
161 739 241 773 defuncti
250 750 309 781 ruere,
318 741 382 774 crebra
390 741 451 774 oscula
459 741 522 784 figere,
530 741 611 774 ceruices
621 750 732 784 supponere,
744 748 761 769 ¹0

31 795 134 836 lachrymas
149 798 167 826 et
183 792 260 825 eiulatus
276 792 359 825 emittere
374 798 467 835 ceperunt.
490 793 586 825 Sublatum
604 802 648 835 ergo
664 802 732 835 corpus

32 845 113 880 humeris
124 844 240 878 inimicorum
252 845 275 878 ad
286 845 371 879 arborem
383 845 423 879 eius
434 845 528 889 triumpho
541 845 632 889 insignem
646 844 732 887 defertur,

32 898 158 933 comitantibus
165 897 267 932 innumeris
275 896 369 941 signorum
378 897 471 942 prodigiis,
479 897 549 942 potenti
555 898 622 931 virtute
630 897 660 930 dei
668 897 733 931 celitus

32 951 114 987 ostensis.
138 951 182 985 Mox
198 950 248 985 enim
263 950 313 985 salus
327 951 418 994 languidis
433 952 536 993 innonatur,
550 951 588 985 ceci
603 950 733 992 illuminantur,

32 1006 82 1039 surdi
93 1003 173 1044 audiunt,
181 1003 227 1037 muti
236 1004 340 1047 loquuntur,
348 1004 407 1038 claudi
416 1004 488 1048 gressui
497 1003 623 1038 restituuntur.
646 1003 674 1037 Ibi
683 1002 733 1037 enirn
743 1012 761 1040 15

33 1056 118 1091 orationis
126 1057 181 1090 domo
189 1066 246 1100 super
253 1056 303 1090 illum
313 1057 404 1098 fabricata,
413 1056 496 1100 plerique
506 1057 600 1090 Danorum
610 1061 705 1100 magnates
714 1056 733 1089 in

33 1111 96 1143 cadem
107 1110 215 1152 regenerati,
226 1110 249 1142 ad
260 1109 316 1142 fidem
329 1109 396 1143 Christi
408 1115 544 1143 conuertuntur.
568 1109 614 1143 Curn
626 1115 687 1142 autem
699 1108 733 1142 hec

33 1162 92 1195 omnia
101 1160 241 1194 Londonienses
249 1171 283 1205 per
290 1162 374 1195 ordinem
382 1162 481 1203 audissent,
489 1162 546 1195 multa
555 1161 647 1195 mediante
655 1161 733 1205 pecnnia

33 1224 98 1257 corpus
106 1224 164 1257 vsque
170 1214 275 1247 Londonias
283 1214 415 1248 transferentes
421 1214 521 1248 honorifice
527 1214 645 1257 sepelierunt.
674 1207 733 1248 Anno

33 1273 92 1301 autent
100 1268 168 1300 domini
176 1267 274 1300 millesimo
282 1268 394 1309 duodecimo,
402 1268 568 1311 adnesperascente
576 1268 651 1301 sabbato
656 1266 733 1310 pascha·
743 1274 762 1295 20

32 1320 54 1353 lis
66 1320 172 1362 ebdomade,
184 1324 257 1354 sanctus
270 1319 364 1364 Elphegus
376 1331 418 1353 cum
430 1320 512 1364 martyrii
524 1330 596 1361 corona,
607 1319 733 1354 tertiodecimo

33 1373 118 1407 kalendas
129 1374 177 1414 maii,
185 1384 233 1406 anno
243 1373 359 1417 episcopatus
368 1374 396 1406 sui
407 1373 492 1417 septimo,
501 1379 519 1407 et
528 1372 626 1406 natiuitatis
636 1383 670 1406 sue
680 1372 733 1417 quin·

33 1426 192 1469 quagesimonono,
208 1426 292 1469 migrauit
308 1427 331 1459 ad
349 1426 449 1460 dominum.
472 1425 493 1459 in
514 1425 553 1459 eius
572 1436 652 1469 namque
668 1425 733 1459 mortis

33 1478 130 1521 au[c]tores
138 1478 228 1512 intantum
236 1478 263 1512 ira
270 1477 300 1511 dei
307 1477 311 1496 ¹
319 1478 395 1520 deseuit,
403 1483 422 1512 vt
430 1478 504 1522 quidam
514 1479 551 1512 dux
562 1477 637 1522 propria
647 1488 667 1511 se
678 1487 733 1511 manu

33 1531 149 1572 interimeret,
157 1531 203 1564 alius
212 1530 280 1574 gutturi
290 1542 324 1564 suo
333 1531 395 1565 stilum
404 1532 498 1574 infigeret3
510 1532 608 1575 presbiter,
617 1530 735 1574 pertinaciter
743 1536 762 1564 ²5

34 1583 734 1628 crucemabscondensmartyris,gladiooccideretur,aliuseiusdemordinis‚

34 1636 113 1670 sandalia
127 1637 209 1681 episcopi
224 1642 295 1672 temere
310 1643 391 1681 portans,
405 1650 416 1671 a
431 1638 510 1671 demone
525 1647 586 1671 coram
602 1636 652 1671 omni
667 1636 735 1681 populo

32 1695 134 1724 vexaretur.
158 1691 181 1724 Et
192 1690 258 1724 sactum
271 1696 299 1724 est
307 1697 326 1724 vt
337 1697 374 1724 tarn
384 1691 486 1724 vehemens
496 1695 571 1724 cunctos
581 1691 676 1724 Danorum
686 1690 735 1734 prin·

34 1742 83 1785 cipes
100 1742 178 1777 formido
193 1743 265 1786 inuasit,
280 1749 299 1778 vt
314 1743 346 1778 vix
362 1754 394 1778 eos
409 1749 458 1778 terra
474 1748 555 1785 teneret,
574 1744 607 1777 sed
623 1743 699 1777 marinis
714 1753 735 1777 se

34 1797 171 1838 tempestatibus
181 1797 252 1838 dantes,
260 1797 388 1830 existimabant
397 1797 416 1830 in
427 1796 492 1840 pelago
502 1796 588 1840 martyris
598 1796 644 1830 iram
654 1796 735 1840 effugere
744 1808 763 1838 ³0

33 1856 92 1890 posse,
100 1858 147 1891 quos
154 1849 177 1883 ab
186 1848 225 1883 eius
232 1849 259 1883 ira
267 1849 321 1883 tellus
329 1849 375 1884 tueri
383 1859 420 1883 non
430 1854 497 1893 posset.
521 1848 559 1883 Sed
569 1859 612 1883 mox
620 1853 639 1882 vt
649 1849 667 1882 in
677 1849 734 1882 altum

34 1901 89 1934 maris
102 1901 162 1935 educti
175 1900 258 1944 fuissem,
270 1906 343 1935 centum
357 1902 452 1945 sexaginta
466 1912 529 1942 naues,
540 1901 624 1935 aduersis
637 1906 734 1934 ventorum

34 1951 104 1987 ssatibus
121 1961 167 1997 acte,
182 1956 201 1988 in
219 1955 330 1998 profundum
348 1955 404 1989 maris
422 1955 518 1989 submerse
535 1959 584 1989 sunt.
607 1954 675 1988 Iterum
689 1964 735 1989 vero

33 2008 127 2049 sexaginta
132 2007 213 2050 quinque
220 2009 243 2041 ad
251 2009 322 2051 ignotas
331 2008 416 2050 regiones
423 2008 506 2051 appulse‚
514 2006 565 2051 quasi
573 2007 616 2050 quil
626 2006 734 2039 insidiarum

33 2058 88 2098 gratia
96 2059 196 2101 venissent,
204 2060 227 2093 ab
239 2061 309 2094 eisdem
317 2060 446 2094 miserabiliter
455 2059 557 2093 interfecti²
567 2064 614 2092 sunt.
637 2058 735 2092 Remansit
743 2070 762 2100 35

34 2112 94 2144 tamen
100 2110 118 2145 in
124 2112 191 2157 Anglia
197 2112 289 2157 pessimus
294 2111 387 2147 Turkillus
393 2113 482 2147 malorum
488 2113 580 2157 princeps,
587 2122 645 2156 pauco
651 2116 735 2156 ternpore

34 2164 91 2203 predo
102 2164 179 2208 iuturus,
192 2166 226 2200 sed
242 2167 346 2200 ineternum
362 2165 456 2210 dampnati
469 2165 545 2210 spiritus
558 2166 616 2209 preda
631 2175 735 2199 mansurus.

35 2213 92 2250 Νίῐῐη8
101 2228 159 2261 paruo
167 2225 251 2263 tempore
258 2219 337 2261 euoluto,
344 2219 394 2254 veuit
402 2221 490 2264 princeps
499 2219 593 2253 Danorum
603 2218 684 2252 Cauutus
692 2229 734 2252 curn

34 2269 89 2303 multo
97 2271 170 2315 nauigio
178 2273 197 2306 in
205 2273 302 2316 Angliam;
315 2272 443 2316 dissidensque
452 2272 474 2305 ab
482 2272 513 2305 illo
523 2276 598 2315 propter
606 2271 694 2314 quasdam
705 2281 735 2305 res

34 2321 80 2356 male
94 2333 115 2358 ac
128 2326 200 2368 perfide
215 2331 270 2369 actas,
283 2325 369 2371 quicquid
385 2325 478 2360 residuum
494 2324 586 2369 nephandi
600 2323 663 2368 populi
677 2324 763 2368 sueratqo

34 2373 105 2419 deleuit,
113 2376 211 2423 ipsumque
219 2380 285 2414 ducem
293 2391 334 2414 curn
343 2391 377 2414 sex
385 2385 455 2413 tanturn
463 2378 541 2412 nauibus
548 2377 567 2411 in
577 2377 652 2411 Daciam
661 2376 735 2421 fugauit.

35 2425 69 2467 Qui
82 2440 123 2464 curn
137 2433 160 2466 ad
172 2438 240 2466 terrain
254 2432 360 2474 erasissem,
372 2437 470 2476 suspectus
482 2431 576 2465 Danorum
586 2429 701 2474 principibus
712 2441 736 2465 ne

34 2476 118 2516 intestina
127 2484 175 2518 bella
186 2485 285 2524 moliretur,
294 2485 355 2519 statim
365 2494 399 2529 per
408 2488 472 2518 cuncta
483 2482 563 2527 regionis
574 2483 614 2517 loca
626 2482 709 2527 agitatus,
717 2483 736 2517 in

35 2529 70 2567 fine
78 2535 100 2568 ab
108 2536 183 2579 ignobili
191 2537 246 2582 vulgo
254 2537 330 2580 occisus,
339 2537 383 2572 seris
391 2542 409 2571 et
417 2537 481 2571 auibus
489 2536 581 2580 proiectus
591 2540 624 2571 est.
647 2535 692 2571 Post
701 2536 736 2571 hec

53 2589 98 2622 ‘ona
107 2594 123 2624 in
130 2595 148 2626 T.
202 2596 406 2635 ²al.que..intererupte.
458 2594 493 2625 3Ε.
501 2595 543 2625 Non.
590 2595 716 2626 *Eeuueisset
