1762 2803
102 124 162 165 ⁸422
311 108 391 161 tutta
406 105 522 168 cicuta
538 105 630 169 antiit.

119 229 154 264 bns
166 228 185 262 in
199 228 281 263 secunda
292 227 344 262 uerbi
356 237 436 272 persona
448 227 591 272 respondebant.
615 226 652 261 Per
664 225 699 260 hoc
715 235 759 259 uero
772 223 821 269 quod

120 284 188 318 nullius
204 282 266 325 lingue
282 291 388 315 sermonem
403 280 534 325 intelligebant,
547 281 587 316 illas
602 285 645 314 ante
660 278 768 314 miraculum
783 287 821 312 non

120 337 193 372 audisse
201 336 262 380 palam
269 334 386 379 inquisitores
394 333 543 379 intelligebant]

281 486 295 523 ll
309 478 342 521 Dr
354 495 425 521 sancrn
437 478 558 522 Wnnounoa
569 484 661 521 vrncnral.

125 569 216 649 SPonsa
224 569 291 604 Christi
299 570 429 605 decentissima
436 570 487 615 virgo
494 570 603 614 Werburga
610 569 658 615 regis
666 568 720 611 filiai,
726 568 744 602 in
753 566 824 603 Cestria

104 631 113 662 5
177 621 249 656 ciuitate
271 623 374 668 requiescit,
396 623 503 658 meritorum
526 623 584 669 signis
606 623 690 668 gloriosa.
720 621 773 656 Clara
795 625 824 656 est

122 676 141 709 in
156 681 194 709 tota
206 676 279 719 Anglia,
294 682 312 710 et
327 687 374 720 pura
388 677 489 717 sanctitate,
500 682 519 710 et
534 676 584 720 regia
598 676 692 720 dignitate,
706 681 723 709 et
737 675 824 709 virtutum

123 729 244 763 attestatione.
277 729 295 763 A
314 729 379 774 primis
401 730 451 764 enim
473 729 576 774 Anglorum
598 728 672 773 regibus
694 738 729 772 per
750 726 824 771 protho-

124 783 217 815 doctorem
226 781 349 827 Augustinum
360 782 454 816 conuersis
464 782 554 827 originem
562 781 621 817 traxit.
645 781 762 817 Ethelbertus
774 780 824 815 enim

123 846 157 869 rex
169 835 236 869 Cancie
247 847 271 869 ex
283 836 339 869 Berta
349 836 419 879 regina,
430 835 467 870 filia
478 836 527 880 regis
540 836 657 876 Francorum,
668 834 771 868 Edbaldum
783 843 825 868 cum

97 897 116 919 10
125 888 237 932 Ethelburga
256 888 292 922 filia
310 888 417 933 procreauit.
446 888 557 932 Ethelburga
572 898 616 923 vero
635 887 698 932 regina
716 891 758 932 post
776 886 826 930 regis

125 941 329 974 Northanhumbrorum
345 940 417 974 Edwini
434 939 580 975 interfectionem
595 941 618 974 ad
633 940 708 975 fratrem
723 939 826 973 Edbaldum

124 1003 204 1035 reuersa,
212 993 231 1026 in
241 993 284 1026 villa
293 993 377 1036 Liminga
387 992 519 1027 monasterium
531 992 626 1034 edificauit,
634 992 653 1026 in
664 1003 700 1037 quo
711 1002 752 1027 cum
763 995 827 1025 sancta

124 1045 211 1088 Edburga
222 1045 324 1089 requiescit.
348 1045 441 1079 Edbaldus
451 1057 524 1090 quoque
534 1057 558 1080 ex
570 1045 644 1079 alterius
656 1046 705 1091 regis
714 1045 826 1079 Francorum

123 1099 160 1133 filia
169 1098 235 1132 Emnra
243 1099 376 1133 Ermenredum
387 1104 441 1143 atque
450 1099 589 1134 Ercombertum
600 1099 699 1143 principes,
707 1103 826 1143 sanctamque

97 1163 114 1193 15
123 1152 212 1195 virginem
223 1151 346 1194 Eanswidam,
354 1163 390 1195 que
402 1152 451 1195 apud
460 1152 547 1187 Follrstan
558 1152 641 1195 deposita
647 1157 751 1194 veneratur,
759 1161 827 1195 propa-

124 1204 178 1248 gauit.
201 1203 316 1238 Ermenredo
327 1208 387 1238 autem
397 1214 421 1238 ex
432 1204 493 1238 inclita
503 1204 580 1247 coniuge
589 1203 658 1238 Oslaua
666 1203 703 1237 nati
712 1208 755 1238 sunt
764 1202 827 1237 Ethel-

125 1258 181 1292 redus
196 1262 214 1291 et
230 1256 359 1300 Ethelbrictus,
375 1268 421 1302 quos
436 1256 544 1292 innocenter
560 1257 650 1302 iugulatos
667 1257 764 1302 splendida
782 1255 828 1291 lucis

125 1311 222 1354 columpna
232 1311 255 1344 de
265 1311 303 1345 celo
314 1310 394 1355 prodidit
404 1310 488 1345 martires
497 1310 570 1345 Christi.
593 1310 652 1345 Fratri
659 1322 703 1345 vero
712 1310 828 1353 Ermenredi,

126 1364 245 1399 Ercomberto
254 1364 297 1407 regi,
304 1364 359 1398 Anne
367 1363 416 1408 regis
424 1364 461 1399 iilia
469 1365 570 1409 Sexburga,
579 1370 640 1398 sancte
650 1364 761 1398 Etheldrede
769 1374 827 1406 soror,

99 1429 118 1449 20
126 1418 226 1457 coniuncta,
235 1418 307 1460 peperit
316 1417 437 1461 Egbrightum
445 1422 463 1450 et
472 1417 565 1450 Lotarium
573 1427 632 1460 reges,
639 1422 693 1460 atque
702 1416 828 1450 Ermenildam

126 1474 144 1503 et
155 1469 284 1513 Erkengodam
295 1469 373 1513 reginas.
397 1468 503 1503 Ermenilda
510 1469 582 1504 Wlfero
593 1469 632 1513 regi
641 1468 757 1510 Merciorum,
765 1467 828 1502 Pende

127 1521 175 1566 regis
187 1521 229 1564 filio,
237 1521 307 1565 tradita,
315 1526 397 1556 sanctam
405 1521 494 1567 virginem
503 1521 625 1568 Werburgam
636 1521 735 1566 generauit.
758 1520 829 1557 BeatIs-

127 1577 174 1610 sima
180 1586 226 1610 vero
236 1581 335 1610 matertera
346 1575 386 1610 eius
394 1575 504 1619 Erkengoda
514 1586 566 1609 sacre
577 1575 669 1620 religionis
679 1585 741 1610 amore
749 1574 829 1619 peregri·

127 1633 170 1663 nata
184 1633 235 1663 trans
250 1638 301 1663 mare
315 1628 418 1673 requiescit,
429 1628 460 1663 vbi
475 1639 495 1663 se
510 1640 521 1663 a
533 1629 607 1663 domino
622 1633 726 1673 susceptam
741 1633 828 1673 tanquam

100 1691 118 1720 25
127 1683 218 1716 aduenam
226 1691 278 1715 suam
288 1682 350 1715 multis
357 1682 453 1715 virtutibus
464 1682 548 1715 ostendit.
593 1675 638 1716 Hec
648 1681 709 1724 itaque
717 1681 768 1725 virgo
776 1681 829 1715 Wer-

126 1734 184 1777 burga
193 1743 204 1766 a
212 1732 288 1767 tenero*
295 1733 325 1767 eui
333 1733 378 1767 ssore
386 1734 433 1777 cepit
443 1733 526 1777 speciosa
536 1734 581 1768 facie
589 1744 630 1768 cum
641 1734 724 1778 speciosa
734 1738 796 1768 mente
806 1734 829 1768 ad

126 1786 178 1821 illum
194 1786 225 1831 qui
244 1786 339 1832 speciosus
354 1793 382 1821 est
400 1786 459 1822 forma
475 1798 509 1832 pre
524 1788 567 1822 filiis
586 1787 685 1830 hominum,
701 1787 829 1830 contendere⁶‚

127 1851 227 1883 amoreque
240 1841 349 1884 virginitatis
364 1842 387 1875 ad
403 1841 497 1875 Christum
512 1841 604 1875 conualuit
610 1840 621 1881 ⁰,
636 1845 719 1875 terrenas
734 1839 830 1885 concupis-

127 1895 196 1928 centias
214 1892 314 1934 abhorruit,
330 1904 397 1937 procos
414 1899 432 1928 et
448 1899 539 1928 amatores
558 1893 630 1938 repulit.
657 1894 736 1934 Aurum,
750 1903 829 1937 gemme,

100 1956 119 1984 50
127 1951 188 1980 vestes
200 1956 244 1978 auro
256 1951 312 1989 texte,
324 1952 343 1980 et
354 1946 440 1990 quicquid
451 1947 486 1980 fert
497 1946 600 1991 pompatica
612 1946 676 1980 mundi
687 1946 776 1987 iactantia,
786 1956 830 1980 one-

128 2009 170 2033 rosa
177 1997 212 2032 sibi
218 1999 277 2042 magis
284 2005 336 2033 erant
342 2009 397 2043 quam
403 1999 488 2043 gloriosa.
508 1999 588 2034 Demum
594 2000 617 2034 ad
623 1999 693 2033 eliense
699 1998 830 2033 monasterium

128 2050 256 2094 commigrans,
264 2051 298 2085 sub
310 2057 409 2086 matertera
419 2063 453 2086 sua
461 2052 572 2086 Etheldreda
583 2063 634 2087 sacre
645 2045 738 2095 religionis
748 2050 830 2086 habitum

128 2104 217 2149 sumpsit;
234 2104 301 2138 fastum
314 2106 378 2139 mundi
390 2106 475 2140 calcando
487 2106 575 2140 humilem
586 2116 607 2140 se
619 2105 692 2140 Christo
703 2104 787 2139 ancillam
799 2115 830 2139 ex-

128 2157 200 2199 bibens,
208 2167 273 2192 omnes
284 2158 390 2193 monasterii
401 2169 475 2194 sorores
487 2158 588 2193 humilitate
600 2158 697 2202 superabat
709 2158 831 2204 omnibusque

149 2228 154 2245 ¹
164 2230 202 2260 Ant.
210 2232 241 2260 and
248 2232 287 2261 Coll.
295 2232 312 2261 in
319 2232 338 2262 T.
344 2242 348 2262 :

149 2267 203 2311 Virgo
213 2277 239 2312 pia
249 2276 347 2304 cheireda
358 2276 420 2312 pollens
432 2276 449 2304 in
460 2276 543 2312 miraculis,
554 2276 588 2305 Tua
599 2284 646 2312 prece
657 2285 687 2306 nos
697 2277 765 2306 emunda
776 2286 831 2314 pecca·

129 2319 181 2345 torum
188 2314 257 2350 maculis,
265 2314 285 2343 Et
292 2324 301 2343 a
308 2315 368 2345 cunctis
374 2316 407 2344 nite
415 2315 461 2345 huius
468 2315 535 2345 defende
542 2315 620 2353 periculis.
641 2315 673 2346 Ora
680 2325 709 2353 pro
716 2316 767 2347 nobis,

151 2354 199 2391 Deus
211 2359 237 2397 qui
251 2359 310 2390 meritis
324 2363 340 2390 et
353 2359 426 2397 precibus
439 2359 481 2391 beati
493 2360 555 2391 Beunoi
567 2359 620 2391 famuli
634 2361 656 2391 tui
669 2365 739 2392 sanctam
753 2361 831 2399 uirginem

128 2400 243 2430 Wenesredam
256 2400 349 2429 decollatam
361 2400 458 2429 resuscitasti
470 2403 486 2430 et
499 2400 544 2430 annis
557 2401 645 2438 qulndecim
658 2401 716 2440 iugiter
729 2402 757 2432 tibi
771 2402 831 2432 seruire

129 2440 191 2470 iecisti:
201 2439 228 2469 illa
234 2439 342 2469 intercedente
350 2443 449 2477 peccatorum
456 2440 518 2470 neniam
525 2445 542 2469 et
549 2444 619 2470 eternam
626 2441 667 2470 felici
678 2463 682 2471 .
693 2464 697 2471 .
708 2464 712 2471 .
723 2463 727 2470 .

149 2479 155 2496 ²
165 2479 246 2516 Abridgcd
253 2479 294 2508 from
300 2479 329 2508 the
335 2479 373 2507 Vita
380 2479 401 2516 by
408 2479 482 2508 Goscelin
489 2479 505 2509 in
512 2479 532 2510 A.
540 2479 569 2510 SS.
577 2480 618 2510 Boll.
625 2480 670 2510 Febr.
678 2480 690 2510 1.
698 2490 713 2518 p.
721 2489 756 2518 391.
796 2480 802 2498 ⁵
813 2479 831 2509 T.

129 2519 169 2548 Filia
176 2519 218 2554 regis
225 2522 241 2547 et
248 2527 307 2556 sponsa
314 2518 372 2547 Christi
379 2519 412 2547 dec.
420 2518 465 2556 uirgo
472 2518 499 2548 W.
583 2519 588 2536 ⁴
599 2518 617 2548 E.
625 2523 640 2549 te
647 2528 690 2551 vero.
771 2518 777 2537 ⁵
786 2519 804 2551 T.
813 2519 831 2550 E.

129 2559 248 2596 conscendere,
258 2568 271 2588 r.
278 2559 381 2589 contendere.
435 2557 441 2575 ⁸
451 2559 471 2589 al.
479 2558 574 2590 conuolauit.
