1762 2803
231 125 277 181 ibt
291 123 392 177 sonno
408 122 554 181 dabbato.
702 140 743 170 221

42 255 134 289 egressus,
145 246 208 290 sepius
222 247 281 292 pedes
293 245 382 281 incedens
397 246 446 280 viam
462 245 544 280 veritatis
562 245 664 280 errantibus
680 246 747 288 ubique

41 298 151 342 predicabat.
180 299 224 333 Erat
240 300 309 344 quippe
326 298 384 332 moris
401 309 423 332 eo
434 304 517 342 tempore
529 298 632 343 Anglorum
644 298 716 342 populis
727 302 747 331 vt

41 352 127 385 veniente
138 353 156 385 in
168 352 229 385 villam
241 353 307 385 clerico
317 351 347 385 vel
359 351 467 394 presbitero,
478 350 538 385 cuncti
553 351 576 384 ad
587 352 627 384 eius
643 350 747 394 imperium,

42 404 119 437 verbum
133 405 162 438 dei
173 405 256 446 audituri,
268 404 388 445 confluerent,
400 403 525 448 libenterque
537 403 642 439 dicerentur
657 403 747 444 audirent,

42 455 139 491 libentius¹
158 467 194 501 que
214 458 277 492 audire
296 461 315 491 et
336 456 439 500 intelligere
460 461 544 501 poterant
567 456 660 500 operando
681 465 765 499 seque-5

42 514 111 542 rentur.
138 509 195 543 Porro
211 516 261 543 tanta
277 510 378 544 Cuthberto
395 514 435 544 erat
449 509 526 544 docendi
540 509 611 553 peritia,
622 514 684 543 tantus
695 518 748 542 amor

42 562 166 604 persuadendi
177 573 213 606 que
224 568 303 607 ceperat,
315 562 351 597 tale
362 562 422 597 vultus
433 562 510 607 angelici
522 562 591 604 lumen,
601 566 621 597 vt
633 561 694 596 nullus
705 571 747 606 pre·

43 615 122 649 sentium
133 614 212 650 latebras
224 616 240 651 ei
252 617 280 650 sui
291 615 351 650 cordis
363 616 423 651 celare
434 622 553 661 presumeret,
565 627 630 651 omnes
640 616 700 661 palam
711 626 747 659 que

42 673 139 711 gesserant
156 670 258 703 confitendo
275 670 385 713 proferrent,
404 670 446 713 quia
462 669 548 703 nimirum
564 669 629 704 delicta
646 679 679 703 sua
695 669 746 702 illum

43 720 100 754 latere
118 721 168 755 nullo
187 723 241 756 modo
260 723 351 766 putabant.
404 715 451 756 Erat
470 727 532 756 autem
551 722 643 756 abbatissa
662 722 747 765 quedam,
756 730 776 753 ιο

43 772 118 808 nomine
130 773 186 816 Ebba,
198 785 264 818 regens
276 775 408 809 monasterium
423 774 443 808 in
458 774 498 808 loco
515 785 570 822 quem
592 774 656 808 Coludi
668 774 747 809 Vrbem¹

43 831 113 867 vocant,
125 827 144 860 id
157 831 185 861 est
201 827 327 871 Coldingham‚
339 827 428 870 religione
444 826 516 870 pariter
532 831 551 860 et
567 826 661 861 nobilitate
678 827 748 860 cunctis

43 878 161 912 honorabilis.
192 879 235 913 Erat
249 880 298 912 enim
309 890 361 913 soror
371 879 443 913 vterina
454 878 503 922 regis
515 878 572 912 Oswi.
595 878 636 912 Hec
649 879 672 912 ad
687 879 748 912 virum

44 931 73 965 dei
86 932 166 973 mittens,
178 932 248 975 rogauit
259 937 279 966 vt
295 942 317 966 se
333 942 425 975 suumque
441 930 573 965 monasterium
590 931 647 975 gratia
663 930 749 965 exhorta·

43 983 98 1018 tionis
108 983 188 1018 inuisere
199 985 309 1029 dignaretur.
332 983 415 1018 Veniens
424 983 483 1028 igitur,
493 984 541 1018 viam
551 982 621 1019 iusticie
631 989 671 1019 actu
680 984 750 1028 pariter
759 994 776 1025 ¹5

44 1042 63 1070 et
82 1047 168 1071 sermone
187 1038 273 1071 omnibus
288 1037 370 1081 pandere
386 1036 496 1081 satagebat
527 1036 550 1071 Et
566 1047 607 1071 cum
623 1047 675 1071 more
690 1036 749 1079 solito,

44 1090 180 1133 quiescentibus
189 1096 244 1125 noctu
253 1092 326 1130 ceteris,
333 1091 356 1124 ad
366 1091 468 1124 orationem
478 1090 529 1124 solus
537 1091 596 1124 exiret
605 1095 623 1124 et
632 1094 674 1134 post
685 1090 750 1133 longas

44 1142 156 1186 intempeste
175 1143 234 1177 noctis
252 1143 328 1188 vigilias,
346 1143 427 1178 instante
445 1142 586 1177 matutinarum³
605 1143 655 1183 hora,
674 1143 748 1178 domum

44 1196 118 1238 rediret,
129 1197 208 1239 quadam
219 1201 273 1231 nocte
283 1207 332 1231 unus
343 1196 449 1230 esratribus
461 1195 543 1230 eiusdem
555 1196 666 1238 monasterii,
678 1196 749 1240 egredi-

45 1253 106 1281 entem
118 1248 168 1281 illum
180 1248 198 1281 in
211 1248 283 1282 silentio
294 1258 377 1289 cernens,
390 1249 471 1281 clanculo
482 1253 556 1281 secutus
567 1249 607 1281 eius
618 1248 701 1291 vestigia,
712 1259 749 1291 quo
758 1258 777 1279 ao

45 1298 91 1334 iret*
98 1300 165 1344 quidve
172 1310 227 1344 agere
235 1300 290 1335 vellet
300 1301 395 1335 dinoscere
403 1301 496 1345 querebat.
519 1299 598 1335 Sanctus
605 1311 649 1335 vcro
657 1300 687 1335 dei
698 1311 750 1335 mare

44 1353 145 1397 ingressus,
157 1354 255 1398 peruigiles
266 1354 362 1389 undisonis
373 1353 392 1387 in
404 1355 488 1389 laudibus
500 1354 586 1389 tenebras
598 1355 688 1398 exigebat.
710 1354 749 1399 Ap-

45 1406 180 1451 propinquante
191 1412 252 1442 autem
263 1407 343 1442 diluculo
354 1408 457 1442 ascendens
472 1408 490 1441 in
506 1412 581 1450 terram,
593 1408 653 1442 denuo
668 1408 716 1452 cepit
731 1409 749 1442 in

45 1459 104 1494 littore
116 1460 170 1494 llexis
181 1461 258 1504 genibus
269 1470 328 1495 orare.
358 1460 381 1494 Et
393 1471 436 1495 ecce
448 1461 472 1495 de
488 1459 579 1504 profundo
598 1461 654 1495 maris
671 1461 750 1505 quadru-

45 1512 99 1555 pedia
111 1514 147 1546 duo
161 1512 251 1547 ‘lutrcc¹⁵
262 1519 326 1547 vocata
342 1513 360 1547 in
378 1523 453 1547 arenam
469 1514 596 1555 ascendentes,
611 1514 704 1548 anhelitu⁸
717 1524 751 1548 sno
760 1524 778 1554 ²5

45 1566 104 1608 pedes
121 1565 161 1600 eius
179 1565 242 1600 fouere
261 1576 282 1600 ac
298 1565 342 1600 villo
360 1570 457 1610 extergere
476 1566 595 1609 satagebant:
619 1565 751 1611 Completoque

46 1617 151 1660 ministerio,
157 1624 175 1653 et
180 1619 392 1662 acceptabenedictione‚
400 1619 469 1662 patrias
474 1619 546 1662 relapsa
552 1624 594 1653 sunt
602 1620 637 1653 sub
641 1620 705 1653 vndas.
718 1620 752 1654 Vir

45 1676 106 1703 autem
117 1670 147 1703 dei
158 1681 201 1704 mox
213 1673 288 1704 domum
299 1680 392 1712 reuersuS,
403 1672 500 1704 canonicos
511 1670 648 1705 cumfratribus
659 1671 752 1715 hympnos

46 1722 149 1765 compleuit.
171 1722 212 1757 Αο7
224 1722 282 1757 irater
297 1724 327 1766 qui
343 1722 377 1758 hec
392 1724 455 1757 videre
470 1722 589 1767 presumpsit,
600 1723 669 1767 ingenti
683 1735 752 1768 pauore

45 1786 152 1819 percussus,
163 1787 218 1810 mane
229 1777 253 1810 ad
264 1782 348 1810 sanctum
359 1777 449 1810 accedens
463 1776 482 1810 in
497 1781 567 1811 terram
583 1787 604 1811 se
619 1779 718 1820 prostrauit
733 1783 752 1812 et
760 1787 780 1817 30

45 1828 118 1863 veniam
134 1829 157 1862 de
171 1834 222 1863 reatu
237 1828 287 1863 stulti
302 1840 358 1863 ausus
375 1840 416 1863 cum
433 1828 526 1862 lachrimis
542 1828 634 1873 flagitauit.
664 1830 698 1863 Cui
709 1830 751 1866 ille:

47 1882 111 1925 ‘Quid
122 1883 185 1926 inquit,
197 1882 260 1924 habes,
271 1881 337 1916 frater?
353 1881 397 1926 quid
408 1881 480 1916 fecisti?
507 1881 556 1917 Num
568 1881 603 1917 iter
613 1887 697 1917 nostrum
709 1893 752 1918 noc·

46 1940 120 1969 turnum
132 1935 225 1969 lustrando
238 1934 335 1979 explorare
347 1935 452 1978 temptasti?
482 1934 519 1969 Sed
535 1946 557 1969 ea
572 1935 631 1969 solum
647 1936 751 1971 conditione

47 1988 79 2022 tibi
94 1988 179 2032 indulgeo
194 1988 228 2022 hoc
242 1987 367 2029 commissum,
379 1987 394 2021 si
407 1987 520 2032 promiseris,
537 1993 561 2031 te,
577 1999 613 2032 que
629 1988 695 2030 vidisti,
707 1990 751 2024 nulli

46 2047 89 2076 ante
100 2052 162 2076 meum
174 2041 242 2076 obitum
253 2051 296 2075 esse
306 2042 407 2075 dicturum?
430 2040 483 2082 Quod
494 2052 535 2075 cum
546 2041 664 2085 promitteret,
676 2041 750 2077 fratrem
760 2052 778 2083 35

47 2094 146 2136 benedixit,
160 2100 178 2128 et
197 2094 274 2137 culpam,
286 2103 341 2137 quam
359 2095 469 2128 temerarius
487 2094 568 2136 incurrit,
580 2094 659 2138 benigne
676 2095 751 2130 remisit.

48 2139 136 2192 Quadam
144 2146 173 2180 die
182 2157 223 2180 cum
231 2157 288 2190 puero
299 2147 378 2190 quodam
390 2147 413 2181 de
423 2147 535 2181 monasterio
544 2148 671 2191 predicaturus
681 2148 751 2191 exiens,

47 2199 131 2245 fatigatus
141 2199 212 2234 itinere
230 2198 307 2243 quesiuit
326 2209 337 2233 a
353 2210 416 2244 puero,
427 2204 520 2245 temptans
537 2211 585 2242 eum,
597 2200 627 2235 vbi
644 2205 751 2244 pernoctare

47 2259 124 2297 possent
134 2253 164 2286 vel
176 2253 237 2294 refici3
253 2257 271 2285 et
287 2263 329 2285 cum
342 2252 373 2287 ille
389 2263 410 2286 se
427 2252 511 2296 ignorare
527 2254 602 2287 omnino
619 2254 752 2297 respondisset,

47 2309 76 2342 vir
91 2311 166 2341 sanctus
183 2306 218 2340 ait:
236 2305 307 2347 ‘Disce
323 2305 354 2347 fili,
372 2316 426 2350 spem
443 2317 519 2350 semper
537 2312 556 2340 et
574 2306 630 2340 fidem
647 2306 716 2342 habere
732 2307 781 2347 into

48 2360 133 2395 domino:
149 2361 191 2403 quia
205 2369 299 2402 nunquam
315 2359 363 2393 lame
376 2359 424 2402 perit
440 2360 470 2403 qui
488 2360 523 2394 deo
538 2359 617 2393 fideliter
633 2359 699 2394 seruit.¹
728 2360 752 2395 Et

47 2412 113 2449 videns
123 2412 203 2457 aquilam
211 2412 229 2447 in
237 2412 273 2447 alto
280 2412 377 2455 volantem,
385 2412 442 2448 dixit:
455 2412 520 2448 ‘etiam
527 2423 561 2457 per
568 2412 622 2447 huius
630 2412 752 2449 ministerium

47 2466 137 2511 possibile
150 2472 178 2501 est
192 2465 265 2501 domino
279 2476 313 2500 nos
329 2464 384 2499 hodie
400 2465 487 2501 relicere.¹
514 2465 538 2500 Et
554 2477 597 2501 ecce
612 2465 675 2501 vident
692 2467 753 2502 subito

68 2535 73 2552 ¹
84 2534 123 2565 Bed.
131 2534 241 2572 libentiusque.
301 2533 308 2550 ²
318 2534 358 2565 Bed.
364 2534 447 2572 pandebat.
510 2534 516 2553 ³
527 2534 566 2565 Bed.
573 2536 661 2566 communis
667 2545 752 2574 synaxeos.

48 2573 105 2605 ¹Bed.
113 2575 140 2604 ire.
200 2574 310 2605 ’Bed.lutre.
369 2573 475 2605 ⁶T.anelitu.
535 2574 627 2607 lBedllt.
