1762 2803
124 138 167 190 316
314 134 394 186 mota
409 131 525 193 baronta
540 130 633 193 anate.

211 254 225 291 ii
239 246 272 289 DE
283 263 353 288 sanem
366 247 464 288 Ennluilbo
476 264 563 288 EPISCOPO
575 264 597 288 ET
609 253 742 289 CONFESSORE¹.

158 335 229 369 Anctus
245 333 353 366 Edmundus
368 333 387 366 in
402 331 512 367 Abendonie
527 332 569 367 villa
584 332 603 367 in
615 332 757 367 Westsaxonica
771 331 826 376 plaga

179 385 247 430 Anglie
260 384 349 428 originem
362 384 419 419 duxit.
442 385 499 420 Cuius
512 391 599 429 parentes
614 396 671 420 censu
684 386 758 430 quidem
773 395 826 419 secu-

125 440 158 474 lari
169 439 276 481 mediocres,
284 440 317 472 sed
329 449 401 472 morum
412 439 480 473 diuitiis
492 440 565 473 fuerunt
577 445 701 484 prepotentes.
725 439 780 473 Pater
787 437 826 472 eius

125 493 199 526 nomine
209 492 317 532 Edwardus,
325 497 447 535 cognomento
456 491 513 526 Diues
520 492 532 535 ²,
542 493 564 525 de
574 503 666 526 consensu
674 492 757 536 coniugis
765 502 799 526 sue
807 491 826 525 in

108 556 116 584 5
125 544 235 580 monasterio
246 545 269 579 de
281 544 374 579 Euesham
383 545 487 587 regularem
495 556 552 589 vsque
563 546 586 578 ad
596 545 666 580 obitum
674 546 735 586 vitam,
743 546 762 579 in
774 544 827 579 bonis

125 598 211 641 operibus
226 607 354 639 perseuerans,
368 597 449 631 deduxit.
472 597 532 630 Mater
548 607 597 638 vero,
612 598 679 631 virtute
694 608 731 631 non
746 597 827 637 inferior,

126 649 230 693 cogitationi
243 648 323 682 feminee
338 648 460 682 masculinum
476 648 557 681 animum
572 649 663 691 inserens,
678 649 697 682 in
713 650 775 683 seculo
790 660 828 682 non

126 701 232 736 seculariter
239 702 310 743 viuens,
319 712 360 735 cum
371 701 427 735 animi
438 701 516 736 mollicie
527 701 587 736 carnis
598 702 695 736 illecebras
706 714 716 737 a
726 713 746 736 se
754 701 828 747 penitus

126 756 236 800 amputauit:
253 766 318 798 capam
330 755 410 789 clausam
422 755 513 796 deferens
525 760 587 789 vestes
600 756 663 789 reiecit
675 767 721 799 quas
733 755 828 800 proposito

100 822 118 843 io
126 808 214 843 castitatis
225 818 262 842 non
277 807 376 842 conuenire
390 807 471 851 censuit;
487 807 558 851 vigilias
573 809 705 842 monachorum
717 809 828 843 Abendouie

127 861 204 906 singulis
216 862 254 895 fere
266 861 349 895 noctibus
363 861 480 905 frequentare
494 861 599 905 consueuit;
611 866 629 895 et
637 861 695 895 cilicio
708 862 776 905 induta,
787 862 829 896 lori-

127 927 167 950 cam
181 915 260 949 ferream
274 916 355 958 desuper
368 915 442 949 addidit.
488 908 523 948 ΙιῑΒ
535 915 589 948 huius
601 915 651 949 enim
664 916 723 948 sancti
736 915 829 948 Edmuudi

128 978 183 1002 carne
196 966 261 1001 ssorida
273 966 383 1011 uirginitatis
398 966 463 1001 ssorem
480 966 568 1000 illibatum
582 973 671 1011 perpetuo
683 968 729 1001 deus
743 979 829 1011 perman-

127 1032 191 1055 surum
203 1020 280 1062 edocuit,
288 1020 319 1063 qui
331 1031 372 1054 eum
384 1031 440 1063 supra
450 1031 521 1053 morem
533 1020 654 1054 communiter
663 1021 778 1054 nascentium
789 1021 829 1054 feli-

101 1087 119 1117 15
128 1074 179 1108 cibus
189 1073 275 1117 auspiciis
283 1084 307 1106 ex
315 1083 348 1106 sue
358 1073 423 1106 matris
432 1078 484 1106 vtero
492 1073 601 1117 segregauit.
625 1073 717 1117 Egressus
725 1073 798 1117 itaque*
806 1074 829 1108 de

128 1126 193 1160 cellula
205 1125 303 1160 natiuitatis
312 1136 345 1160 sue
353 1125 378 1159 ita
388 1127 468 1159 mundus
478 1130 496 1159 et
507 1125 594 1160 immunis
603 1126 626 1160 ab
638 1126 700 1160 omni⁵
708 1126 830 1170 corruptionis

128 1180 208 1214 humane
219 1178 302 1222 contagio
311 1178 376 1220 extitit,
384 1178 434 1213 velut
442 1178 458 1212 si
466 1189 510 1212 mon
520 1178 613 1213 inuolutus
621 1179 699 1213 sindone
707 1179 828 1213 mundissima

128 1233 197 1267 nullam
209 1231 330 1266 contraxisset
340 1231 430 1266 maculam
442 1231 538 1266 continens
549 1231 572 1266 de
584 1238 674 1267 contento.
698 1233 771 1267 lacebat
782 1244 830 1277 puer

128 1296 139 1320 a
151 1296 205 1320 mane
215 1285 251 1319 diei
261 1285 320 1319 sancti
332 1285 425 1319 Edmundi
436 1284 527 1329 martyris
538 1296 574 1329 quo
585 1285 652 1330 prodiit
663 1286 682 1319 in
694 1287 759 1328 lucem,
770 1298 830 1330 vsque

102 1354 120 1374 20
129 1341 152 1373 ad
159 1349 257 1381 vesperam
270 1340 319 1372 velut
331 1338 427 1380 exanimis,
435 1343 454 1372 vt
466 1343 548 1372 astantes
557 1338 685 1382 sepeliendum
693 1350 771 1383 puerum
779 1350 831 1373 man-

129 1393 210 1434 dassent,
221 1390 257 1425 nisi
269 1391 367 1425 consilium
378 1391 442 1425 matris
453 1390 559 1425 obstitisset.
581 1391 661 1426 Vocatus
672 1397 701 1426 est
712 1398 774 1427 autern
785 1404 831 1435 puer

130 1444 243 1484 Edmundus,
255 1455 277 1477 eo
288 1444 336 1486 quod
348 1443 407 1476 indie
418 1443 476 1476 sancti
487 1443 580 1477 Edmundi
592 1449 645 1478 natus
656 1449 690 1486 est,
698 1455 719 1479 ac
727 1445 782 1478 etiam
790 1445 832 1488 quia

129 1503 189 1531 mater
201 1495 246 1538 eius,
258 1496 301 1530 dum
315 1497 338 1530 ad
354 1496 442 1529 feretrum
455 1495 520 1538 prefati
534 1496 613 1530 martiris
627 1496 703 1540 grauida
717 1508 783 1541 preces
790 1497 831 1530 fun·

130 1550 187 1591 deret,
202 1548 239 1583 vite
254 1547 295 1582 vel⁰
311 1548 386 1592 spiritus
402 1548 492 1592 primitias
505 1548 524 1581 in
538 1549 589 1594 prole
603 1549 688 1594 primitus
704 1550 831 1594 deprehendit.

103 1614 121 1643 25
131 1603 172 1636 Hoc
182 1602 232 1635 enim
240 1612 313 1642 nomen,
325 1612 348 1635 ex
358 1602 429 1635 duobus
440 1602 516 1645 integris
526 1603 653 1645 compositum,
661 1603 731 1646 anglice
742 1608 761 1636 et
771 1603 832 1645 latine,

131 1656 271 1699 interpretatum
279 1659 332 1688 sonat
341 1654 423 1688 ‘felicem
432 1660 450 1688 et
458 1654 558 1688 mundum!
599 1648 652 1690 Dum
660 1655 715 1699 igitur
723 1655 832 1691 Edmundus

131 1709 239 1743 adolescens
250 1708 308 1742 sactus
320 1713 374 1750 esset,
389 1717 477 1742 sensuum
491 1708 580 1752 primitias
593 1710 627 1743 deo
640 1709 733 1750 dedicans,
745 1709 770 1743 ita
781 1708 832 1753 ipsos

131 1772 165 1805 per
178 1760 277 1804 spiritualis
289 1760 325 1794 vite
341 1760 427 1794 exercitia
439 1762 557 1795 assuescebat
570 1761 589 1794 in
602 1761 646 1796 boni
658 1762 744 1804 studium,
754 1767 779 1803 vt,
790 1773 833 1806 pre-

131 1816 203 1849 ualente
218 1814 336 1858 postmodum
352 1814 489 1857 consuetudine,
504 1814 569 1849 vitaret
584 1815 634 1849 velut
652 1814 759 1849 naturaliter
778 1826 833 1850 omne

104 1879 123 1907 50
131 1870 205 1901 malum.
226 1867 280 1901 Vnde
288 1868 338 1900 velut
346 1867 364 1899 in
373 1867 482 1911 quibusdam
490 1867 556 1900 tabulis
564 1867 631 1908 vacuis,
640 1868 722 1901 habitum
732 1868 833 1902 sanctitatis

131 1932 155 1955 ex
168 1920 259 1963 frequenti
272 1921 319 1954 bona
331 1920 402 1954 actione
416 1919 525 1963 acquisitum
540 1930 575 1963 per
585 1922 677 1963 quandam
690 1921 832 1963 impressionem

131 1972 267 2018 imaginatiuam
275 1973 344 2008 studuit
352 1973 440 2017 figurare3
453 1983 473 2007 ac
483 1971 520 2007 sic⁷
528 1972 633 2008 innocentie
641 1973 760 2008 fundamento
769 1985 834 2018 super·

131 2026 223 2061 edificauit
235 2027 291 2060 ardua
301 2026 389 2061 virtutum
402 2025 474 2070 palatia,
485 2032 505 2061 vt
516 2032 607 2061 cresceret
618 2026 637 2060 in
649 2027 739 2071 templum
750 2033 835 2062 sanctum

132 2080 151 2114 in
164 2080 238 2115 domino
250 2080 345 2122 edificatio,
359 2091 393 2124 per
403 2080 487 2124 spiritum
499 2079 588 2114 inchoata.
617 2079 697 2123 Eratque
708 2080 754 2123 talis,
766 2085 786 2115 vt
796 2092 833 2115 non

105 2143 123 2173 35
132 2135 192 2169 solum
200 2134 251 2177 prius
260 2133 327 2168 faceret
335 2145 390 2177 quam
398 2134 478 2176 doceret,
486 2134 519 2168 sed
528 2139 546 2167 et
557 2133 608 2177 prius
618 2134 686 2167 laceret
695 2145 749 2178 quam
758 2134 833 2171 audiret.

132 2187 302 2231 Sincorruptionem
310 2198 346 2230 que
354 2187 458 2230 proximum
467 2187 509 2220 iacit
519 2188 559 2229 deo,
567 2187 671 2230 specialiter
678 2187 773 2231 preelegit,
781 2188 834 2223 beate

132 2240 198 2284 virgini
212 2240 270 2272 Marie
282 2251 303 2273 se
318 2240 396 2280 deuouit,
409 2245 427 2274 et
442 2240 466 2274 ad
481 2239 544 2274 matris
558 2240 654 2273 consilium
667 2239 724 2274 cilicio
737 2251 787 2281 vsus,
801 2251 835 2284 per

134 2299 196 2328 sextas
209 2292 264 2327 ferias
277 2303 326 2337 pane
339 2298 357 2326 et
369 2303 416 2337 aqua
427 2292 524 2335 ieiunauit;
541 2293 606 2328 diebus
619 2292 690 2327 festinis
701 2298 719 2328 et
733 2293 835 2337 dominicis,

134 2353 231 2389 antequam
240 2347 350 2387 comederet,
355 2346 463 2389 psalterium
471 2357 494 2380 ex
500 2345 571 2389 integro
577 2346 638 2379 dicere
645 2345 746 2380 consueuit.
784 2339 835 2381 Cum

106 2420 126 2452 4⁰
135 2399 192 2435 semel
205 2398 257 2432 dolor
267 2399 331 2443 capitis
343 2411 386 2434 eum
397 2405 434 2434 tam
446 2399 512 2433 acriter
523 2400 612 2443 arriperet
621 2401 669 2443 quod
680 2399 699 2434 in
711 2399 771 2433 studio
780 2400 836 2443 proli-

154 2469 159 2489 ¹
170 2469 252 2506 Compiled
263 2470 302 2498 from
313 2470 340 2498 the
347 2469 383 2499 Vita
393 2470 415 2506 by
423 2470 507 2504 Bertrand‚
517 2470 533 2498 in
545 2469 617 2498 Martcne
624 2469 671 2498 Thes.
682 2468 743 2498 Anecd.
750 2478 765 2505 3,
773 2478 787 2505 p⁴
798 2479 836 2507 1775

136 2509 174 2546 (abr.
181 2509 197 2538 in
203 2509 248 2538 Vinc.
257 2508 311 2545 ssell.),
317 2509 348 2538 and
356 2519 365 2538 a
372 2510 464 2538 condensed
472 2513 505 2539 tent
511 2509 582 2547 <Sur-ius]
588 2518 591 2544 ;
598 2508 637 2538 with
645 2509 672 2537 the
679 2512 740 2537 extract
747 2508 763 2537 in
771 2508 836 2546 Higden

136 2549 168 2579 Pol.
176 2548 212 2579 VII.
219 2549 375 2586 35badlyinserted.
414 2550 446 2579 ²al.
455 2549 528 2587 Reynold
536 2550 582 2578 Rich.
619 2549 653 2578 3Τ.
663 2548 718 2581 ΙιηΕ.
728 2547 763 2584 Qui.
800 2549 836 2581 ‘aL

135 2589 183 2619 enim.
224 2588 351 2619 ⁶al.c0mmuni.
393 2587 493 2620 “alvitalis
533 2588 594 2619 ⁷T.si.
634 2588 753 2626 ⁸CiHigden.
