1762 2803
101 114 157 158 ,394
223 152 224 156 ,
257 166 259 170 y
303 99 383 155 tanta
398 96 515 160 lentona
530 97 630 162 anglia

112 221 170 263 inquit
180 221 238 259 miles,
247 221 265 253 in
274 221 381 263 despectum
392 221 441 263 regis
452 220 495 253 talia
505 221 537 254 tibi
548 222 626 265 placent,
634 220 720 254 credibile
731 221 775 254 satis
786 226 814 253 est

112 274 161 317 quod
173 284 259 306 coronam
272 283 325 306 suam
336 272 382 306 velis
396 272 495 317 surripere,
507 280 525 308 et
536 285 570 308 rex
581 274 672 308 nominari
683 279 701 308 et
712 284 764 308 esse:
781 274 814 307 sed

113 338 171 370 vsque
179 327 201 359 ad
210 326 259 369 regie
267 326 358 369 dignitatis
369 336 437 360 nomen
448 337 514 361 reuera
524 337 561 361 non
569 326 654 371 proficies
661 328 675 361 l'
698 326 731 360 Vir
739 327 768 361 dei
779 326 813 361 ait:

113 380 243 424 ‘Nequaquam
254 380 277 413 ad
285 379 334 422 regis
345 389 413 413 nomen
421 379 488 423 aspiro,
496 380 552 414 immo
560 386 597 414 tres
605 391 687 423 coronas,
695 379 710 413 si
721 379 765 413 mihi
774 380 815 413 data

96 438 163 473 ¹resset
179 432 258 474 facultas,
272 437 390 466 annecterem
404 443 471 467 corone
486 435 529 467 sue!
552 434 636 467 Tandem
648 444 691 467 vero
703 437 746 476 post
759 433 814 467 verba

113 485 198 518 conuersi
206 490 248 517 sunt
256 484 323 517 milites
332 485 356 518 ad
363 486 468 527 monachos
477 486 569 519 dicentes:
582 487 586 502 ‘
594 486 622 519 Ex
630 491 681 529 parte
690 484 758 518 domini
765 485 815 527 regis

113 537 165 573 vobis
178 536 290 580 precipimus
301 541 321 571 vt
334 537 382 571 hunc
398 537 492 572 hominem
508 538 603 582 diiigenter
617 537 727 581 custodiatis,
740 543 758 571 et
773 549 814 571 cum

114 589 207 634 placuerit,
222 589 272 624 illum
289 591 328 633 regi
343 590 464 634 presentetis.¹
489 591 644 636 Archiepiscopus
659 591 695 625 ait:
712 590 814 635 ‘Numquid

114 654 144 677 me
154 643 195 686 fuga
203 643 239 677 labi
245 643 293 678 velle
301 643 380 688 putatis?
400 644 464 688 Neque
473 655 506 689 pro
515 656 557 689 rege
566 656 626 690 neque
634 655 668 689 pro
676 644 736 689 aliquo
742 644 815 678 viuente

88 697 176 740 rofugam
192 697 247 730 inibo.
271 697 312 731 Non
325 698 368 732 veni
381 703 400 732 vt
415 699 504 741 fugerem,
518 699 550 732 sed
564 704 583 732 vt
598 698 696 741 impiorum
711 697 782 731 rabiem
797 703 815 730 et

115 749 205 783 maliciam
216 752 345 792 expectarem!
368 750 432 791 ‘Vere,
440 750 528 794 inquiunt,
537 760 573 783 non
585 750 661 793 effugies
668 751 682 783 l’
707 749 744 783 Illis
755 749 815 791 itaque

114 803 134 835 in
145 802 224 835 tumultu
235 808 253 835 et
264 801 320 835 minis
331 803 473 847 egredientibus,
482 802 570 847 magister
580 802 672 836 lohannes
684 802 707 836 de
719 801 815 836 Saresburi

115 856 171 889 dixit:
189 855 284 897 ‘Domine
296 866 326 889 res
342 855 396 889 nimis
411 855 521 890 admirabilis
536 855 625 899 estquod
639 854 705 889 nullius
719 854 815 888 consilium

115 907 200 942 admittis.
220 908 286 942 Nonne
294 908 385 942 sanctius¹
394 913 448 950 esset,
455 908 516 943 mitius
525 908 552 942 eis
560 908 634 942 dedisse
640 917 750 951 responsum
758 909 773 941 i’
793 907 816 940 Et

89 968 106 998 15
115 962 156 996 ille:
174 961 285 995 ‘Consilium
296 961 332 995 iam
344 967 403 995 totum
416 973 480 996 reuera
492 967 585 1005 acceptum
598 965 631 995 est.
654 960 702 994 Noui
715 960 760 994 satis
772 960 816 1004 quid

115 1026 169 1058 agere
188 1015 276 1048 debeam,y
307 1014 330 1047 Et
352 1014 393 1049 ille:
417 1015 500 1048 ‘Vtinam
519 1019 611 1048 annuente
630 1015 664 1047 deo
683 1014 752 1046 bonum
771 1013 816 1047 sitl’

117 1060 206 1110 Egressis
217 1066 272 1109 igitur
283 1066 376 1108 militibus,
389 1072 406 1101 et
418 1067 530 1101 armantibus
542 1077 567 1106 se,
579 1067 646 1100 intrant
658 1066 713 1109 aliqui
725 1066 747 1099 ad
757 1066 816 1099 virum

115 1119 149 1160 dei,
163 1117 257 1153 dicentes:
275 1118 370 1161 ‘Domine,
384 1125 455 1152 armant
469 1121 509 1153 set¹
533 1119 556 1152 Et
571 1119 610 1154 ille:
628 1120 678 1161 ‘Que
692 1121 746 1153 cura?
763 1119 816 1152 sinite

115 1173 198 1206 armare?
222 1171 306 1215 Cumque
318 1172 386 1205 milites
399 1172 463 1205 armati
475 1182 516 1205 cum
528 1171 589 1205 multis
602 1171 671 1206 curiam
684 1170 817 1214 archiepiscopi

89 1235 107 1256 ro
115 1226 220 1265 intrassent,
228 1224 308 1268 vndique
316 1224 436 1259 acclamatum
444 1231 472 1259 est
479 1230 499 1258 vt
509 1226 585 1269 fugeret.
608 1224 646 1258 Sed
654 1224 684 1258 ille
692 1235 727 1258 nec
735 1225 775 1258 loco
783 1235 817 1258 nec

115 1278 176 1313 animo
185 1282 245 1311 motus
256 1283 289 1318 est,
298 1278 331 1311 sed
342 1279 418 1311 sedebat
427 1278 539 1322 intrepidus:
552 1279 585 1312 sed
593 1279 667 1311 tandem
675 1277 760 1312 monachi
770 1278 817 1319 (licet

116 1331 201 1374 inuitum)
215 1335 311 1364 traxerunt
327 1341 369 1364 eum
385 1332 407 1364 ad
421 1331 523 1365 ecclesiam.
545 1331 613 1364 Audito
629 1335 690 1364 autem
705 1336 817 1364 armatorum

116 1385 201 1425 aduentu,
217 1384 291 1426 quidam
309 1394 333 1417 ex
350 1383 436 1417 fratribus
454 1385 477 1417 ad
495 1394 582 1427 vesperas
601 1384 728 1427 persistebant,
744 1382 817 1426 quidam

116 1438 203 1471 timentes
216 1435 323 1470 diuerticuia
334 1437 425 1480 petebant,
436 1436 509 1480 quidam
521 1436 619 1470 subuenire
630 1436 713 1471 volentes
724 1436 747 1469 ad
759 1436 818 1470 virum

90 1499 108 1529 25
117 1490 147 1524 dei
161 1489 265 1525 veniebant.
294 1490 365 1532 Quibus
380 1494 399 1524 et
414 1489 449 1524 ait:
469 1489 506 1523 ‘Ite
521 1494 540 1523 et
554 1488 616 1524 diuine
630 1488 723 1523 seruitutis
738 1499 818 1533 pensum

117 1544 202 1587 explete'
226 1542 334 1577 Subsistens
342 1548 402 1577 autem
410 1544 439 1577 vir
446 1547 520 1577 sanctus
529 1544 552 1576 ad
561 1542 632 1584 ostium,
642 1542 698 1577 dixit:
712 1542 818 1585 ‘Quamdiu

118 1597 182 1640 inquit,
187 1596 274 1629 tenebitis
282 1596 380 1637 introitum,
388 1607 425 1629 non
434 1596 522 1630 introibo!
546 1596 569 1630 Et
577 1601 628 1629 stans
636 1595 655 1628 in
663 1595 725 1629 limine
731 1601 748 1629 et
754 1596 819 1629 videns

117 1649 217 1692 populares
225 1648 277 1690 quasi
284 1650 307 1681 ad
314 1648 437 1690 spectaculum
444 1648 490 1682 circa
498 1659 519 1682 se
527 1647 642 1691 constipatos,
649 1647 704 1680 dixit:
718 1648 818 1689 ‘Quidnam

119 1701 182 1735 metuit
195 1711 241 1744 gens
256 1700 313 1735 istai’
337 1700 455 1743 Responsum
467 1705 505 1735 est:
522 1700 618 1734 ‘Armatos
634 1699 652 1734 in
668 1700 757 1734 claustro!
780 1699 819 1733 ‘Ad

91 1766 110 1794 50
119 1755 170 1799 ipsos
179 1754 254 1797 (autem)
260 1753 271 1795 ²,
280 1753 304 1787 ait
313 1753 475 1798 (archiepiscopus)
481 1752 492 1795 ²,
501 1755 557 1788 exeo)
581 1752 723 1787 Prohibentibus
733 1763 776 1787 eum
786 1753 820 1787 sra-

119 1808 177 1842 tribus
189 1807 245 1848 exire,
255 1806 303 1851 cepit
314 1806 361 1841 circa
373 1806 428 1841 limen
440 1806 545 1850 obuersari3
562 1811 580 1840 et
593 1817 635 1840 cum
646 1807 746 1851 procedere
758 1818 820 1841 mone-

119 1867 170 1895 retur
184 1865 203 1894 et
218 1861 241 1893 ad
256 1866 319 1894 sancta
334 1866 438 1894 sanctorum
454 1872 474 1894 se
490 1860 578 1902 conferre,
593 1865 612 1894 vt
625 1859 754 1903 defer[re]tur³
766 1860 783 1894 ei
797 1871 820 1893 ex

119 1913 222 1947 reuerentia
235 1912 274 1954 loci,
288 1923 325 1945 non
339 1913 434 1956 acquieuit.
457 1912 618 1946 Tumultuantibus
631 1911 704 1945 interim
718 1912 789 1946 clericis
802 1918 820 1947 et

119 1965 214 2001 monachis
226 1970 244 2000 et
255 1970 327 2001 vectem
339 1966 419 2000 ferreum
430 1964 568 2006 obducentibus,
575 1964 604 1999 vir
615 1969 689 1999 sanetus
700 1964 736 2000 ait:
750 1964 820 2006 ‘Abite,

93 2029 111 2060 35
120 2018 257 2064 pusillanimes3
273 2018 327 2053 sinite
339 2018 417 2053 miseros
428 2024 445 2054 et
457 2030 510 2053 cecos
521 2019 603 2053 delirare.
627 2018 740 2062 Precipimus
755 2018 774 2052 in
786 2019 821 2052 vir-

120 2078 159 2107 tute
170 2071 273 2106 obedientie
285 2082 309 2106 ne
320 2071 387 2106 ostium
401 2072 499 2106 claudatis:
513 2071 612 2106 nonenim
624 2071 676 2105 decet
688 2070 784 2105 ecclesiam
795 2072 821 2105 in-

121 2124 220 2159 castellari.¹
243 2125 322 2159 Omissis
330 2126 403 2159 interim
409 2125 491 2168 vesperis
500 2130 596 2159 accurrunt
603 2124 692 2165 monachi,
698 2129 716 2157 et
722 2130 821 2168 pastorem,

121 2178 162 2211 licet
171 2177 247 2212 inuitum
255 2182 273 2211 et
284 2178 400 2219 renitentem,
407 2179 474 2212 clausis
484 2177 562 2211 ecclesie
570 2176 629 2211 ualuis
639 2176 761 2211 introducunt.
784 2178 822 2212 Sed

120 2239 218 2276 regressus
230 2229 334 2272 quantotius
348 2230 453 2273 increpabat
467 2241 499 2264 eos
513 2230 588 2263 dicens:
605 2228 716 2263 ‘Dimittite⁴
727 2240 779 2264 meos
794 2229 822 2264 in·

94 2294 114 2324 40
121 2282 189 2323 trare;¹
201 2286 219 2316 et
226 2282 334 2316 accurrens⁵
343 2282 409 2316 ostium
417 2282 500 2326 apperuit
512 2287 530 2316 et
542 2293 586 2315 suos
598 2281 629 2326 qui
640 2281 708 2315 deforis
720 2288 772 2316 erant
784 2294 822 2316 ma-

122 2336 176 2370 nibus
186 2334 224 2368 suis
232 2334 315 2368 trahebat
325 2334 344 2368 in
352 2335 454 2376 ecclesiam,
462 2336 536 2370 dicens:
549 2335 627 2369 ‘Intrate
636 2335 698 2370 citius)
720 2335 803 2370 Tandem
811 2347 822 2370 a

122 2389 160 2426 suis
168 2389 211 2424 inde
219 2388 307 2423 violenter
314 2389 420 2432 abstractus,
429 2390 475 2424 ostia
482 2388 572 2433 patefacta
579 2389 656 2433 reliquit.
694 2381 761 2423 Valuis
768 2391 823 2434 igitur

122 2442 196 2487 apertis,
206 2441 273 2477 milites
284 2447 399 2487 perscrutato
411 2442 477 2487 palatio
488 2453 522 2486 per
534 2443 612 2477 claustra
623 2448 683 2485 ruunt,
692 2447 710 2476 et
722 2443 792 2487 gladios
804 2443 823 2476 in

143 2554 179 2585 ¹al.
187 2554 240 2584 satius.
282 2552 378 2584 ²0m,inT.
420 2552 453 2583 ΒΕ.
462 2552 536 2584 defertur.
576 2552 689 2584 ⁴E.Dlmitte.
729 2552 764 2584 ‘al
773 2563 805 2584 occ.
