1762 2803
80 72 216 134 asponon
231 86 277 141 mo
290 84 327 138 e,
340 86 472 139 domuum
486 96 544 149 too
558 93 582 139 et
596 93 712 151 metiore.
737 94 782 147 677

80 212 168 246 Edmundi
183 224 219 246 non
233 215 292 248 recolit
308 215 427 259 antiquorum:
445 216 472 249 vel
487 228 508 250 en
526 227 560 260 que
574 215 662 251 modernis
677 217 782 260 temporibus

80 262 152 297 diuersis
160 264 204 298 villis
215 270 232 298 et
242 265 301 308 patriis
312 266 419 308 contigerunt
429 273 447 300 et
457 267 510 301 oculis
518 267 536 300 in
544 267 580 301 dies
588 268 688 310 ingeruntur
698 268 782 309 attendat,

78 317 96 346 et
103 313 140 346 luce
149 314 209 348 clarius
216 314 309 350 intuebitur
313 317 359 359 quod
365 327 425 351 omnes
431 323 548 360 persecutores
553 317 625 352 ecclesie
631 318 686 352 sancti
693 318 781 352 Edmundi

79 369 109 395 aut
120 363 165 398 vlcio
180 365 239 399 diuina
254 366 327 400 diuersis
345 367 417 409 flagellis
435 368 534 402 examinans
551 368 626 402 reddidit
645 375 736 411 correctos,
751 374 781 402 ant

79 415 189 448 reluctamine
197 416 290 449 obduratos
298 416 342 450 iusto
350 416 413 450 iudicio
421 418 515 452 transmisit
522 418 545 451 ad
554 418 643 452 inferos-
790 429 799 459 5

89 527 179 568 Incipiunt
186 526 228 569 xvij
234 529 373 572 nriraculafacta
379 530 428 570 apud
438 529 528 572 Wainjiete
535 540 581 564 anno
590 530 658 565 Christi
666 535 716 572 13740
724 536 741 564 et
749 536 773 574 5⁰.

86 605 144 646 Quor>
155 613 239 639 canonia
251 614 277 640 on
287 608 406 640 Wnrnrunrn
418 614 503 641 ruinosa
515 615 552 640 nra
563 615 716 643 deusutcronnu
728 617 774 644 rum

377 663 485 690 REPARATA.

80 725 187 817 QUidam
193 726 634 771 Alanuscognominelllastelere,deWainflet‚cum
640 727 779 763 materiadiuersi

143 777 209 819 generis
220 778 310 812 domorum
318 783 424 821 cooperator,
433 778 534 821 intempeste
542 778 597 812 noctis
609 778 680 812 silencio
688 784 741 812 stratu
749 789 780 813 suo

77 829 160 861 recubans
172 835 189 861 et
200 830 266 870 soporis
277 828 330 871 quieti
341 829 438 870 indulgens,
446 829 490 862 hanc
502 828 520 861 in
532 827 608 871 sompnis
620 828 679 862 habuit
690 828 780 862 visionem.

76 877 172 911 Videbatur
187 878 233 911 enirn
247 878 280 912 sibi
295 879 341 921 quod
355 889 418 921 ymago
433 877 488 911 sancti
504 877 592 911 Edmundi
607 877 669 911 situata
684 877 701 910 in
716 878 780 921 capella

77 928 201 962 monachorum
212 928 267 962 sancti
279 928 367 963 Edmundi
379 926 487 972 supradicta¹
500 927 546 972 apud
553 927 650 968 Waintiete,
658 927 736 972 apparuit
747 927 780 962 sibi
789 940 808 962 ro

76 978 102 1012 sic
113 978 203 1020 inquiens:
220 979 289 1019 ‘Aiane
299 979 327 1012 vbi
340 985 357 1012 te
368 978 444 1021 disponis
455 977 508 1012 cicius
519 978 609 1021 operarii'
631 979 655 1011 At
667 978 707 1012 ille:
724 978 780 1012 ‘Cum

77 1028 146 1062 domino
155 1029 177 1062 de
189 1029 245 1071 Kyme
256 1028 303 1071 apud
311 1028 398 1070 Borwelle,
406 1028 430 1062 ibi
438 1038 512 1072 namque
524 1028 659 1063 conuencionem
671 1028 693 1062 de
704 1029 779 1072 quodam

77 1089 128 1121 opere
139 1079 208 1121 speciali
220 1079 297 1112 celeriter
307 1079 437 1121 prosequendo!
461 1079 493 1111 Cui
501 1078 562 1112 iterum
569 1089 644 1121 ymago:
657 1078 711 1117 ‘Scis‚
719 1078 780 1121 inquit,

77 1128 123 1170 quod
134 1128 200 1170 capella
210 1139 250 1161 mea
261 1128 283 1161 de
290 1128 371 1161 Wainilet
379 1127 450 1161 omnino
457 1133 483 1160 est
495 1127 564 1160 ruinosa
572 1133 589 1161 et
597 1127 663 1168 indiget
669 1128 779 1169 reputacione

76 1178 183 1219 necessaria;
197 1178 234 1211 aliis
246 1189 286 1221 ergo
298 1177 416 1221 pretermissis,
423 1177 457 1210 hoc
468 1188 511 1219 opus
522 1188 579 1211 meum
589 1176 647 1211 animo
656 1176 716 1211 libenti
726 1187 779 1219 quam
788 1191 806 1221 ¹5

75 1229 130 1264 tocius
141 1230 190 1263 stude
201 1230 292 1272 perficere?
315 1230 371 1262 Alano
383 1240 424 1262 vero
435 1227 525 1269 renitente,
537 1234 554 1261 et
565 1228 633 1262 dicente
645 1228 668 1262 ob
678 1239 726 1261 suam
738 1239 778 1262 con·

76 1279 177 1314 uencionem
187 1279 234 1323 prius
244 1280 307 1313 factam
319 1290 338 1312 se
346 1278 456 1322 adquiescere
468 1288 503 1311 non
515 1289 566 1322 posse
577 1279 617 1312 huic
629 1279 676 1321 operi
687 1279 720 1311 hac
729 1279 778 1312 vice:

76 1331 140 1371 ‘Vade,
151 1330 210 1373 inquit,
222 1337 238 1364 et
249 1331 284 1364 noli
295 1330 368 1372 amplius
375 1329 428 1363 michi
438 1329 567 1371 contradicere;
579 1341 620 1362 nam
628 1336 667 1362 ante
675 1329 733 1362 omnia
744 1329 778 1362 alia

75 1379 128 1412 michi
139 1385 186 1412 tuum
198 1379 281 1421 inpendes
292 1379 387 1418 seruicium,
395 1386 413 1412 ct
423 1389 456 1420 ego
468 1379 499 1411 tibi
510 1379 625 1418 satisfaciam
638 1379 672 1412 iam
683 1379 718 1411 noli
726 1380 778 1421 perti·

75 1440 150 1463 mescere
166 1440 216 1472 super
228 1429 270 1463 isto.¹
293 1430 343 1462 Tunc
358 1429 413 1462 dictus
429 1429 494 1462 Alanus
509 1435 604 1462 commotus
619 1434 636 1462 et
649 1428 747 1463 admonitus
760 1429 778 1463 in
787 1442 806 1464 ro

75 1480 156 1522 crastino,
164 1493 175 1514 a
186 1481 232 1513 nullo
242 1480 310 1513 mortali
318 1491 392 1524 querens
404 1486 434 1513 aut
446 1490 516 1522 sperans
528 1479 608 1513 diurnum
618 1478 727 1522 stipendium,
735 1491 778 1523 opus

75 1537 174 1572 cooperture
185 1541 235 1572 super
246 1531 352 1572 sepedictam
367 1531 450 1571 cupellam
465 1530 538 1563 fideliter
549 1530 642 1569 inchoanit,
656 1537 673 1563 et
688 1531 711 1563 ad
726 1530 778 1563 finem

74 1579 178 1613 laudabilem
185 1580 274 1622 perduxit3
286 1585 303 1612 et
310 1590 345 1613 non
353 1579 409 1612 minus
417 1585 443 1612 set
451 1579 506 1621 magis
514 1580 536 1612 de
543 1579 645 1612 victualibus
653 1586 670 1613 et
677 1579 778 1613 necessariis

75 1629 140 1664 inuenit
148 1630 291 1664 habundanciam.

150 1735 181 1766 DE
192 1741 275 1772 QUADAM
287 1741 361 1766 PUELLA
373 1739 476 1766 DEFUNCTA
487 1741 500 1766 Α
511 1740 579 1766 MORTE
590 1739 698 1766 suscitent.

74 1809 130 1882 AN
132 1818 155 1840 no
163 1818 197 1851 quo
205 1818 262 1850 supra,
270 1806 344 1850 quedam
352 1805 414 1846 Alicia,
423 1805 458 1839 filia
467 1807 566 1848 Margarete
574 1812 591 1840 at
599 1807 619 1851 pe
628 1805 682 1839 Kirke
690 1806 777 1840 deWain·
786 1820 804 1850 ²5

135 1857 179 1896 flete,
187 1856 237 1889 etatis
249 1867 289 1888 vero
297 1857 347 1888 vnius
358 1855 404 1895 anni,
414 1866 444 1896 per
455 1856 536 1888 iudicium
547 1857 639 1888 multorum
651 1856 776 1896 fidedignorum

73 1906 138 1940 ibidem
149 1905 309 1939 circumastancitun
319 1905 351 1938 sub
359 1904 431 1938 notabili
442 1905 501 1947 spacio
512 1910 529 1938 et
541 1904 603 1938 diffuso
614 1903 694 1938 defuncta
705 1904 776 1939 omnino

74 1955 163 2000 apparuit:
175 1967 206 1999 pro
217 1956 264 1989 cuius
275 1961 330 1988 morte
342 1960 421 1998 parentes
432 1953 483 1987 nimis
491 1954 584 1988 contristati
593 1960 610 1988 et
618 1961 703 1989 merentes
715 1955 776 1998 eflecti,

73 2018 104 2050 per
111 2016 182 2040 manum
190 2005 255 2039 domini
264 2005 346 2039 Iohannis
354 2005 376 2038 de
384 2006 466 2048 Haytone
474 2004 559 2048 capellani
567 2015 618 2048 super
625 2005 689 2039 dictam
697 2005 776 2040 iuuenem

74 2056 163 2091 denarium
175 2062 266 2089 curuanmt
273 2062 356 2088 uouentes
365 2055 403 2096 deo,
411 2061 471 2089 sancto
483 2054 576 2089 Edmundo
588 2054 658 2098 eiusque
669 2055 746 2099 ymagini
758 2056 775 2090 in
785 2068 805 2098 ³0

73 2106 151 2150 predicta
158 2106 234 2148 capella:
246 2112 263 2138 et
271 2105 329 2138 statim
337 2105 394 2147 puella
400 2105 466 2138 reuixit.

138 2209 169 2241 DE
180 2215 262 2248 Quonam
274 2215 387 2242 con'Tnacan
399 2215 420 2241 ln
432 2215 518 2242 aduenio
529 2215 554 2241 ET
565 2215 622 2242 MANU
634 2215 714 2242 sanam.

117 2283 186 2315 Uedam
199 2282 281 2322 Matildis,
293 2282 315 2314 de
325 2281 448 2321 Westchestre,
460 2281 510 2315 etatis
523 2281 590 2316 circiter
601 2283 618 2315 xl
630 2293 718 2322 annorum,
730 2294 776 2317 anno

138 2331 203 2364 domini
215 2332 340 2364 nt⁰.ccc.⁰lxxv⁰
350 2331 422 2364 accessit
428 2331 451 2364 ad
458 2332 543 2373 capellam
549 2332 650 2373 predictam,
658 2332 728 2365 omnino
734 2343 775 2366 con-

72 2388 127 2414 tracta
135 2380 152 2412 in
160 2379 230 2412 brachio
241 2386 258 2413 et
267 2391 319 2413 manu
328 2379 397 2420 dextris
405 2379 430 2412 ita
437 2380 483 2422 quad
491 2380 543 2413 nichil
553 2381 624 2413 omnino
635 2380 652 2412 in
662 2380 712 2413 dictis
722 2390 774 2414 manu

72 2437 89 2465 et
104 2431 176 2464 brachio
188 2430 244 2464 facere
259 2430 320 2473 potuit,
336 2440 368 2464 nec
383 2429 460 2473 sibiipsi
474 2430 492 2464 in
506 2430 563 2474 aliquo
576 2429 671 2471 subuenire,
684 2437 713 2463 aut
727 2429 774 2473 ipsos
783 2441 802 2472 55

72 2480 141 2524 erigere.
165 2481 195 2515 Set
205 2479 269 2514 crebris
280 2479 347 2515 instans
358 2480 467 2514 oracionibus
478 2480 495 2515 in
503 2481 549 2515 dicta
557 2480 628 2525 capella,
636 2480 680 2515 inira
687 2480 774 2517 modicum

351 2555 356 2573 ¹
366 2553 400 2584 nis.
407 2554 495 2593 supradicti.
