1762 2803
39 97 126 141 ‘ussus
230 90 276 147 De
291 61 425 152 penitentia
441 90 560 145 annuali.
700 105 742 150 30Ι

42 211 104 252 inferni,
116 218 263 252 preoccupauerunt
273 224 299 245 me
311 214 362 253 laquei
373 212 438 244 mortis!
463 214 492 244 Cui
504 213 580 252 angelus:
590 212 651 243 ‘hlodo
661 222 687 244 me
697 222 746 244 uocas

42 260 123 290 dominum
135 265 150 291 et
157 266 223 299 patrem,
231 271 277 299 quern
286 270 351 300 semper
360 266 411 291 tecum
421 261 489 291 habebas
499 265 516 290 et
526 269 604 299 nunquam
613 269 638 291 me
647 260 674 290 tali
681 261 746 290 nomine

42 307 106 345 dignum
117 308 206 339 iudicabas)
228 309 272 346 'Vbi,
279 310 348 345 domine,
355 309 410 346 inquit,
418 313 434 338 te
444 309 481 346 uidi,
491 312 518 338 aut
525 308 551 338 ubi
561 317 629 346 unquam
640 308 745 338 dulcissimam

42 363 97 385 uocem
106 359 148 386 tunm
158 356 211 387 audiui
217 355 231 388 l'
250 357 279 387 Cui
286 356 362 394 angelus:
374 356 418 394 ‘Ego
427 360 443 386 te
451 365 515 394 semper
523 355 601 393 sequebar
607 365 618 386 a
624 355 706 385 natiuitate
713 360 746 392 tua,

42 411 137 441 quocunque
143 403 181 442 ibas,
190 408 206 434 et
213 413 292 442 nunquam
299 403 370 434 consiliis
379 405 419 434 meis
425 404 527 442 adquiescere
534 402 609 434 uolebas?
630 403 650 433 Et
657 404 745 433 extendens
753 408 762 438 5

42 459 105 481 manum
116 450 147 481 illi¹
158 452 185 489 qui
195 461 224 489 pre
236 443 293 481 ceteris
305 452 320 481 ei
331 451 411 481 maledicis
424 451 513 486 insultabat,
528 450 583 486 ‘Ecce¹
596 451 652 488 inquit,
665 451 691 481 ille
701 451 746 481 cuius

42 497 119 528 uoluntati
132 503 149 528 et
162 499 229 528 consilio
241 499 364 538 obtemperabas.
391 499 420 529 Set
433 499 484 528 aderit
495 498 523 527 tibi
534 498 640 528 misericordia
654 507 700 535 quam
712 507 745 528 non

42 546 116 576 meruisti.
138 546 178 576 Esto
185 547 232 583 igitur
238 555 293 575 secura
300 550 316 575 et
324 547 361 581 leta,
369 546 405 583 quia
411 546 478 584 patieris
484 555 533 583 pauca
542 545 562 575 de
572 539 625 575 multis
632 554 663 584 que
670 545 746 575 meruisti.

42 592 114 629 Sequere
124 603 156 628 me,
166 599 182 623 et
192 603 285 631 quecunque
295 594 323 623 tibi
334 597 443 623 monstrauero
457 593 548 622 memoriter
558 597 600 632 tene,
612 593 649 631 quia
659 592 715 623 iterum
725 593 745 623 ad

42 650 99 678 corpus
115 641 210 672 reuerteris!
230 642 275 672 Tunc
288 642 314 672 illa
324 641 365 673 ultra
378 642 441 672 nodum
453 641 541 679 perterrita¹
555 640 623 679 (relicto)
637 649 704 679 corpore
715 649 745 671 suo
755 650 773 673 ιο

42 697 90 725 supra
99 690 142 726 quod
152 694 218 720 steterat
228 689 301 728 (accessit
309 688 387 728 propius).
408 689 489 718 Demones
499 689 529 719 hec
539 689 627 725 audientes,
637 693 654 719 et
664 688 746 727 malaque

42 736 155 775 (minabantur)
162 747 180 767 se
185 747 218 767 non
223 747 270 775 posse
276 736 334 767 inferre
338 737 427 775 audiientes
431 735 442 772 ²,
450 736 605 774 blasphemaluerunt
611 736 662 772 deum,
670 735 745 766 iniusturn

42 792 77 812 eum
88 793 124 812 esse
134 784 212 822 dictentes
222 784 258 821 quia
269 783 308 820 non)
320 784 395 813 reddebat
405 783 446 812 sicut
456 783 548 820 promiserat
558 783 649 820 unitcuique
659 784 745 813 secundum

43 831 99 868 opera)
106 840 139 859 sua.
160 831 180 859 Et
187 835 223 868 post
232 831 262 860 hec
273 831 289 860 in
298 830 392 868 semetipsos
403 830 536 868 (insurrexerunt)
547 834 563 859 et
571 829 622 867 plagis
628 829 745 868 quibuscunque

42 881 115 914 poterant
122 888 140 908 se
147 883 201 908 mutuo
209 877 337 917 (percucie)bant,
345 882 361 907 et
370 878 418 907 nimio
428 877 478 907 fetore
487 877 547 913 relicto,
554 887 589 907 cunr
597 877 657 915 ingenti
666 877 745 917 (tris)licia
754 887 772 919 15

42 928 59 954 et
71 925 182 962 indignatione
194 931 298 956 recesserunt.
322 926 394 962 Angelus
406 926 472 964 (autem)
485 925 573 963 precedens
584 924 624 954 dixit
635 924 656 955 ad
668 924 745 955 animam:

44 972 122 1010 ‘Sequere
128 972 162 1004 me.¹
177 972 199 1004 At
204 973 237 1012 (illa
242 973 340 1012 res)pondit:
351 973 397 1003 ‘Heu
402 972 466 1003 domine
473 973 499 1008 mi,
504 972 518 1003 si
524 973 620 1012 precesseris
626 972 659 1013 (isti
664 977 706 1003 retro
712 972 744 1010 me)

42 1020 105 1057 capient
115 1026 131 1051 et
141 1022 200 1051 eternis
211 1022 273 1058 ignibus
284 1020 357 1051 tradent!
388 1020 420 1060 (nd
431 1021 484 1058 quam)
495 1020 571 1059 angelus:
589 1020 625 1050 ‘Ne
636 1021 696 1058 timeas,
708 1020 745 1059 quia

42 1067 95 1104 plures
103 1068 198 1107 (nobiscum)
207 1073 244 1098 sunt
255 1078 302 1106 quam
311 1077 346 1098 cum
356 1068 385 1097 eis.
407 1068 425 1098 Si
434 1068 473 1097 deus
483 1077 513 1106 pro
523 1068 575 1104 nobis,
582 1068 618 1105 quis
625 1068 688 1106 (contra
696 1068 744 1105 nosi)

42 1114 103 1144 Cadent
110 1124 119 1144 a
126 1115 175 1144 latere
186 1119 213 1145 tuo
222 1115 270 1151 mille,
277 1119 293 1145 et
300 1115 354 1144 decem
362 1114 404 1144 milia
411 1123 420 1144 a
429 1114 489 1144 dextris
496 1114 532 1150 tuis,
538 1114 559 1145 ad
567 1117 583 1144 te
590 1117 642 1145 autern
649 1123 681 1144 non
688 1123 744 1153 appro·
753 1125 773 1148 ro

41 1161 128 1198 pinquabit.
147 1162 271 1200 verumptamen
278 1161 328 1191 oculis
337 1161 368 1191 tuis
377 1161 484 1190 considerabis
492 1166 509 1191 et
517 1162 637 1191 retribucionem
644 1166 744 1201 peccatorum

42 1207 113 1239 uidebis!
132 1209 169 1239 iliis
176 1209 222 1239 dictis
229 1209 294 1246 proiecti
300 1214 342 1238 sunt.
384 1200 459 1245 Cumque
466 1209 528 1245 longius
535 1209 581 1238 simui
588 1214 673 1247 pergerent
678 1209 744 1238 nullum-

42 1264 73 1293 que
79 1255 181 1293 splendorem
189 1256 252 1294 preter’
263 1255 315 1294 angeli
324 1256 376 1285 lumen
385 1255 468 1290 heberent,
475 1259 553 1286 uenerunt
563 1256 583 1286 ad
592 1255 649 1286 uallem
659 1255 744 1287 terribilem

42 1307 58 1332 et
71 1303 170 1334 tenebrosam
182 1304 228 1334 ualde
240 1308 255 1334 et
269 1307 340 1342 opertam
354 1302 409 1333 mortis
423 1303 494 1340 caligine.
520 1303 558 1334 Erat
572 1307 624 1334 autem
639 1303 717 1341 profunda
728 1307 745 1333 et

42 1350 136 1380 carbonibus
145 1351 236 1380 ardentibus
246 1350 298 1387 plena,
305 1350 395 1387 operculum
404 1350 472 1378 ferreum
482 1350 542 1379 habens
551 1349 657 1387 spissitudinis
666 1359 696 1379 sex
703 1351 744 1380 cubi·
753 1358 761 1378 a
764 1357 772 1388 5

42 1399 99 1434 torum,
111 1397 153 1434 quod
163 1397 221 1427 ardore
230 1396 279 1426 nimio
291 1397 336 1433 ipsos
346 1396 423 1425 carbones
433 1397 518 1432 superabat
528 1397 607 1426 ardentes.
630 1397 679 1426 Cuius
690 1397 744 1434 (fetor)

42 1452 97 1474 omnes
109 1443 161 1483 (quas)
174 1444 255 1481 hucusque
267 1452 314 1481 passa
325 1443 376 1472 suerat
387 1442 439 1472 anima
452 1442 564 1473 tribulaciones
577 1444 666 1482 superabat.
693 1444 746 1483 Super

42 1490 84 1520 illam
97 1492 170 1521 laminam
184 1491 291 1522 descendebat
304 1490 387 1520 multitudo
399 1490 490 1520 miserarum
504 1492 590 1520 animarum
605 1495 621 1521 et
632 1491 664 1521 illic
679 1492 744 1530 (crema

42 1537 98 1568 bantur
111 1539 169 1576 donec)
186 1540 205 1569 ad
220 1540 283 1568 modum
299 1537 353 1568 cremii
366 1538 383 1567 in
396 1538 477 1576 sartagine
494 1537 604 1576 liquescerent,
619 1542 635 1568 et
652 1539 694 1577 quod
711 1544 745 1570 erat

41 1586 110 1623 grauius,
127 1596 156 1624 per
172 1587 267 1625 predictiam
284 1585 364 1623 laminam)
379 1585 471 1616 colabantur
486 1585 527 1617 sicut
543 1586 592 1616 colari
608 1586 650 1617 solet
666 1596 702 1617 cera
715 1596 745 1626 per
752 1593 772 1624 3⁰

38 1627 117 1671 pannum,
130 1638 147 1663 et
163 1634 220 1664 iterum
237 1634 253 1663 in
270 1633 364 1663 carbonibus
382 1633 423 1670 ignis
439 1633 530 1663 ardentibus
545 1634 661 1663 renouabautur
677 1635 698 1665 ad
713 1638 744 1664 tor·

41 1684 116 1710 mentum.
146 1679 181 1711 Hec
201 1684 234 1711 erat
251 1689 293 1719 pena
310 1679 426 1718 patricidarum,
444 1680 563 1716 fratricidarum,
580 1680 697 1719 homicidarum,
718 1680 744 1712 uel

41 1727 82 1757 iacto
89 1727 115 1756 uei
125 1737 208 1758 consensu.
229 1728 278 1758 ‘Post
288 1728 329 1757 hauc
339 1736 402 1764 penam,
413 1727 435 1757 ait
445 1727 517 1765 angelus,
525 1727 628 1767 duce[utur]‘
637 1728 657 1758 ad
668 1729 744 1764 maiores;

41 1778 57 1803 tu
75 1775 146 1811 quamuis
163 1775 241 1803 homicida
257 1774 285 1809 sis,
299 1775 346 1803 modo
361 1778 414 1803 tamen
427 1773 474 1803 istam
491 1783 524 1804 non
540 1773 617 1812 patieris*
660 1767 701 1805 Post
714 1776 744 1805 hec

41 1824 120 1849 uenerunt
133 1821 153 1850 ad
167 1825 236 1850 montem
254 1821 293 1849 mire
310 1820 423 1856 magnitudinis
438 1825 455 1850 et
471 1820 542 1850 horroris
559 1825 575 1850 et
592 1825 637 1851 uaste
649 1822 743 1858 solitudinis,
752 1829 771 1861 35

41 1867 69 1905 qui
82 1868 198 1897 transeuntibus
211 1871 295 1904 angustum
314 1866 361 1896 ualde
377 1866 452 1904 prebebat
468 1866 503 1896 iter.
534 1867 559 1896 Ex
576 1878 607 1897 una
625 1873 670 1907 parte
688 1868 743 1908 (iliius)

41 1915 100 1944 montis
113 1914 154 1952 ignis
167 1915 238 1952 putridus
251 1913 346 1951 sulphureus
357 1917 373 1943 et
385 1913 493 1952 t(enebrosus)
507 1919 547 1950 erat,
561 1923 581 1944 ex
594 1916 644 1945 altera
658 1920 702 1953 parte
716 1916 744 1945 nix

41 1962 111 1999 glacialis
125 1965 141 1991 et
152 1965 209 1991 uentus
223 1960 321 2000 (horribilis).
347 1960 367 1990 Et
378 1965 412 1990 erat
424 1970 470 1990 mons
483 1961 510 1990 ille
525 1962 617 2001 (tortoribus
630 1963 693 2001 plenus,
709 1963 743 2001 qui)

41 2009 92 2039 furcas
103 2009 182 2039 habebant
193 2009 252 2039 t'erreas
263 2008 327 2047 (ignitas
338 2012 353 2038 et
366 2007 450 2046 tridentes)
461 2008 568 2046 acutissimos,
578 2010 634 2047 quibus
645 2010 744 2049 iuguilabant

41 2056 108 2093 animas)
123 2057 189 2086 transire
203 2056 275 2086 uolentes
287 2059 303 2085 et
317 2055 399 2084 trahebant
411 2054 438 2092 (ad
451 2063 507 2092 penas,
519 2060 535 2084 et
546 2065 575 2093 per
585 2056 635 2094 uices)
648 2057 668 2086 de
679 2057 716 2087 nlue
727 2061 744 2087 et
751 2067 772 2096 qo

41 2104 118 2140 grandine
129 2104 218 2142 (mittebant
228 2103 261 2141 eas)
272 2102 289 2131 in
299 2102 358 2139 ignem,
368 2105 385 2131 et
395 2110 486 2132 econuerso.
509 2102 555 2132 ‘Hec
565 2107 596 2139 est,
604 2103 662 2143 (inquit
672 2105 744 2141 angelus,

41 2150 88 2188 pena)
94 2150 202 2180 insidiatorum
208 2153 224 2180 et
229 2148 334 2188 perfidorum.¹
354 2140 395 2178 Post
400 2148 437 2187 (nee
443 2148 495 2179 anima
502 2147 528 2179 illa
536 2149 571 2187 pre)
578 2149 634 2180 timore
642 2151 743 2188 pedetemtim

41 2197 129 2235 ange(lum)
141 2205 216 2234 sequens,
228 2196 271 2226 uenit
283 2196 303 2225 ad
315 2195 371 2225 uallem
381 2194 475 2232 profundam
483 2199 500 2225 et
512 2196 604 2235 puhridam)
616 2197 662 2227 nimis
674 2203 690 2228 et
700 2203 744 2228 teue-

40 2243 109 2279 brosam,
116 2244 160 2273 cuius
171 2244 292 2282 profunditatem
300 2243 342 2282 (ipsa
351 2243 420 2280 quidem)
431 2242 484 2272 anima
493 2243 548 2273 uidere
558 2253 591 2274 non
601 2249 669 2283 poterat,
675 2246 744 2276 sonitum

42 2293 102 2328 (tamen
113 2291 201 2330 sulphurei)
214 2291 281 2321 iluminis
292 2294 308 2321 et
318 2290 392 2320 ululatum
404 2289 501 2328 paciencium
515 2291 537 2330 (in
551 2301 570 2322 eo
579 2292 665 2330 audiebat).
686 2293 744 2323 Fumus
751 2302 771 2334 45

41 2348 80 2367 uero
93 2338 114 2367 de
130 2338 204 2376 sulphure
218 2343 235 2368 et
248 2339 268 2368 de
281 2337 383 2368 cadaueribus
397 2337 434 2366 inde
450 2338 524 2375 surgebat
540 2338 603 2377 fetidus,
617 2340 643 2377 qui
660 2341 738 2379 superabar

42 2385 111 2423 (omnes)
119 2395 169 2422 penas
176 2395 215 2422 quas
225 2387 269 2422 prius
280 2386 344 2414 uiderat.
367 2384 390 2414 Ibi
400 2389 434 2413 erat
443 2385 509 2423 (tabula)
519 2385 615 2422 longissima,
623 2387 643 2416 de
650 2397 682 2417 uno
689 2392 744 2417 moute

42 2432 58 2461 in
65 2432 203 2474 diumimontem)
211 2436 288 2471 porrecta,
296 2431 312 2462 in
319 2431 382 2462 modum
389 2430 442 2469 pontis
448 2440 497 2470 supra
503 2432 568 2471 ualtlem
577 2433 656 2472 exteu)sa,
663 2444 694 2472 quc
701 2434 744 2465 mille

41 2487 97 2517 passus
109 2479 176 2510 habebat
187 2480 203 2509 in
217 2479 328 2519 lon(gitudine,
338 2479 361 2518 in)
374 2478 456 2509 latitudine
465 2479 523 2517 pedem
535 2490 589 2511 unum.
609 2481 661 2518 Quem
672 2483 744 2522 (pontem

60 2542 97 2576 ¹al.
105 2544 121 2574 in
129 2554 181 2576 unum.
201 2543 255 2576 ¹Sch.
262 2544 384 2583 conspicientes.
404 2544 611 2585 'adpreterspleudorem
633 2545 744 2580 ‘tatiana
