1762 2803
84 154 86 160 .
118 96 162 137 622
216 81 219 87 ’
382 89 506 151 arumna
524 90 555 138 n.

118 213 155 246 eins
166 223 205 245 cnm
216 212 291 255 reliquiis
302 213 357 245 sancti
365 213 453 246 Edmundi
461 213 534 256 rapiunt.
558 213 614 256 Quam
624 212 675 248 velud
684 212 771 252 amissam,
779 213 820 249 dum

118 273 203 306 nusquam
216 264 296 305 repperit,
309 264 373 304 dolens,
386 274 425 296 cum
440 262 487 296 socio
502 263 591 296 descendit
606 262 629 296 ad
644 262 707 296 villam.
731 264 820 298 Subtristis

119 314 176 355 itaque
184 324 214 355 per
221 314 267 346 viam
275 313 345 354 incedit,
353 319 370 346 et
377 314 430 346 fretus
438 324 469 355 spe
477 323 517 345 vera
526 313 569 355 petit
579 313 675 352 ecclesiam,
684 323 735 345 orans
745 313 795 348 deum
804 321 820 349 et

119 363 318 397 sanctumEdmundum.
332 364 407 396 Exeunti
412 364 508 403 ecclesiam,
514 363 558 396 aitei
564 363 638 405 quedam
644 363 708 405 vetula:
720 363 821 406 ‘Cur‚heus,

102 424 110 452 5
119 414 144 447 sic
155 413 233 453 tristaris,
245 415 272 446 vel
283 413 332 455 quasi
343 412 435 446 lacrimans
446 413 495 446 vadis
502 414 516 445 i’
544 413 651 455 Respondit:
667 412 764 453 ‘Egressus
774 423 821 447 mare

119 462 186 505 perdidi
201 461 300 503 manticam,
315 473 367 505 quam
381 463 440 496 nescio
458 463 529 505 qualiter
544 468 574 495 aut
588 462 617 495 vbi
635 462 729 506 requiram-¹
754 463 821 498 Iudicat

119 512 189 546 solatrix
197 514 257 547 mulier
264 515 385 547 domunculam
393 515 469 557 deprope
480 524 510 548 ore
521 520 539 547 et
546 513 608 555 digito.
631 515 673 547 Mox
683 513 735 547 intrat
746 513 822 556 quesitor

120 565 170 606 intus,
178 565 226 597 videt
234 575 285 607 quarn
293 564 392 607 perdiderat
399 566 416 598 in
425 565 487 607 angulo
495 565 556 597 domus
564 563 668 604 manticam,
680 574 732 606 quam
742 564 821 598 manibus

120 615 155 648 suis
170 614 263 657 accipiens,
278 615 344 657 gracias
359 614 393 658 egit
408 616 440 649 deo
455 620 472 648 et
488 620 547 648 sancto
561 625 593 648 suo
609 615 707 648 Edmundo.
730 613 778 646 Hinc
791 614 822 647 iter

94 678 112 699 10
121 675 192 697 mouens
207 665 293 706 predictus
308 666 425 705 Normannus,
439 670 485 697 retro
500 675 519 696 se
532 675 582 706 super
597 674 660 706 equum
673 673 755 697 consesso
770 665 821 706 socio,

121 713 214 747 manticam
225 725 265 747 curn
276 714 350 758 reliquiis
360 720 400 748 ante
411 725 430 748 se
441 720 501 748 tenens
512 725 523 748 a
534 714 578 748 collo
589 715 703 756 pendentem:
714 724 753 747 cum
760 714 822 756 gaudio

121 765 206 807 experitur
213 764 292 798 virtutem
299 764 373 798 martiris
382 764 470 797 Edmundi
481 764 539 805 tercio,
547 764 610 798 vadum
619 764 695 806 regionis
702 764 758 798 nitens
767 771 822 799 trans-

121 816 185 849 uadare
192 825 225 857 quo
233 826 284 848 nemo
292 815 383 848 transierat
390 821 435 848 ante.
451 815 657 848 Mirantibushominibus
665 813 754 848 monetur1
762 816 822 856 redire,

121 877 143 898 ne
156 864 275 906 submergatur
286 865 325 897 vadi
339 865 401 897 insoliti
414 866 533 907 profunditate.
557 867 624 898 Tamen
636 875 706 899 securus
721 875 761 898 cum
776 865 822 898 socio

95 924 112 954 15
122 915 182 948 transit
192 915 229 948 siue
239 920 310 948 tranans
321 914 356 948 siue
365 913 451 956 gradiens,
459 914 495 947 eius
505 925 524 947 se
535 914 597 947 fiducia
608 913 688 947 muniens
700 914 747 948 cuius
758 914 821 957 philac-

121 965 183 999 terium
191 965 208 998 in
216 965 292 998 mantica
299 965 375 1007 ferebat;
387 965 485 1008 glorificans
493 966 543 999 deum
552 965 569 998 in
577 965 634 999 secula
642 966 742 999 seculorum.

259 1082 290 1113 Da
301 1088 383 1120 Quouanr
395 1088 462 1114 ntrurru
473 1089 486 1114 a
498 1088 591 1114 aauaruus
602 1087 685 1114 cunero.

410 1148 476 1182 Uidam
484 1149 533 1181 miles
540 1148 636 1180 Willelmus
644 1147 713 1180 nomine
721 1147 765 1179 filius
773 1146 824 1179 Aski-

374 1219 406 1240 Α
431 1198 472 1240 telli,
483 1198 505 1232 de
517 1197 606 1240 prouincia
618 1195 737 1238 Herefordiei,
748 1196 823 1238 omnige-

122 1258 182 1281 narum
193 1248 266 1281 febrium
273 1248 353 1282 urebatur
360 1249 455 1290 ardoribus,
463 1248 480 1281 in
492 1254 558 1281 tantum
566 1253 585 1281 vt
593 1247 672 1281 carnibus
684 1247 744 1288 exesis,
752 1246 824 1280 elimatis

96 1313 115 1333 κο
123 1299 190 1331 ossibus
197 1298 241 1330 cutis
249 1299 324 1331 herebat.
339 1300 373 1332 Hic
381 1306 420 1342 post
428 1305 506 1341 expertas
514 1299 576 1331 frustra
584 1298 684 1338 medicinas,
690 1298 747 1330 multis
754 1296 824 1339 expletis

123 1347 177 1389 annis,
186 1348 204 1381 in
214 1349 259 1381 lecto
270 1351 363 1391 gestatorio
374 1351 397 1384 ad
409 1349 532 1383 monasterium
544 1349 599 1382 sancti
609 1348 697 1381 Edmundi
709 1347 824 1391 pertrahitur:

123 1398 151 1432 vbi
163 1398 208 1431 facta
218 1399 313 1440 oblacione,
325 1400 423 1443 deploratur
433 1399 531 1441 necessitas,
543 1398 618 1433 martiris
629 1398 728 1441 imploratur
739 1397 824 1432 auxilinm.

124 1448 171 1480 Hinc
177 1449 243 1481 delatus
249 1450 271 1481 ad
277 1450 373 1491 hospicium
379 1450 397 1484 in
403 1450 448 1491 villa,
454 1450 516 1483 lectulo
524 1449 620 1482 reclinatur.
633 1450 657 1481 Et
664 1449 745 1482 continuo
751 1448 802 1482 velud
808 1447 825 1480 in

124 1498 190 1530 extasin
200 1505 264 1541 raptus,
276 1501 354 1534 sensibus
364 1501 435 1542 alienus,
443 1510 472 1534 ore
481 1499 542 1542 supino
552 1500 606 1533 ardua
615 1498 691 1533 rimatur.
714 1498 826 1540 suspicantur

97 1558 115 1588 25
124 1549 226 1588 assidentes,
237 1555 273 1582 tarn
286 1550 312 1583 uie
325 1550 428 1592 fatigacione
440 1561 492 1593 quarn
504 1555 521 1583 et
536 1550 622 1591 passionis
635 1550 708 1582 fractum
719 1548 826 1582 immanitate

124 1597 201 1640 proxima
214 1598 248 1631 iam
262 1604 316 1631 morte
328 1599 375 1633 illum
388 1599 481 1642 agonizare.
504 1600 548 1632 Cum
560 1610 601 1632 vero
612 1599 697 1641 paulisper
709 1599 734 1632 sic
744 1599 826 1631 attonitus

125 1647 228 1689 quieuisset:
244 1648 300 1682 subito
312 1649 360 1692 quasi
373 1660 391 1682 se
406 1648 497 1692 alloquenti
510 1649 619 1691 respondisse
632 1648 708 1681 vicissim
720 1648 826 1681 audiebatur.

125 1698 177 1738 Nam,
191 1702 209 1730 vt
221 1697 267 1732 idem
280 1705 340 1741 postea
352 1700 413 1739 retulit,
425 1699 503 1742 apparuit
517 1700 533 1733 ei
548 1699 574 1732 uir
588 1699 658 1742 quidam
672 1698 746 1742 ignotus,
761 1704 826 1732 statura

124 1758 211 1789 procerus,
219 1750 294 1791 quadam
302 1750 357 1783 vultus
368 1757 385 1783 et
395 1750 464 1783 habitus
475 1751 584 1793 prerogatiua
593 1749 658 1793 regiam
670 1751 756 1793 preferens
766 1750 825 1782 maies-

98 1811 116 1841 30
124 1804 183 1840 tatem,
195 1799 224 1842 qui
236 1806 307 1842 tangens
319 1813 359 1834 eurn
375 1801 425 1835 dixit:
437 1801 496 1842 ‘Quid
507 1802 535 1834 hic
546 1801 589 1844 agis,
602 1813 613 1834 o
624 1802 689 1834 homo?
701 1801 727 1834 vel
739 1811 792 1844 quare
803 1800 826 1833 ita

125 1844 192 1883 iaces?’
221 1850 252 1883 Cui
266 1851 303 1884 ille:
322 1852 421 1890 ¹Febribus,
434 1851 493 1892 inquit,
507 1851 569 1883 validis
584 1851 650 1883 diucius
665 1851 733 1883 attritus
748 1855 825 1882 sanctum

125 1899 236 1932 Edmundum
244 1900 322 1942 expetiui,
331 1899 384 1943 ipsius
392 1900 457 1934 meritis
465 1897 554 1942 pristinam
563 1899 639 1943 recipere
647 1911 718 1943 sperans
726 1896 827 1933 sanitatem'

124 1949 153 1983 nd
168 1959 218 1991 quem
233 1961 290 1984 rursus
305 1950 341 1984 ait:
359 1951 453 1985 ‘Credisne
468 1951 515 1983 illum
530 1951 560 1984 tibi
576 1962 627 1994 posse
641 1952 698 1984 valere
713 1951 731 1983 in
746 1950 780 1983 hiis
794 1959 827 1991 que

125 2000 222 2041 postulasi'
244 2000 380 2042 ‘indubitanten
395 2001 455 2044 inquit,
471 2002 532 2034 credo!
561 2002 585 2033 Et
601 2001 638 2033 ille:
658 2002 722 2042 ‘Surge
738 2010 779 2042 ergo
794 1999 827 2033 iarn

98 2057 116 2087 55
125 2049 219 2091 incolumis,
233 2051 256 2083 ad
267 2052 336 2094 propria
347 2051 430 2084 festinans
445 2051 522 2092 regredi?
545 2052 569 2084 At
582 2050 610 2083 ille
622 2050 718 2093 percuntari
732 2050 777 2093 cepit
790 2048 827 2091 quis

125 2106 170 2133 esset
178 2099 206 2141 qui
214 2107 262 2133 tanta
270 2101 302 2133 sibi
310 2101 372 2142 gaudia
379 2101 460 2134 nunciare
468 2101 548 2134 venisset.
572 2100 620 2142 ‘Ego
630 2110 673 2140 sum,
681 2100 710 2139 ait,
719 2099 826 2136 Edmundus,

126 2148 190 2181 domini
203 2150 254 2182 ihesu
265 2161 329 2184 seruus,
358 2153 390 2184 Sta
400 2161 456 2193 super
471 2151 525 2193 pedes
541 2155 583 2191 tuos,
599 2156 615 2183 et
631 2150 723 2193 assumptis
737 2148 827 2183 comitibus

126 2199 196 2232 domum
204 2206 296 2243 reuertens,
304 2212 355 2235 narra
365 2206 430 2244 quanta
439 2201 470 2234 tibi
480 2201 539 2234 fecerit
548 2201 591 2234 deus
601 2200 720 2244 omnipotens!
742 2200 772 2234 Sic
779 2200 828 2238 satus

126 2250 148 2282 ab
157 2248 209 2282 oculis
217 2249 254 2283 eius
261 2251 348 2293 disparuit.
371 2253 416 2293 Eger
424 2259 482 2284 autem
490 2257 516 2285 set
527 2253 562 2285 iam
572 2263 637 2294 sospes,
646 2253 668 2285 ad
679 2263 698 2285 se
705 2261 788 2291 reuersus,
796 2249 828 2282 deo

99 2312 119 2341 40
127 2305 144 2332 et
160 2304 219 2332 sancto
232 2301 326 2333 Edmundo
338 2301 405 2343 gracias
416 2302 456 2343 egit,
469 2307 486 2335 et
499 2308 596 2344 curitaque
608 2301 653 2335 circa
666 2312 685 2335 se
699 2307 750 2345 gesta
762 2302 828 2335 fuerant

127 2349 211 2390 innotuit;
222 2350 282 2393 sicque
293 2351 364 2384 domum
372 2351 448 2392 veniens,
457 2352 544 2385 Edmundi
553 2352 634 2385 virtutem
644 2363 695 2394 quarn
707 2357 786 2395 expertus
797 2354 828 2389 est,

128 2400 185 2442 quoad
194 2400 235 2432 uixit
244 2400 332 2442 predicare
340 2411 375 2434 non
383 2401 462 2434 cessauit.

121 1204 122 1208 ,
129 1175 243 1208 Hermanmrs
250 1174 338 1208 archidiac
344 1174 354 1208 ².

192 2485 198 2502 ¹
209 2485 241 2515 MS.
250 2490 319 2517 meretur.
394 2485 403 2537 ².
410 2486 434 2517 Ct',
443 2486 474 2517 Tir.
482 2486 492 2517 f.
501 2484 541 2524 103'J.
612 2486 618 2506 ⁹
628 2486 661 2518 MS.
670 2486 765 2518 Hcrdsordie.
