1762 2803
169 133 214 189 bc
229 130 328 186 banuo
344 130 466 185 branta
482 129 599 192 tuiscone.
690 144 733 190 255

31 252 104 296 insigne
116 254 184 288 ibidem
196 253 333 292 monasterium¹
342 257 360 286 et
367 262 415 286 anno
427 251 496 286 domini
509 251 649 295 nongentesimo
660 256 734 295 septua-

31 307 167 351 gesimoquarto
186 306 288 341 solenniter
303 304 400 346 dedicauit,
416 304 533 339 Eduothum¹
553 306 663 338 monachum
680 315 734 338 suum

31 359 116 394 abbatem
128 359 226 395 constituit.
271 351 310 393 Per
321 358 371 393 idem
382 364 456 402 tempus
467 358 573 393 auctoritate
585 358 672 392 Iohannis
686 368 734 402 pape

32 413 140 446 Dunstanus
148 412 299 457 archiepiscopus
308 417 369 445 coacto
377 410 459 455 generali
467 411 544 445 consilio
555 411 622 451 statuit,
632 417 650 446 et
660 412 734 446 decreto

32 466 117 508 firmauit,
125 472 144 501 vt
153 466 235 501 canonici
246 476 317 507 omnes,
327 464 431 509 presbiteri,
439 464 516 507 diaconi,
524 465 636 506 subdiaconi,
643 471 674 499 aut
685 470 735 499 caste
743 473 752 504 5

31 519 122 561 uiuerent,
133 525 164 552 aut
176 519 264 553 ecclesias
277 528 323 562 quas
336 519 422 551 tenebant
436 517 553 551 dimitterent.
576 517 661 552 Habebat
673 523 735 551 autem

32 582 96 615 regem
104 572 197 615 Edgarum
203 571 222 605 in
229 571 263 605 hoc
269 569 345 615 negocio
352 570 425 604 fidelem
434 569 535 604 adiutorem
544 574 562 604 et
570 569 643 605 firmum
650 569 736 605 defenso-

33 636 78 659 rem.
101 625 163 659 Huius
174 624 223 659 enim
236 624 305 659 decreti
317 623 400 659 executio
412 624 499 658 Oswaldo
510 623 636 668 Wigomiensi
648 624 736 668 episcopo

33 684 52 712 et
68 678 183 712 Ethelwoldo
195 677 321 712 Wintoniensi
336 677 424 721 episcopo
438 676 537 711 commissa
550 683 583 711 est
607 677 676 711 Beatus
691 688 736 721 ergo

34 731 132 765 Oswaldus
151 736 222 775 septem
241 730 352 765 monasteria
367 730 386 764 in
401 741 435 764 sua
449 730 525 774 dyocesi
544 730 607 765 eiectis
622 730 693 765 clericis
707 730 764 764 in·10

34 784 116 817 solenter
122 784 227 817 viuentibus
235 783 350 817 construxit²
358 789 375 816 et
383 782 483 816 monachos
490 782 590 816 introduxit
599 787 617 815 et
624 783 700 816 abbates
709 783 737 816 eis

33 835 116 880 prefecit.
163 829 250 870 lnterea³
265 835 322 869 abbas
337 835 453 879 persorensis
466 846 522 879 quem
539 834 646 876 instituerat,
661 836 737 870 nomine

36 888 151 931 Fuldbertus,
159 888 280 933 morigeratus
288 894 306 923 et
314 889 389 923 feruens
399 887 492 933 religionis
503 888 604 924 monastice
615 890 685 923 zelator
691 889 737 924 sed*

34 944 54 976 in
65 943 152 984 subditos,
164 943 212 985 quod
224 942 277 976 valde
289 942 308 975 in
319 952 342 975 eo
353 942 529 985 reprehendebatur,
540 941 597 976 nimie
608 948 626 976 et
638 942 737 976 indiscrete

35 995 138 1029 seueritatis
149 994 187 1029 fuit.
211 995 229 1029 ls
241 996 264 1029 ad
276 1000 359 1029 extrema
370 995 470 1039 perductus
478 1001 496 1029 et
504 994 546 1029 huic
555 996 591 1029 vite
602 995 684 1030 sublatus
692 995 736 1030 etin
746 1001 764 1032 15

35 1049 104 1082 feretro
111 1049 186 1089 locatus,
195 1054 269 1092 recepto
277 1048 342 1092 spiritu
350 1048 484 1091 trepidantibus
495 1048 565 1082 cunctis
573 1050 631 1083 erexit
638 1059 665 1090 se,
673 1049 737 1083 dicens

36 1112 47 1134 a
57 1102 111 1134 beato
123 1101 223 1135 Benedicto
236 1101 255 1135 in
267 1100 369 1136 visionem³
382 1100 411 1135 dei
423 1111 444 1134 se
458 1101 566 1144 perductum
578 1101 640 1141 luisse,
652 1107 670 1136 et
682 1102 738 1136 deum

36 1164 69 1188 sua
82 1159 155 1198 peccata
168 1153 237 1188 meritis
251 1153 343 1188 dilectoris
354 1152 383 1187 sui
395 1152 477 1188 Oswaldi
492 1153 598 1195 indulsisse,
609 1160 664 1199 atque
675 1156 699 1189 ad
710 1156 738 1189 in-

36 1207 136 1241 timandam
144 1207 258 1241 sanctitatem
266 1206 305 1242 eius
313 1218 334 1241 se
342 1207 432 1241 reuixisse
440 1207 523 1241 asseruit.
541 1208 582 1249 Quo
590 1208 638 1242 dicto
646 1208 738 1250 conticuit,

36 1266 55 1294 et
68 1265 143 1303 accepto
156 1259 222 1294 viatico
235 1259 321 1293 dominici
334 1259 416 1303 corporis
428 1260 523 1294 dimidium
539 1260 588 1295 diem
602 1262 705 1304 superuixit
719 1266 738 1296 et
747 1267 766 1288 ²⁰

36 1312 92 1347 vitam
100 1313 149 1346 obitu
158 1313 222 1346 iterato
234 1313 298 1346 finiuit.
343 1305 367 1346 ln
376 1311 416 1345 aliis
424 1311 473 1346 enim
481 1312 549 1356 Anglie
561 1312 644 1356 partibus
655 1312 738 1357 insignes

37 1364 124 1399 ecclesias
140 1365 162 1399 ob
178 1365 268 1408 prefixam
284 1375 358 1399 causam
374 1364 445 1399 clericis
460 1365 554 1399 euacuauit
569 1370 587 1400 et
599 1376 632 1399 eas
643 1365 688 1399 viris
700 1377 739 1400 mo-

37 1417 106 1452 nastice
114 1418 231 1452 institutionis
239 1417 349 1459 sublimauit,
361 1427 438 1462 quarum
445 1417 451 1437 ὓ
459 1417 493 1452 hec
505 1417 579 1453 nomina
591 1424 644 1454 sunt:
657 1419 740 1454 Ecclesia

38 1471 96 1505 sancti
107 1471 180 1512 Albani,
191 1476 253 1505 sancte
265 1470 389 1506 Etheldrede⁷
397 1470 474 1514 virginis
486 1470 504 1506 in
517 1470 573 1516 Hely‚
584 1478 602 1506 et
612 1482 634 1506 ea
644 1483 680 1517 que
691 1473 740 1517 apud

38 1525 170 1559 Beamlletam⁸
184 1525 282 1559 constituta
300 1523 413 1558 honorabilis
431 1524 537 1558 habebatur.
561 1525 640 1559 Instituit
656 1525 705 1560 enim
721 1526 769 1563 in25

38 1577 116 1611 ecclesia
131 1577 189 1611 sancti
202 1577 270 1610 Albani
283 1577 372 1610 Elsricum
385 1577 475 1619 abbatem,
486 1577 517 1620 qui
529 1578 551 1611 ad
563 1577 741 1621 archiepiscopatum

39 1630 186 1665 cantuariensem
194 1634 257 1674 postea
265 1629 373 1664 sublimatus
381 1629 425 1670 suit;
437 1629 456 1663 in
464 1629 543 1664 ecclesia
550 1630 616 1664 eliensi
625 1629 741 1665 Bn'thnotum

38 1683 135 1725 abbatem;
154 1682 282 1726 beamssetensi
300 1682 378 1717 ecclesie
393 1682 524 1716 Godmannum
542 1681 641 1727 constituit¹
652 1684 743 1718 abbatem.

40 1729 158 1772 Monasteria
174 1747 209 1781 que
228 1735 345 1770 edificauerat
363 1735 444 1778 circuire,
459 1737 517 1771 verbo
532 1736 586 1770 simul
601 1742 619 1770 et
634 1747 691 1781 opere
706 1748 743 1781 que

39 1789 103 1822 salutis
114 1794 167 1822 erant
178 1794 255 1832 paterno
269 1789 376 1832 ((μιοιὶιηῐι)Β
388 1789 453 1822 affectu
465 1788 571 1822 ministrare
582 1789 658 1822 curauit.
681 1789 743 1823 Posuit
751 1793 771 1823 30

39 1851 112 1884 quoque
131 1840 149 1873 in
168 1840 280 1874 monasterio
299 1840 398 1874 Rameseie
414 1840 468 1873 Abbo
483 1840 610 1875 floriacensem
626 1842 743 1883 monachum,

40 1903 112 1928 morum
131 1893 227 1927 sanctitate
247 1893 357 1937 preclarum,
376 1893 470 1927 literarum
489 1893 565 1927 scientia
584 1894 697 1928 excellenter
715 1895 743 1928 in·

40 1952 135 1988 structum,
151 1946 181 1990 qui
200 1947 301 1981 monachos
317 1947 396 1988 doceret,
412 1947 471 1980 scolas
490 1952 562 1990 regeret
577 1953 596 1980 et
611 1947 630 1980 in
646 1947 744 1992 disciplina

38 2000 118 2044 regulari
136 2005 154 2034 et
169 1999 245 2034 scientia
263 1998 328 2033 literali
347 2000 450 2043 prodesset.
473 1999 565 2033 Dunstani
580 1999 656 2044 insuper
671 2001 743 2035 hortatu

40 2055 146 2097 passionem
158 2053 205 2087 beati
218 2052 310 2086 Edmundi
322 2052 371 2096 regis
383 2059 401 2085 et
413 2051 493 2086 martiris
504 2052 553 2086 idem
561 2053 616 2086 Abho
628 2053 744 2088 laudabiliter
753 2059 771 2090 55

41 2106 120 2148 scripsit.
143 2105 210 2139 Postea
220 2105 234 2138 F
235 2106 322 2138 loriacum
334 2115 437 2147 regressus
445 2109 463 2136 et
471 2104 527 2138 abbas
539 2104 621 2145 effectus,
630 2116 640 2138 a
648 2105 744 2139 monachis

41 2158 80 2192 suis
88 2157 180 2192 occiditur.
226 2150 277 2192 Cum
285 2163 346 2191 autem
355 2157 486 2191 monasterium
497 2157 516 2191 in
524 2156 621 2202 Wigomia
629 2157 676 2192 infra
684 2159 744 2203 ipsam

42 2212 105 2246 sedem
115 2211 242 2256 ,episcopalem
254 2216 361 2246 construere
372 2211 458 2254 cepisset,
465 2211 484 2245 in
494 2221 530 2255 quo
542 2221 584 2245 cum
595 2212 691 2246 monachis
702 2223 745 2247 con·

41 2270 157 2305 uersaretur;
169 2275 206 2299 non
217 2265 272 2308 longe
284 2265 307 2298 ab
319 2275 375 2308 opere
387 2264 428 2309 ipso
439 2264 513 2309 quidam
525 2263 572 2309 lapis
583 2265 664 2309 quadrus
675 2264 746 2300 iacebat

42 2320 65 2354 ad
74 2318 134 2363 operis
142 2318 230 2353 fabricam
238 2318 313 2352 omnino
321 2317 443 2352 necessarius.
467 2317 526 2359 Quem
539 2329 581 2352 cum
592 2319 672 2353 artifices
683 2319 746 2354 leuare
754 2327 774 2356 40

42 2372 134 2412 vellent¹⁰,
147 2371 198 2414 quasi
210 2371 296 2405 radicitus
307 2375 356 2405 terre
366 2369 434 2404 inhesit
442 2375 460 2404 et
468 2370 518 2404 nullo
528 2375 592 2405 conatu
603 2370 674 2405 moueri
683 2371 747 2415 potuit.

43 2425 112 2468 Stupor
122 2424 188 2467 ingens
198 2433 263 2459 omnes
275 2429 357 2468 occupat,
367 2424 464 2458 mandatur
475 2423 498 2458 de
509 2423 585 2468 negocio
596 2424 643 2468 patri
654 2423 747 2460 Oswaldo.

63 2505 68 2523 ¹
78 2506 97 2536 T.
105 2506 185 2537 eductum.
243 2505 250 2523 ¹
259 2506 298 2536 Wh.
306 2506 378 2537 instituit.
440 2506 447 2523 ³
456 2505 475 2536 T.
482 2506 556 2536 Anterea.
618 2506 623 2524 ¹
634 2506 674 2536 Boll.
681 2506 747 2538 scilicet.

43 2545 49 2563 ⁵
59 2545 77 2575 T.
84 2546 149 2575 visione.
214 2545 220 2563 ⁶
230 2546 248 2576 T.
257 2546 275 2575 E.
283 2555 353 2583 quorum.
417 2544 424 2563 ⁷
434 2546 453 2576 T.
458 2546 535 2577 etheldre.
597 2545 604 2563 ⁸
614 2546 633 2576 E.
639 2546 747 2578 beamfledam.

43 2584 49 2604 ⁹
60 2595 90 2617 om.
97 2585 113 2615 in
121 2585 139 2616 T.
145 2585 176 2616 Vit.
237 2585 248 2603 Μ
259 2586 276 2616 E.
284 2585 343 2618 velent.
