<?xml version="1.0" encoding="UTF-8"?>
<!DOCTYPE html PUBLIC "-//W3C//DTD XHTML 1.0 Transitional//EN"
    "http://www.w3.org/TR/xhtml1/DTD/xhtml1-transitional.dtd">
<html xmlns="http://www.w3.org/1999/xhtml" xml:lang="en" lang="en">
 <head>
  <title>
</title>
<meta http-equiv="Content-Type" content="text/html;charset=utf-8" />
  <meta name='ocr-system' content='tesseract 3.04.00' />
  <meta name='ocr-capabilities' content='ocr_page ocr_carea ocr_par ocr_line ocrx_word'/>
</head>
<body>
  <div class='ocr_page' id='page_1' title='image "./MN5111ucmf_0/MN5111ucmf_0_0970.png"; bbox 0 0 1762 2803; ppageno 0'>
   <div class='ocr_carea' id='block_1_1' title="bbox 107 108 618 199">
    <p class='ocr_par' dir='ltr' id='par_1_1' title="bbox 107 108 618 199">
     <span class='ocr_line' id='line_1_1' title="bbox 107 108 618 199; baseline -0.016 -4"><span class='ocrx_word' id='word_1_1' title='bbox 107 127 157 197; x_wconf 72' lang='lat'>354¹</span> <span class='ocrx_word' id='word_1_2' title='bbox 298 108 510 199; x_wconf 65' lang='lat' dir='ltr'>moralitatum</span> <span class='ocrx_word' id='word_1_3' title='bbox 526 134 618 198; x_wconf 66' lang='lat' dir='ltr'>auctir.</span> 
     </span>
    </p>
   </div>
   <div class='ocr_carea' id='block_1_2' title="bbox 82 256 816 2522">
    <p class='ocr_par' dir='ltr' id='par_1_2' title="bbox 82 256 816 2522">
     <span class='ocr_line' id='line_1_2' title="bbox 107 256 816 305; baseline -0.006 -11"><span class='ocrx_word' id='word_1_4' title='bbox 107 259 210 305; x_wconf 89' lang='lat' dir='ltr'>‘Sampson</span> <span class='ocrx_word' id='word_1_5' title='bbox 222 259 256 293; x_wconf 89' lang='lat' dir='ltr'>deo</span> <span class='ocrx_word' id='word_1_6' title='bbox 267 258 337 301; x_wconf 89' lang='lat' dir='ltr'>dilecte,</span> <span class='ocrx_word' id='word_1_7' title='bbox 345 258 421 293; x_wconf 84' lang='lat' dir='ltr'>viriliter</span> <span class='ocrx_word' id='word_1_8' title='bbox 433 269 472 304; x_wconf 99' lang='lat' dir='ltr'>age,</span> <span class='ocrx_word' id='word_1_9' title='bbox 481 259 504 293; x_wconf 88' lang='lat' dir='ltr'>de</span> <span class='ocrx_word' id='word_1_10' title='bbox 513 263 562 292; x_wconf 87' lang='lat' dir='ltr'>terra</span> <span class='ocrx_word' id='word_1_11' title='bbox 573 263 590 292; x_wconf 91' lang='lat' dir='ltr'>et</span> <span class='ocrx_word' id='word_1_12' title='bbox 602 256 649 303; x_wconf 85' lang='lat' dir='ltr'>[de]¹</span> <span class='ocrx_word' id='word_1_13' title='bbox 661 256 769 302; x_wconf 80' lang='lat' dir='ltr'>cognatione</span> <span class='ocrx_word' id='word_1_14' title='bbox 779 258 816 291; x_wconf 85' lang='lat' dir='ltr'>tua</span> 
     </span>
     <span class='ocr_line' id='line_1_3' title="bbox 107 310 810 357; baseline -0.004 -11"><span class='ocrx_word' id='word_1_15' title='bbox 107 314 206 357; x_wconf 82' lang='lat' dir='ltr'>egredere:</span> <span class='ocrx_word' id='word_1_16' title='bbox 218 312 353 356; x_wconf 83' lang='lat' dir='ltr'>predestinatus</span> <span class='ocrx_word' id='word_1_17' title='bbox 366 314 416 347; x_wconf 91' lang='lat' dir='ltr'>enim</span> <span class='ocrx_word' id='word_1_18' title='bbox 429 323 450 347; x_wconf 93' lang='lat' dir='ltr'>es</span> <span class='ocrx_word' id='word_1_19' title='bbox 463 313 519 347; x_wconf 88' lang='lat' dir='ltr'>adeo</span> <span class='ocrx_word' id='word_1_20' title='bbox 529 312 575 345; x_wconf 86' lang='lat' dir='ltr'>vltra</span> <span class='ocrx_word' id='word_1_21' title='bbox 586 321 637 345; x_wconf 88' lang='lat' dir='ltr'>mare</span> <span class='ocrx_word' id='word_1_22' title='bbox 650 310 735 345; x_wconf 85' lang='lat' dir='ltr'>fundator</span> <span class='ocrx_word' id='word_1_23' title='bbox 746 320 810 344; x_wconf 88' lang='lat' dir='ltr'>mona-</span> 
     </span>
     <span class='ocr_line' id='line_1_4' title="bbox 108 356 810 410; baseline -0.006 -11"><span class='ocrx_word' id='word_1_24' title='bbox 108 366 184 399; x_wconf 90' lang='lat' dir='ltr'>chorum</span> <span class='ocrx_word' id='word_1_25' title='bbox 192 365 300 408; x_wconf 83' lang='lat' dir='ltr'>magnificus</span> <span class='ocrx_word' id='word_1_26' title='bbox 309 370 327 399; x_wconf 88' lang='lat' dir='ltr'>et</span> <span class='ocrx_word' id='word_1_27' title='bbox 334 370 394 400; x_wconf 84' lang='lat' dir='ltr'>rector</span> <span class='ocrx_word' id='word_1_28' title='bbox 401 366 420 399; x_wconf 93' lang='lat' dir='ltr'>in</span> <span class='ocrx_word' id='word_1_29' title='bbox 428 366 496 410; x_wconf 91' lang='lat' dir='ltr'>populo</span> <span class='ocrx_word' id='word_1_30' title='bbox 504 365 604 409; x_wconf 71' lang='lat' dir='ltr'>gloriosus!</span> <span class='ocrx_word' id='word_1_31' title='bbox 641 356 752 407; x_wconf 88' lang='lat' dir='ltr'>Assumptis</span> <span class='ocrx_word' id='word_1_32' title='bbox 760 363 810 396; x_wconf 91' lang='lat' dir='ltr'>enim</span> 
     </span>
     <span class='ocr_line' id='line_1_5' title="bbox 107 414 810 461; baseline -0.007 -9"><span class='ocrx_word' id='word_1_33' title='bbox 107 427 171 452; x_wconf 86' lang='lat' dir='ltr'>secum</span> <span class='ocrx_word' id='word_1_34' title='bbox 184 417 293 461; x_wconf 88' lang='lat' dir='ltr'>quibusdam</span> <span class='ocrx_word' id='word_1_35' title='bbox 309 418 400 459; x_wconf 85' lang='lat' dir='ltr'>fratribus,</span> <span class='ocrx_word' id='word_1_36' title='bbox 413 428 455 452; x_wconf 93' lang='lat' dir='ltr'>cum</span> <span class='ocrx_word' id='word_1_37' title='bbox 473 427 506 461; x_wconf 91' lang='lat' dir='ltr'>per</span> <span class='ocrx_word' id='word_1_38' title='bbox 520 425 588 460; x_wconf 90' lang='lat' dir='ltr'>pagum</span> <span class='ocrx_word' id='word_1_39' title='bbox 603 415 706 450; x_wconf 88' lang='lat' dir='ltr'>Tricurium</span> <span class='ocrx_word' id='word_1_40' title='bbox 719 414 810 455; x_wconf 82' lang='lat' dir='ltr'>transiret,</span> 
     </span>
     <span class='ocr_line' id='line_1_6' title="bbox 91 467 810 513; baseline -0.003 -11"><span class='ocrx_word' id='word_1_41' title='bbox 91 470 193 508; x_wconf 74' lang='lat' dir='ltr'>5-homines</span> <span class='ocrx_word' id='word_1_42' title='bbox 199 469 253 502; x_wconf 92' lang='lat' dir='ltr'>idolis</span> <span class='ocrx_word' id='word_1_43' title='bbox 264 468 381 504; x_wconf 85' lang='lat' dir='ltr'>immolantes</span> <span class='ocrx_word' id='word_1_44' title='bbox 388 470 438 505; x_wconf 85' lang='lat' dir='ltr'>vidit.</span> <span class='ocrx_word' id='word_1_45' title='bbox 454 471 494 513; x_wconf 84' lang='lat' dir='ltr'>Quo</span> <span class='ocrx_word' id='word_1_46' title='bbox 502 470 541 503; x_wconf 89' lang='lat' dir='ltr'>viso</span> <span class='ocrx_word' id='word_1_47' title='bbox 548 467 640 512; x_wconf 86' lang='lat' dir='ltr'>ingemuit,</span> <span class='ocrx_word' id='word_1_48' title='bbox 649 473 668 502; x_wconf 87' lang='lat' dir='ltr'>et</span> <span class='ocrx_word' id='word_1_49' title='bbox 675 479 707 501; x_wconf 90' lang='lat' dir='ltr'>eos</span> <span class='ocrx_word' id='word_1_50' title='bbox 715 468 738 501; x_wconf 89' lang='lat' dir='ltr'>ab</span> <span class='ocrx_word' id='word_1_51' title='bbox 747 477 810 501; x_wconf 90' lang='lat' dir='ltr'>errore</span> 
     </span>
     <span class='ocr_line' id='line_1_7' title="bbox 108 520 811 567; baseline -0.004 -10"><span class='ocrx_word' id='word_1_52' title='bbox 108 533 141 557; x_wconf 87' lang='lat' dir='ltr'>sua</span> <span class='ocrx_word' id='word_1_53' title='bbox 149 522 273 567; x_wconf 88' lang='lat' dir='ltr'>predicatione</span> <span class='ocrx_word' id='word_1_54' title='bbox 285 534 373 559; x_wconf 90' lang='lat' dir='ltr'>reuocare</span> <span class='ocrx_word' id='word_1_55' title='bbox 383 523 458 559; x_wconf 81' lang='lat' dir='ltr'>curauit.</span> <span class='ocrx_word' id='word_1_56' title='bbox 481 522 531 567; x_wconf 82' lang='lat' dir='ltr'>[Et]1</span> <span class='ocrx_word' id='word_1_57' title='bbox 540 532 582 557; x_wconf 86' lang='lat' dir='ltr'>ecce</span> <span class='ocrx_word' id='word_1_58' title='bbox 590 532 636 565; x_wconf 90' lang='lat' dir='ltr'>puer</span> <span class='ocrx_word' id='word_1_59' title='bbox 644 532 691 566; x_wconf 92' lang='lat' dir='ltr'>equo</span> <span class='ocrx_word' id='word_1_60' title='bbox 699 520 782 556; x_wconf 89' lang='lat' dir='ltr'>insidens</span> <span class='ocrx_word' id='word_1_61' title='bbox 792 525 811 555; x_wconf 89' lang='lat' dir='ltr'>et</span> 
     </span>
     <span class='ocr_line' id='line_1_8' title="bbox 108 574 811 620; baseline -0.003 -11"><span class='ocrx_word' id='word_1_62' title='bbox 108 576 156 610; x_wconf 83' lang='lat' dir='ltr'>circa</span> <span class='ocrx_word' id='word_1_63' title='bbox 166 577 242 620; x_wconf 84' lang='lat' dir='ltr'>ydolum</span> <span class='ocrx_word' id='word_1_64' title='bbox 255 587 337 620; x_wconf 87' lang='lat' dir='ltr'>currens,</span> <span class='ocrx_word' id='word_1_65' title='bbox 350 578 373 611; x_wconf 88' lang='lat' dir='ltr'>ad</span> <span class='ocrx_word' id='word_1_66' title='bbox 388 583 457 611; x_wconf 91' lang='lat' dir='ltr'>terram</span> <span class='ocrx_word' id='word_1_67' title='bbox 470 575 537 610; x_wconf 89' lang='lat' dir='ltr'>corruit</span> <span class='ocrx_word' id='word_1_68' title='bbox 552 581 570 609; x_wconf 87' lang='lat' dir='ltr'>et</span> <span class='ocrx_word' id='word_1_69' title='bbox 583 575 639 609; x_wconf 83' lang='lat' dir='ltr'>fracto</span> <span class='ocrx_word' id='word_1_70' title='bbox 654 575 700 608; x_wconf 94' lang='lat' dir='ltr'>collo</span> <span class='ocrx_word' id='word_1_71' title='bbox 715 574 811 618; x_wconf 84' lang='lat' dir='ltr'>expirauit.</span> 
     </span>
     <span class='ocr_line' id='line_1_9' title="bbox 109 627 811 673; baseline -0.003 -11"><span class='ocrx_word' id='word_1_72' title='bbox 109 628 132 662; x_wconf 88' lang='lat' dir='ltr'>Et</span> <span class='ocrx_word' id='word_1_73' title='bbox 144 629 169 662; x_wconf 88' lang='lat' dir='ltr'>ait</span> <span class='ocrx_word' id='word_1_74' title='bbox 183 629 212 663; x_wconf 90' lang='lat' dir='ltr'>vir</span> <span class='ocrx_word' id='word_1_75' title='bbox 227 635 312 664; x_wconf 88' lang='lat' dir='ltr'>sanctus:</span> <span class='ocrx_word' id='word_1_76' title='bbox 332 630 364 664; x_wconf 85' lang='lat' dir='ltr'>‘Si</span> <span class='ocrx_word' id='word_1_77' title='bbox 376 631 430 673; x_wconf 85' lang='lat' dir='ltr'>ydola</span> <span class='ocrx_word' id='word_1_78' title='bbox 442 635 503 663; x_wconf 87' lang='lat' dir='ltr'>vestra</span> <span class='ocrx_word' id='word_1_79' title='bbox 515 630 611 662; x_wconf 86' lang='lat' dir='ltr'>destruere</span> <span class='ocrx_word' id='word_1_80' title='bbox 624 628 678 661; x_wconf 88' lang='lat' dir='ltr'>vultis</span> <span class='ocrx_word' id='word_1_81' title='bbox 692 633 710 661; x_wconf 85' lang='lat' dir='ltr'>et</span> <span class='ocrx_word' id='word_1_82' title='bbox 723 627 742 660; x_wconf 91' lang='lat' dir='ltr'>in</span> <span class='ocrx_word' id='word_1_83' title='bbox 756 628 811 661; x_wconf 90' lang='lat' dir='ltr'>deum</span> 
     </span>
     <span class='ocr_line' id='line_1_10' title="bbox 108 681 811 724; baseline -0.001 -10"><span class='ocrx_word' id='word_1_84' title='bbox 108 691 171 715; x_wconf 88' lang='lat' dir='ltr'>meum</span> <span class='ocrx_word' id='word_1_85' title='bbox 179 682 261 723; x_wconf 88' lang='lat' dir='ltr'>credere,</span> <span class='ocrx_word' id='word_1_86' title='bbox 269 681 353 716; x_wconf 87' lang='lat' dir='ltr'>inuocato</span> <span class='ocrx_word' id='word_1_87' title='bbox 362 682 436 716; x_wconf 89' lang='lat' dir='ltr'>nomine</span> <span class='ocrx_word' id='word_1_88' title='bbox 448 681 516 715; x_wconf 92' lang='lat' dir='ltr'>domini</span> <span class='ocrx_word' id='word_1_89' title='bbox 523 685 605 714; x_wconf 88' lang='lat' dir='ltr'>vestrum</span> <span class='ocrx_word' id='word_1_90' title='bbox 614 689 711 724; x_wconf 84' lang='lat' dir='ltr'>resurgere</span> <span class='ocrx_word' id='word_1_91' title='bbox 719 685 811 713; x_wconf 89' lang='lat' dir='ltr'>mortuum</span> 
     </span>
     <span class='ocr_line' id='line_1_11' title="bbox 82 730 811 777; baseline -0.001 -9"><span class='ocrx_word' id='word_1_92' title='bbox 82 733 184 769; x_wconf 66' lang='lat' dir='ltr'>rosacum!</span> <span class='ocrx_word' id='word_1_93' title='bbox 215 733 380 777; x_wconf 83' lang='lat' dir='ltr'>Aequiescentibus</span> <span class='ocrx_word' id='word_1_94' title='bbox 398 734 439 776; x_wconf 80' lang='lat' dir='ltr'>iffis,</span> <span class='ocrx_word' id='word_1_95' title='bbox 455 737 546 769; x_wconf 88' lang='lat' dir='ltr'>mortuum</span> <span class='ocrx_word' id='word_1_96' title='bbox 562 731 682 776; x_wconf 85' lang='lat' dir='ltr'>resuscitauit,</span> <span class='ocrx_word' id='word_1_97' title='bbox 698 737 716 768; x_wconf 93' lang='lat' dir='ltr'>et</span> <span class='ocrx_word' id='word_1_98' title='bbox 731 730 756 767; x_wconf 92' lang='lat' dir='ltr'>illi</span> <span class='ocrx_word' id='word_1_99' title='bbox 772 741 811 767; x_wconf 93' lang='lat' dir='ltr'>crc-</span> 
     </span>
     <span class='ocr_line' id='line_1_12' title="bbox 109 778 812 832; baseline -0.001 -11"><span class='ocrx_word' id='word_1_100' title='bbox 109 786 175 822; x_wconf 89' lang='lat' dir='ltr'>dentes</span> <span class='ocrx_word' id='word_1_101' title='bbox 189 785 286 823; x_wconf 90' lang='lat' dir='ltr'>destructis</span> <span class='ocrx_word' id='word_1_102' title='bbox 296 786 356 832; x_wconf 87' lang='lat' dir='ltr'>ydolis</span> <span class='ocrx_word' id='word_1_103' title='bbox 370 786 455 831; x_wconf 90' lang='lat' dir='ltr'>baptizati</span> <span class='ocrx_word' id='word_1_104' title='bbox 468 791 515 822; x_wconf 90' lang='lat' dir='ltr'>sunt.</span> <span class='ocrx_word' id='word_1_105' title='bbox 560 778 583 820; x_wconf 96' lang='lat' dir='ltr'>ln</span> <span class='ocrx_word' id='word_1_106' title='bbox 593 785 658 821; x_wconf 87' lang='lat' dir='ltr'>eadem</span> <span class='ocrx_word' id='word_1_107' title='bbox 670 784 764 830; x_wconf 85' lang='lat' dir='ltr'>prouincia</span> <span class='ocrx_word' id='word_1_108' title='bbox 773 788 812 820; x_wconf 90' lang='lat' dir='ltr'>erat</span> 
     </span>
     <span class='ocr_line' id='line_1_13' title="bbox 109 838 812 883; baseline -0.003 -10"><span class='ocrx_word' id='word_1_109' title='bbox 109 851 187 883; x_wconf 90' lang='lat' dir='ltr'>serpens</span> <span class='ocrx_word' id='word_1_110' title='bbox 203 839 277 883; x_wconf 83' lang='lat' dir='ltr'>quidam</span> <span class='ocrx_word' id='word_1_111' title='bbox 292 840 339 874; x_wconf 91' lang='lat' dir='ltr'>mire</span> <span class='ocrx_word' id='word_1_112' title='bbox 354 840 489 883; x_wconf 84' lang='lat' dir='ltr'>magnitudinis,</span> <span class='ocrx_word' id='word_1_113' title='bbox 503 838 533 882; x_wconf 94' lang='lat' dir='ltr'>qui</span> <span class='ocrx_word' id='word_1_114' title='bbox 549 838 643 872; x_wconf 82' lang='lat' dir='ltr'>mortifero</span> <span class='ocrx_word' id='word_1_115' title='bbox 658 838 702 872; x_wconf 87' lang='lat' dir='ltr'>flatu</span> <span class='ocrx_word' id='word_1_116' title='bbox 717 849 751 872; x_wconf 88' lang='lat' dir='ltr'>suo</span> <span class='ocrx_word' id='word_1_117' title='bbox 766 838 812 871; x_wconf 89' lang='lat' dir='ltr'>dnos</span> 
     </span>
     <span class='ocr_line' id='line_1_14' title="bbox 109 891 812 936; baseline -0.003 -10"><span class='ocrx_word' id='word_1_118' title='bbox 109 903 158 935; x_wconf 89' lang='lat' dir='ltr'>pene</span> <span class='ocrx_word' id='word_1_119' title='bbox 168 903 226 936; x_wconf 89' lang='lat' dir='ltr'>pagos</span> <span class='ocrx_word' id='word_1_120' title='bbox 235 892 333 927; x_wconf 87' lang='lat' dir='ltr'>deleuerat.</span> <span class='ocrx_word' id='word_1_121' title='bbox 355 892 386 926; x_wconf 89' lang='lat' dir='ltr'>Ad</span> <span class='ocrx_word' id='word_1_122' title='bbox 397 904 457 936; x_wconf 88' lang='lat' dir='ltr'>quem,</span> <span class='ocrx_word' id='word_1_123' title='bbox 468 893 487 925; x_wconf 93' lang='lat' dir='ltr'>in</span> <span class='ocrx_word' id='word_1_124' title='bbox 499 896 550 925; x_wconf 89' lang='lat' dir='ltr'>antro</span> <span class='ocrx_word' id='word_1_125' title='bbox 564 891 669 932; x_wconf 85' lang='lat' dir='ltr'>latitantem,</span> <span class='ocrx_word' id='word_1_126' title='bbox 679 891 770 934; x_wconf 88' lang='lat' dir='ltr'>Sampson</span> <span class='ocrx_word' id='word_1_127' title='bbox 782 902 812 925; x_wconf 93' lang='lat' dir='ltr'>ac·</span> 
     </span>
     <span class='ocr_line' id='line_1_15' title="bbox 109 942 812 986; baseline -0.004 -8"><span class='ocrx_word' id='word_1_128' title='bbox 109 945 183 986; x_wconf 84' lang='lat' dir='ltr'>cedens,</span> <span class='ocrx_word' id='word_1_129' title='bbox 195 945 263 977; x_wconf 89' lang='lat' dir='ltr'>lineam</span> <span class='ocrx_word' id='word_1_130' title='bbox 276 944 354 977; x_wconf 76' lang='lat' dir='ltr'>zonam²</span> <span class='ocrx_word' id='word_1_131' title='bbox 367 944 415 978; x_wconf 90' lang='lat' dir='ltr'>eirca</span> <span class='ocrx_word' id='word_1_132' title='bbox 429 944 494 977; x_wconf 90' lang='lat' dir='ltr'>collum</span> <span class='ocrx_word' id='word_1_133' title='bbox 508 943 547 976; x_wconf 87' lang='lat' dir='ltr'>eius</span> <span class='ocrx_word' id='word_1_134' title='bbox 560 942 627 986; x_wconf 85' lang='lat' dir='ltr'>ligauit,</span> <span class='ocrx_word' id='word_1_135' title='bbox 643 949 661 976; x_wconf 89' lang='lat' dir='ltr'>et</span> <span class='ocrx_word' id='word_1_136' title='bbox 674 944 697 976; x_wconf 89' lang='lat' dir='ltr'>de</span> <span class='ocrx_word' id='word_1_137' title='bbox 710 954 756 986; x_wconf 85' lang='lat' dir='ltr'>rupe</span> <span class='ocrx_word' id='word_1_138' title='bbox 771 950 812 986; x_wconf 64' lang='lat' dir='ltr'>pre·&gt;</span> 
     </span>
     <span class='ocr_line' id='line_1_16' title="bbox 83 995 812 1042; baseline -0.005 -10"><span class='ocrx_word' id='word_1_139' title='bbox 83 1010 101 1042; x_wconf 80' lang='lat'>15</span> <span class='ocrx_word' id='word_1_140' title='bbox 110 996 187 1042; x_wconf 88' lang='lat' dir='ltr'>cipitans</span> <span class='ocrx_word' id='word_1_141' title='bbox 196 1006 243 1038; x_wconf 91' lang='lat' dir='ltr'>eum,</span> <span class='ocrx_word' id='word_1_142' title='bbox 254 1006 277 1030; x_wconf 86' lang='lat' dir='ltr'>ne</span> <span class='ocrx_word' id='word_1_143' title='bbox 289 996 369 1042; x_wconf 89' lang='lat' dir='ltr'>amplius</span> <span class='ocrx_word' id='word_1_144' title='bbox 381 997 452 1031; x_wconf 90' lang='lat' dir='ltr'>viueret</span> <span class='ocrx_word' id='word_1_145' title='bbox 464 996 551 1042; x_wconf 89' lang='lat' dir='ltr'>precepit.</span> <span class='ocrx_word' id='word_1_146' title='bbox 574 995 683 1030; x_wconf 90' lang='lat' dir='ltr'>Constructo</span> <span class='ocrx_word' id='word_1_147' title='bbox 695 995 714 1029; x_wconf 92' lang='lat' dir='ltr'>in</span> <span class='ocrx_word' id='word_1_148' title='bbox 727 995 767 1029; x_wconf 91' lang='lat' dir='ltr'>loco</span> <span class='ocrx_word' id='word_1_149' title='bbox 780 995 812 1028; x_wconf 90' lang='lat' dir='ltr'>illo</span> 
     </span>
     <span class='ocr_line' id='line_1_17' title="bbox 109 1042 812 1093; baseline -0.001 -9"><span class='ocrx_word' id='word_1_150' title='bbox 109 1050 225 1089; x_wconf 86' lang='lat' dir='ltr'>monasterio,</span> <span class='ocrx_word' id='word_1_151' title='bbox 234 1049 290 1084; x_wconf 86' lang='lat' dir='ltr'>sontis</span> <span class='ocrx_word' id='word_1_152' title='bbox 297 1060 365 1084; x_wconf 90' lang='lat' dir='ltr'>venam</span> <span class='ocrx_word' id='word_1_153' title='bbox 372 1049 438 1093; x_wconf 84' lang='lat' dir='ltr'>iugiter</span> <span class='ocrx_word' id='word_1_154' title='bbox 446 1049 533 1084; x_wconf 88' lang='lat' dir='ltr'>fluentem</span> <span class='ocrx_word' id='word_1_155' title='bbox 540 1049 616 1092; x_wconf 89' lang='lat' dir='ltr'>aperuit.</span> <span class='ocrx_word' id='word_1_156' title='bbox 661 1042 760 1093; x_wconf 84' lang='lat' dir='ltr'>Nauigans</span> <span class='ocrx_word' id='word_1_157' title='bbox 770 1054 812 1092; x_wconf 88' lang='lat' dir='ltr'>post</span> 
     </span>
     <span class='ocr_line' id='line_1_18' title="bbox 109 1100 812 1148; baseline -0.003 -11"><span class='ocrx_word' id='word_1_158' title='bbox 109 1102 143 1137; x_wconf 89' lang='lat' dir='ltr'>hec</span> <span class='ocrx_word' id='word_1_159' title='bbox 153 1102 172 1137; x_wconf 89' lang='lat' dir='ltr'>in</span> <span class='ocrx_word' id='word_1_160' title='bbox 181 1100 308 1147; x_wconf 77' lang='lat' dir='ltr'>Britanniam³,</span> <span class='ocrx_word' id='word_1_161' title='bbox 314 1101 383 1138; x_wconf 88' lang='lat' dir='ltr'>viditin</span> <span class='ocrx_word' id='word_1_162' title='bbox 392 1108 446 1148; x_wconf 90' lang='lat' dir='ltr'>portu</span> <span class='ocrx_word' id='word_1_163' title='bbox 454 1100 550 1147; x_wconf 85' lang='lat' dir='ltr'>tugurium,</span> <span class='ocrx_word' id='word_1_164' title='bbox 555 1106 573 1136; x_wconf 94' lang='lat' dir='ltr'>et</span> <span class='ocrx_word' id='word_1_165' title='bbox 582 1100 601 1135; x_wconf 88' lang='lat' dir='ltr'>in</span> <span class='ocrx_word' id='word_1_166' title='bbox 610 1101 729 1148; x_wconf 81' lang='lat' dir='ltr'>coquendam</span> <span class='ocrx_word' id='word_1_167' title='bbox 737 1100 812 1136; x_wconf 86' lang='lat' dir='ltr'>misera-</span> 
     </span>
     <span class='ocr_line' id='line_1_19' title="bbox 108 1156 812 1201; baseline 0 -11"><span class='ocrx_word' id='word_1_168' title='bbox 108 1157 169 1191; x_wconf 91' lang='lat' dir='ltr'>biliter</span> <span class='ocrx_word' id='word_1_169' title='bbox 176 1157 279 1201; x_wconf 88' lang='lat' dir='ltr'>plorantem</span> <span class='ocrx_word' id='word_1_170' title='bbox 287 1168 398 1200; x_wconf 90' lang='lat' dir='ltr'>semperque</span> <span class='ocrx_word' id='word_1_171' title='bbox 406 1157 429 1190; x_wconf 92' lang='lat' dir='ltr'>ad</span> <span class='ocrx_word' id='word_1_172' title='bbox 436 1167 486 1190; x_wconf 87' lang='lat' dir='ltr'>mare</span> <span class='ocrx_word' id='word_1_173' title='bbox 494 1156 628 1200; x_wconf 87' lang='lat' dir='ltr'>respicientem.</span> <span class='ocrx_word' id='word_1_174' title='bbox 645 1156 679 1191; x_wconf 92' lang='lat' dir='ltr'>Cui</span> <span class='ocrx_word' id='word_1_175' title='bbox 687 1156 711 1190; x_wconf 88' lang='lat' dir='ltr'>ait</span> <span class='ocrx_word' id='word_1_176' title='bbox 719 1168 723 1190; x_wconf 91' lang='lat'><strong>:</strong></span> <span class='ocrx_word' id='word_1_177' title='bbox 733 1156 812 1197; x_wconf 68' lang='lat' dir='ltr'>‘Fraten</span> 
     </span>
     <span class='ocr_line' id='line_1_20' title="bbox 108 1208 811 1254; baseline -0.001 -11"><span class='ocrx_word' id='word_1_178' title='bbox 108 1209 152 1254; x_wconf 92' lang='lat' dir='ltr'>quid</span> <span class='ocrx_word' id='word_1_179' title='bbox 167 1210 251 1254; x_wconf 80' lang='lat' dir='ltr'>ptorasr’</span> <span class='ocrx_word' id='word_1_180' title='bbox 282 1209 305 1243; x_wconf 90' lang='lat' dir='ltr'>Et</span> <span class='ocrx_word' id='word_1_181' title='bbox 322 1209 363 1244; x_wconf 92' lang='lat' dir='ltr'>ille:</span> <span class='ocrx_word' id='word_1_182' title='bbox 379 1209 470 1242; x_wconf 87' lang='lat' dir='ltr'>‘onrem</span> <span class='ocrx_word' id='word_1_183' title='bbox 485 1209 544 1242; x_wconf 89' lang='lat' dir='ltr'>habeo</span> <span class='ocrx_word' id='word_1_184' title='bbox 559 1209 658 1252; x_wconf 82' lang='lat' dir='ltr'>leprosam,</span> <span class='ocrx_word' id='word_1_185' title='bbox 674 1214 692 1242; x_wconf 91' lang='lat' dir='ltr'>et</span> <span class='ocrx_word' id='word_1_186' title='bbox 707 1208 764 1242; x_wconf 87' lang='lat' dir='ltr'>filiam</span> <span class='ocrx_word' id='word_1_187' title='bbox 779 1209 811 1242; x_wconf 91' lang='lat' dir='ltr'>de-</span> 
     </span>
     <span class='ocr_line' id='line_1_21' title="bbox 82 1262 812 1305; baseline -0.001 -9"><span class='ocrx_word' id='word_1_188' title='bbox 82 1274 101 1295; x_wconf 75' lang='lat' dir='ltr'>ro</span> <span class='ocrx_word' id='word_1_189' title='bbox 109 1263 217 1302; x_wconf 86' lang='lat' dir='ltr'>moniacam,</span> <span class='ocrx_word' id='word_1_190' title='bbox 225 1272 272 1305; x_wconf 87' lang='lat' dir='ltr'>quas</span> <span class='ocrx_word' id='word_1_191' title='bbox 283 1262 329 1296; x_wconf 91' lang='lat' dir='ltr'>mihi</span> <span class='ocrx_word' id='word_1_192' title='bbox 340 1262 425 1296; x_wconf 90' lang='lat' dir='ltr'>dominus</span> <span class='ocrx_word' id='word_1_193' title='bbox 434 1272 499 1296; x_wconf 89' lang='lat' dir='ltr'>sanare</span> <span class='ocrx_word' id='word_1_194' title='bbox 509 1262 592 1305; x_wconf 91' lang='lat' dir='ltr'>promisit</span> <span class='ocrx_word' id='word_1_195' title='bbox 603 1272 637 1305; x_wconf 92' lang='lat' dir='ltr'>per</span> <span class='ocrx_word' id='word_1_196' title='bbox 648 1263 741 1305; x_wconf 90' lang='lat' dir='ltr'>quendam</span> <span class='ocrx_word' id='word_1_197' title='bbox 752 1267 812 1295; x_wconf 90' lang='lat' dir='ltr'>trans-</span> 
     </span>
     <span class='ocr_line' id='line_1_22' title="bbox 109 1313 811 1358; baseline -0.001 -11"><span class='ocrx_word' id='word_1_198' title='bbox 109 1314 205 1354; x_wconf 82' lang='lat' dir='ltr'>marinum,</span> <span class='ocrx_word' id='word_1_199' title='bbox 224 1324 280 1356; x_wconf 92' lang='lat' dir='ltr'>quem</span> <span class='ocrx_word' id='word_1_200' title='bbox 295 1313 355 1347; x_wconf 92' lang='lat' dir='ltr'>triduo</span> <span class='ocrx_word' id='word_1_201' title='bbox 371 1313 400 1346; x_wconf 90' lang='lat' dir='ltr'>hie</span> <span class='ocrx_word' id='word_1_202' title='bbox 415 1319 515 1356; x_wconf 81' lang='lat' dir='ltr'>expectans</span> <span class='ocrx_word' id='word_1_203' title='bbox 529 1319 626 1358; x_wconf 82' lang='lat' dir='ltr'>venturum</span> <span class='ocrx_word' id='word_1_204' title='bbox 641 1313 660 1347; x_wconf 90' lang='lat' dir='ltr'>in</span> <span class='ocrx_word' id='word_1_205' title='bbox 675 1313 723 1347; x_wconf 90' lang='lat' dir='ltr'>hunc</span> <span class='ocrx_word' id='word_1_206' title='bbox 739 1318 811 1356; x_wconf 90' lang='lat' dir='ltr'>portum</span> 
     </span>
     <span class='ocr_line' id='line_1_23' title="bbox 109 1365 812 1411; baseline -0.001 -10"><span class='ocrx_word' id='word_1_207' title='bbox 109 1368 174 1411; x_wconf 68' lang='lat' dir='ltr'>spero!</span> <span class='ocrx_word' id='word_1_208' title='bbox 197 1366 250 1401; x_wconf 88' lang='lat' dir='ltr'>Tunc</span> <span class='ocrx_word' id='word_1_209' title='bbox 258 1377 314 1411; x_wconf 87' lang='lat' dir='ltr'>super</span> <span class='ocrx_word' id='word_1_210' title='bbox 322 1377 354 1401; x_wconf 85' lang='lat' dir='ltr'>eas</span> <span class='ocrx_word' id='word_1_211' title='bbox 362 1366 442 1410; x_wconf 81' lang='lat' dir='ltr'>supplex</span> <span class='ocrx_word' id='word_1_212' title='bbox 450 1365 512 1408; x_wconf 88' lang='lat' dir='ltr'>orauit,</span> <span class='ocrx_word' id='word_1_213' title='bbox 518 1371 536 1401; x_wconf 89' lang='lat' dir='ltr'>et</span> <span class='ocrx_word' id='word_1_214' title='bbox 542 1365 614 1400; x_wconf 84' lang='lat' dir='ltr'>sanitati</span> <span class='ocrx_word' id='word_1_215' title='bbox 623 1366 706 1401; x_wconf 88' lang='lat' dir='ltr'>restituit.</span> <span class='ocrx_word' id='word_1_216' title='bbox 729 1365 812 1410; x_wconf 89' lang='lat' dir='ltr'>Reperto</span> 
     </span>
     <span class='ocr_line' id='line_1_24' title="bbox 109 1419 813 1465; baseline -0.001 -11"><span class='ocrx_word' id='word_1_217' title='bbox 109 1420 134 1454; x_wconf 91' lang='lat' dir='ltr'>ibi</span> <span class='ocrx_word' id='word_1_218' title='bbox 144 1421 185 1455; x_wconf 92' lang='lat' dir='ltr'>loeo</span> <span class='ocrx_word' id='word_1_219' title='bbox 195 1419 296 1465; x_wconf 87' lang='lat' dir='ltr'>aptissimo,</span> <span class='ocrx_word' id='word_1_220' title='bbox 307 1419 438 1453; x_wconf 90' lang='lat' dir='ltr'>monasterium</span> <span class='ocrx_word' id='word_1_221' title='bbox 447 1419 520 1453; x_wconf 92' lang='lat' dir='ltr'>nomine</span> <span class='ocrx_word' id='word_1_222' title='bbox 528 1419 595 1453; x_wconf 92' lang='lat' dir='ltr'>Dolum</span> <span class='ocrx_word' id='word_1_223' title='bbox 603 1419 709 1463; x_wconf 86' lang='lat' dir='ltr'>construxit,</span> <span class='ocrx_word' id='word_1_224' title='bbox 717 1419 747 1454; x_wconf 92' lang='lat' dir='ltr'>vbi</span> <span class='ocrx_word' id='word_1_225' title='bbox 756 1419 813 1454; x_wconf 91' lang='lat' dir='ltr'>multa</span> 
     </span>
     <span class='ocr_line' id='line_1_25' title="bbox 109 1465 811 1516; baseline -0.001 -9"><span class='ocrx_word' id='word_1_226' title='bbox 109 1474 197 1507; x_wconf 85' lang='lat' dir='ltr'>miracula</span> <span class='ocrx_word' id='word_1_227' title='bbox 212 1472 259 1512; x_wconf 85' lang='lat' dir='ltr'>fecit,</span> <span class='ocrx_word' id='word_1_228' title='bbox 275 1478 293 1507; x_wconf 90' lang='lat' dir='ltr'>et</span> <span class='ocrx_word' id='word_1_229' title='bbox 308 1483 342 1516; x_wconf 91' lang='lat' dir='ltr'>per</span> <span class='ocrx_word' id='word_1_230' title='bbox 357 1471 470 1516; x_wconf 87' lang='lat' dir='ltr'>prouinciam</span> <span class='ocrx_word' id='word_1_231' title='bbox 485 1472 562 1506; x_wconf 89' lang='lat' dir='ltr'>cenobia</span> <span class='ocrx_word' id='word_1_232' title='bbox 576 1472 671 1507; x_wconf 84' lang='lat' dir='ltr'>edificauit.</span> <span class='ocrx_word' id='word_1_233' title='bbox 722 1465 746 1506; x_wconf 91' lang='lat' dir='ltr'>In</span> <span class='ocrx_word' id='word_1_234' title='bbox 761 1471 811 1506; x_wconf 87' lang='lat' dir='ltr'>curia</span> 
     </span>
     <span class='ocr_line' id='line_1_26' title="bbox 83 1524 813 1570; baseline -0.001 -10"><span class='ocrx_word' id='word_1_235' title='bbox 83 1539 103 1569; x_wconf 73' lang='lat'>²5</span> <span class='ocrx_word' id='word_1_236' title='bbox 110 1525 159 1570; x_wconf 86' lang='lat' dir='ltr'>regis</span> <span class='ocrx_word' id='word_1_237' title='bbox 172 1524 275 1560; x_wconf 90' lang='lat' dir='ltr'>Hildeberti</span> <span class='ocrx_word' id='word_1_238' title='bbox 291 1524 376 1559; x_wconf 91' lang='lat' dir='ltr'>comitem</span> <span class='ocrx_word' id='word_1_239' title='bbox 392 1524 544 1568; x_wconf 64' lang='lat' dir='ltr'>energuminum</span> <span class='ocrx_word' id='word_1_240' title='bbox 556 1524 636 1568; x_wconf 87' lang='lat' dir='ltr'>curauit;</span> <span class='ocrx_word' id='word_1_241' title='bbox 652 1531 670 1560; x_wconf 92' lang='lat' dir='ltr'>et</span> <span class='ocrx_word' id='word_1_242' title='bbox 682 1536 723 1561; x_wconf 91' lang='lat' dir='ltr'>cum</span> <span class='ocrx_word' id='word_1_243' title='bbox 738 1524 813 1560; x_wconf 88' lang='lat' dir='ltr'>iubente</span> 
     </span>
     <span class='ocr_line' id='line_1_27' title="bbox 110 1577 812 1622; baseline -0.001 -10"><span class='ocrx_word' id='word_1_244' title='bbox 110 1578 174 1622; x_wconf 86' lang='lat' dir='ltr'>regina</span> <span class='ocrx_word' id='word_1_245' title='bbox 185 1587 278 1612; x_wconf 87' lang='lat' dir='ltr'>venenum</span> <span class='ocrx_word' id='word_1_246' title='bbox 289 1578 313 1611; x_wconf 87' lang='lat' dir='ltr'>ad</span> <span class='ocrx_word' id='word_1_247' title='bbox 326 1577 425 1611; x_wconf 91' lang='lat' dir='ltr'>bibendum</span> <span class='ocrx_word' id='word_1_248' title='bbox 438 1577 457 1610; x_wconf 91' lang='lat' dir='ltr'>in</span> <span class='ocrx_word' id='word_1_249' title='bbox 467 1577 514 1611; x_wconf 92' lang='lat' dir='ltr'>vitro</span> <span class='ocrx_word' id='word_1_250' title='bbox 526 1583 589 1612; x_wconf 88' lang='lat' dir='ltr'>sancto</span> <span class='ocrx_word' id='word_1_251' title='bbox 603 1577 690 1622; x_wconf 89' lang='lat' dir='ltr'>episcopo</span> <span class='ocrx_word' id='word_1_252' title='bbox 705 1583 755 1613; x_wconf 85' lang='lat' dir='ltr'>esset</span> <span class='ocrx_word' id='word_1_253' title='bbox 770 1587 812 1621; x_wconf 91' lang='lat' dir='ltr'>por-</span> 
     </span>
     <span class='ocr_line' id='line_1_28' title="bbox 110 1629 814 1674; baseline 0 -9"><span class='ocrx_word' id='word_1_254' title='bbox 110 1636 186 1673; x_wconf 85' lang='lat' dir='ltr'>rectum,</span> <span class='ocrx_word' id='word_1_255' title='bbox 199 1629 285 1664; x_wconf 87' lang='lat' dir='ltr'>diuinitus</span> <span class='ocrx_word' id='word_1_256' title='bbox 295 1630 329 1664; x_wconf 90' lang='lat' dir='ltr'>hoc</span> <span class='ocrx_word' id='word_1_257' title='bbox 340 1639 453 1672; x_wconf 84' lang='lat' dir='ltr'>cognoscens</span> <span class='ocrx_word' id='word_1_258' title='bbox 467 1629 540 1672; x_wconf 84' lang='lat' dir='ltr'>signum</span> <span class='ocrx_word' id='word_1_259' title='bbox 554 1630 613 1664; x_wconf 92' lang='lat' dir='ltr'>crucis</span> <span class='ocrx_word' id='word_1_260' title='bbox 626 1631 673 1665; x_wconf 90' lang='lat' dir='ltr'>vitro</span> <span class='ocrx_word' id='word_1_261' title='bbox 685 1630 783 1674; x_wconf 86' lang='lat' dir='ltr'>imposuit:</span> <span class='ocrx_word' id='word_1_262' title='bbox 796 1635 814 1665; x_wconf 87' lang='lat' dir='ltr'>et</span> 
     </span>
     <span class='ocr_line' id='line_1_29' title="bbox 110 1682 814 1728; baseline -0.001 -10"><span class='ocrx_word' id='word_1_263' title='bbox 110 1683 129 1718; x_wconf 89' lang='lat' dir='ltr'>in</span> <span class='ocrx_word' id='word_1_264' title='bbox 142 1689 205 1728; x_wconf 90' lang='lat' dir='ltr'>partes</span> <span class='ocrx_word' id='word_1_265' title='bbox 216 1688 294 1726; x_wconf 90' lang='lat' dir='ltr'>quatuor</span> <span class='ocrx_word' id='word_1_266' title='bbox 305 1683 381 1726; x_wconf 84' lang='lat' dir='ltr'>crepuit,</span> <span class='ocrx_word' id='word_1_267' title='bbox 393 1687 411 1717; x_wconf 92' lang='lat' dir='ltr'>et</span> <span class='ocrx_word' id='word_1_268' title='bbox 423 1682 481 1717; x_wconf 85' lang='lat' dir='ltr'>effuso</span> <span class='ocrx_word' id='word_1_269' title='bbox 493 1693 549 1727; x_wconf 86' lang='lat' dir='ltr'>super</span> <span class='ocrx_word' id='word_1_270' title='bbox 560 1694 634 1718; x_wconf 88' lang='lat' dir='ltr'>manum</span> <span class='ocrx_word' id='word_1_271' title='bbox 646 1683 726 1718; x_wconf 88' lang='lat' dir='ltr'>tenentis</span> <span class='ocrx_word' id='word_1_272' title='bbox 736 1694 814 1725; x_wconf 85' lang='lat' dir='ltr'>veneno,</span> 
     </span>
     <span class='ocr_line' id='line_1_30' title="bbox 110 1735 813 1779; baseline 0 -9"><span class='ocrx_word' id='word_1_273' title='bbox 110 1737 180 1770; x_wconf 90' lang='lat' dir='ltr'>cunctis</span> <span class='ocrx_word' id='word_1_274' title='bbox 191 1735 304 1769; x_wconf 86' lang='lat' dir='ltr'>intuentibus</span> <span class='ocrx_word' id='word_1_275' title='bbox 315 1747 374 1779; x_wconf 89' lang='lat' dir='ltr'>vsque</span> <span class='ocrx_word' id='word_1_276' title='bbox 390 1736 413 1768; x_wconf 94' lang='lat' dir='ltr'>ad</span> <span class='ocrx_word' id='word_1_277' title='bbox 426 1747 469 1769; x_wconf 88' lang='lat' dir='ltr'>ossa</span> <span class='ocrx_word' id='word_1_278' title='bbox 481 1746 555 1769; x_wconf 87' lang='lat' dir='ltr'>corrosa</span> <span class='ocrx_word' id='word_1_279' title='bbox 566 1741 593 1769; x_wconf 88' lang='lat' dir='ltr'>est</span> <span class='ocrx_word' id='word_1_280' title='bbox 605 1737 651 1770; x_wconf 92' lang='lat' dir='ltr'>cutis</span> <span class='ocrx_word' id='word_1_281' title='bbox 663 1741 681 1771; x_wconf 91' lang='lat' dir='ltr'>et</span> <span class='ocrx_word' id='word_1_282' title='bbox 692 1748 738 1770; x_wconf 87' lang='lat' dir='ltr'>caro.</span> <span class='ocrx_word' id='word_1_283' title='bbox 761 1737 813 1770; x_wconf 89' lang='lat' dir='ltr'>Tunc</span> 
     </span>
     <span class='ocr_line' id='line_1_31' title="bbox 82 1788 813 1834; baseline 0.001 -11"><span class='ocrx_word' id='word_1_284' title='bbox 82 1803 102 1832; x_wconf 77' lang='lat'>30</span> <span class='ocrx_word' id='word_1_285' title='bbox 111 1790 204 1834; x_wconf 88' lang='lat' dir='ltr'>Sampson</span> <span class='ocrx_word' id='word_1_286' title='bbox 223 1788 258 1823; x_wconf 85' lang='lat' dir='ltr'>ait:</span> <span class='ocrx_word' id='word_1_287' title='bbox 276 1789 328 1823; x_wconf 66' lang='lat' dir='ltr'>‘Non</span> <span class='ocrx_word' id='word_1_288' title='bbox 343 1793 371 1822; x_wconf 92' lang='lat' dir='ltr'>est</span> <span class='ocrx_word' id='word_1_289' title='bbox 386 1788 499 1822; x_wconf 88' lang='lat' dir='ltr'>conueniens</span> <span class='ocrx_word' id='word_1_290' title='bbox 514 1788 549 1822; x_wconf 84' lang='lat' dir='ltr'>hoc</span> <span class='ocrx_word' id='word_1_291' title='bbox 564 1789 650 1832; x_wconf 86' lang='lat' dir='ltr'>poculum</span> <span class='ocrx_word' id='word_1_292' title='bbox 665 1789 688 1823; x_wconf 92' lang='lat' dir='ltr'>ad</span> <span class='ocrx_word' id='word_1_293' title='bbox 702 1789 813 1824; x_wconf 86' lang='lat' dir='ltr'>bibendum.¹</span> 
     </span>
     <span class='ocr_line' id='line_1_32' title="bbox 110 1840 814 1886; baseline 0 -9"><span class='ocrx_word' id='word_1_294' title='bbox 110 1843 191 1877; x_wconf 86' lang='lat' dir='ltr'>Turbato</span> <span class='ocrx_word' id='word_1_295' title='bbox 206 1853 250 1886; x_wconf 86' lang='lat' dir='ltr'>rege</span> <span class='ocrx_word' id='word_1_296' title='bbox 265 1853 307 1876; x_wconf 90' lang='lat' dir='ltr'>cum</span> <span class='ocrx_word' id='word_1_297' title='bbox 322 1853 359 1886; x_wconf 93' lang='lat' dir='ltr'>quo</span> <span class='ocrx_word' id='word_1_298' title='bbox 372 1841 401 1876; x_wconf 91' lang='lat' dir='ltr'>vir</span> <span class='ocrx_word' id='word_1_299' title='bbox 417 1846 491 1875; x_wconf 90' lang='lat' dir='ltr'>sanctus</span> <span class='ocrx_word' id='word_1_300' title='bbox 505 1840 524 1874; x_wconf 89' lang='lat' dir='ltr'>in</span> <span class='ocrx_word' id='word_1_301' title='bbox 540 1851 604 1875; x_wconf 85' lang='lat' dir='ltr'>mensa</span> <span class='ocrx_word' id='word_1_302' title='bbox 619 1843 699 1883; x_wconf 86' lang='lat' dir='ltr'>sedebat,</span> <span class='ocrx_word' id='word_1_303' title='bbox 712 1847 730 1876; x_wconf 89' lang='lat' dir='ltr'>et</span> <span class='ocrx_word' id='word_1_304' title='bbox 744 1844 814 1877; x_wconf 86' lang='lat' dir='ltr'>cunctis</span> 
     </span>
     <span class='ocr_line' id='line_1_33' title="bbox 110 1893 814 1937; baseline 0 -9"><span class='ocrx_word' id='word_1_305' title='bbox 110 1894 247 1936; x_wconf 89' lang='lat' dir='ltr'>admirantibus,</span> <span class='ocrx_word' id='word_1_306' title='bbox 256 1904 331 1927; x_wconf 84' lang='lat' dir='ltr'>manum</span> <span class='ocrx_word' id='word_1_307' title='bbox 339 1894 373 1927; x_wconf 89' lang='lat' dir='ltr'>lesi</span> <span class='ocrx_word' id='word_1_308' title='bbox 381 1893 465 1937; x_wconf 85' lang='lat' dir='ltr'>signauit,</span> <span class='ocrx_word' id='word_1_309' title='bbox 473 1898 491 1927; x_wconf 88' lang='lat' dir='ltr'>et</span> <span class='ocrx_word' id='word_1_310' title='bbox 499 1903 563 1926; x_wconf 87' lang='lat' dir='ltr'>sanam</span> <span class='ocrx_word' id='word_1_311' title='bbox 572 1893 654 1928; x_wconf 88' lang='lat' dir='ltr'>reddidit.</span> <span class='ocrx_word' id='word_1_312' title='bbox 677 1894 763 1928; x_wconf 88' lang='lat' dir='ltr'>Indurata</span> <span class='ocrx_word' id='word_1_313' title='bbox 770 1905 814 1929; x_wconf 92' lang='lat' dir='ltr'>vero</span> 
     </span>
     <span class='ocr_line' id='line_1_34' title="bbox 110 1945 814 1991; baseline 0 -10"><span class='ocrx_word' id='word_1_314' title='bbox 110 1947 173 1991; x_wconf 85' lang='lat' dir='ltr'>regina</span> <span class='ocrx_word' id='word_1_315' title='bbox 185 1957 222 1981; x_wconf 83' lang='lat' dir='ltr'>non</span> <span class='ocrx_word' id='word_1_316' title='bbox 235 1946 313 1981; x_wconf 92' lang='lat' dir='ltr'>multum</span> <span class='ocrx_word' id='word_1_317' title='bbox 326 1951 368 1991; x_wconf 81' lang='lat' dir='ltr'>post</span> <span class='ocrx_word' id='word_1_318' title='bbox 380 1951 444 1980; x_wconf 86' lang='lat' dir='ltr'>contra</span> <span class='ocrx_word' id='word_1_319' title='bbox 456 1945 516 1979; x_wconf 88' lang='lat' dir='ltr'>virum</span> <span class='ocrx_word' id='word_1_320' title='bbox 527 1946 557 1979; x_wconf 92' lang='lat' dir='ltr'>dei</span> <span class='ocrx_word' id='word_1_321' title='bbox 570 1947 642 1981; x_wconf 89' lang='lat' dir='ltr'>leonem</span> <span class='ocrx_word' id='word_1_322' title='bbox 656 1947 736 1981; x_wconf 87' lang='lat' dir='ltr'>ferocem</span> <span class='ocrx_word' id='word_1_323' title='bbox 747 1947 814 1981; x_wconf 91' lang='lat' dir='ltr'>dimitti</span> 
     </span>
     <span class='ocr_line' id='line_1_35' title="bbox 110 1998 813 2043; baseline 0 -7"><span class='ocrx_word' id='word_1_324' title='bbox 110 2001 173 2037; x_wconf 84' lang='lat' dir='ltr'>iussit:</span> <span class='ocrx_word' id='word_1_325' title='bbox 190 2000 224 2036; x_wconf 88' lang='lat' dir='ltr'>sed</span> <span class='ocrx_word' id='word_1_326' title='bbox 236 2000 313 2036; x_wconf 86' lang='lat' dir='ltr'>electum</span> <span class='ocrx_word' id='word_1_327' title='bbox 327 1999 357 2035; x_wconf 88' lang='lat' dir='ltr'>dci</span> <span class='ocrx_word' id='word_1_328' title='bbox 369 2000 428 2035; x_wconf 87' lang='lat' dir='ltr'>virtus</span> <span class='ocrx_word' id='word_1_329' title='bbox 441 1998 509 2034; x_wconf 89' lang='lat' dir='ltr'>Christi</span> <span class='ocrx_word' id='word_1_330' title='bbox 520 1999 605 2043; x_wconf 81' lang='lat' dir='ltr'>protexit,</span> <span class='ocrx_word' id='word_1_331' title='bbox 617 2005 635 2034; x_wconf 91' lang='lat' dir='ltr'>et</span> <span class='ocrx_word' id='word_1_332' title='bbox 647 2000 702 2036; x_wconf 91' lang='lat' dir='ltr'>veluti</span> <span class='ocrx_word' id='word_1_333' title='bbox 715 2006 769 2036; x_wconf 88' lang='lat' dir='ltr'>conto</span> <span class='ocrx_word' id='word_1_334' title='bbox 784 2001 813 2036; x_wconf 89' lang='lat' dir='ltr'>leo</span> 
     </span>
     <span class='ocr_line' id='line_1_36' title="bbox 83 2052 812 2098; baseline -0.001 -10"><span class='ocrx_word' id='word_1_335' title='bbox 83 2066 103 2098; x_wconf 72' lang='lat'>55</span> <span class='ocrx_word' id='word_1_336' title='bbox 111 2064 210 2098; x_wconf 86' lang='lat' dir='ltr'>percussus</span> <span class='ocrx_word' id='word_1_337' title='bbox 222 2053 241 2086; x_wconf 88' lang='lat' dir='ltr'>in</span> <span class='ocrx_word' id='word_1_338' title='bbox 252 2052 314 2097; x_wconf 85' lang='lat' dir='ltr'>sugam</span> <span class='ocrx_word' id='word_1_339' title='bbox 328 2064 348 2087; x_wconf 94' lang='lat' dir='ltr'>se</span> <span class='ocrx_word' id='word_1_340' title='bbox 360 2052 454 2087; x_wconf 90' lang='lat' dir='ltr'>conuertit.</span> <span class='ocrx_word' id='word_1_341' title='bbox 478 2052 501 2086; x_wconf 87' lang='lat' dir='ltr'>Et</span> <span class='ocrx_word' id='word_1_342' title='bbox 514 2053 539 2086; x_wconf 84' lang='lat' dir='ltr'>ait</span> <span class='ocrx_word' id='word_1_343' title='bbox 554 2057 638 2087; x_wconf 80' lang='lat' dir='ltr'>sanctus:</span> <span class='ocrx_word' id='word_1_344' title='bbox 651 2054 736 2097; x_wconf 87' lang='lat' dir='ltr'>‘impero</span> <span class='ocrx_word' id='word_1_345' title='bbox 748 2053 781 2087; x_wconf 90' lang='lat' dir='ltr'>tibi</span> <span class='ocrx_word' id='word_1_346' title='bbox 793 2054 812 2087; x_wconf 89' lang='lat' dir='ltr'>in</span> 
     </span>
     <span class='ocr_line' id='line_1_37' title="bbox 111 2104 812 2150; baseline 0 -10"><span class='ocrx_word' id='word_1_347' title='bbox 111 2107 186 2140; x_wconf 88' lang='lat' dir='ltr'>nomine</span> <span class='ocrx_word' id='word_1_348' title='bbox 202 2105 257 2140; x_wconf 76' lang='lat' dir='ltr'>ihesu</span> <span class='ocrx_word' id='word_1_349' title='bbox 273 2105 346 2148; x_wconf 89' lang='lat' dir='ltr'>Christi,</span> <span class='ocrx_word' id='word_1_350' title='bbox 359 2117 383 2139; x_wconf 91' lang='lat' dir='ltr'>ne</span> <span class='ocrx_word' id='word_1_351' title='bbox 398 2105 483 2150; x_wconf 89' lang='lat' dir='ltr'>cuiquam</span> <span class='ocrx_word' id='word_1_352' title='bbox 498 2104 577 2149; x_wconf 88' lang='lat' dir='ltr'>amplius</span> <span class='ocrx_word' id='word_1_353' title='bbox 592 2116 665 2148; x_wconf 87' lang='lat' dir='ltr'>noceas,</span> <span class='ocrx_word' id='word_1_354' title='bbox 677 2107 710 2141; x_wconf 91' lang='lat' dir='ltr'>sed</span> <span class='ocrx_word' id='word_1_355' title='bbox 724 2106 812 2141; x_wconf 84' lang='lat' dir='ltr'>velociter</span> 
     </span>
     <span class='ocr_line' id='line_1_38' title="bbox 111 2157 814 2202; baseline 0.001 -10"><span class='ocrx_word' id='word_1_356' title='bbox 111 2160 187 2202; x_wconf 67' lang='lat' dir='ltr'>pereas?</span> <span class='ocrx_word' id='word_1_357' title='bbox 211 2158 247 2198; x_wconf 86' lang='lat' dir='ltr'>Qui</span> <span class='ocrx_word' id='word_1_358' title='bbox 259 2160 320 2192; x_wconf 90' lang='lat' dir='ltr'>statim</span> <span class='ocrx_word' id='word_1_359' title='bbox 333 2159 400 2192; x_wconf 90' lang='lat' dir='ltr'>saltum</span> <span class='ocrx_word' id='word_1_360' title='bbox 414 2159 460 2191; x_wconf 90' lang='lat' dir='ltr'>dans</span> <span class='ocrx_word' id='word_1_361' title='bbox 473 2157 588 2200; x_wconf 83' lang='lat' dir='ltr'>precipitem,</span> <span class='ocrx_word' id='word_1_362' title='bbox 602 2159 703 2202; x_wconf 83' lang='lat' dir='ltr'>expirauit;</span> <span class='ocrx_word' id='word_1_363' title='bbox 719 2165 738 2193; x_wconf 91' lang='lat' dir='ltr'>et</span> <span class='ocrx_word' id='word_1_364' title='bbox 751 2159 814 2202; x_wconf 84' lang='lat' dir='ltr'>regina</span> 
     </span>
     <span class='ocr_line' id='line_1_39' title="bbox 112 2209 815 2255; baseline 0 -11"><span class='ocrx_word' id='word_1_365' title='bbox 112 2221 154 2244; x_wconf 89' lang='lat' dir='ltr'>cum</span> <span class='ocrx_word' id='word_1_366' title='bbox 162 2210 202 2244; x_wconf 92' lang='lat' dir='ltr'>suis</span> <span class='ocrx_word' id='word_1_367' title='bbox 210 2209 309 2243; x_wconf 82' lang='lat' dir='ltr'>fautoribus</span> <span class='ocrx_word' id='word_1_368' title='bbox 317 2210 426 2254; x_wconf 89' lang='lat' dir='ltr'>Sampsonis</span> <span class='ocrx_word' id='word_1_369' title='bbox 436 2209 515 2253; x_wconf 92' lang='lat' dir='ltr'>pedibus</span> <span class='ocrx_word' id='word_1_370' title='bbox 525 2215 616 2253; x_wconf 89' lang='lat' dir='ltr'>prostrata</span> <span class='ocrx_word' id='word_1_371' title='bbox 627 2212 700 2246; x_wconf 88' lang='lat' dir='ltr'>veniam</span> <span class='ocrx_word' id='word_1_372' title='bbox 710 2211 815 2255; x_wconf 88' lang='lat' dir='ltr'>postulauit.</span> 
     </span>
     <span class='ocr_line' id='line_1_40' title="bbox 113 2256 815 2308; baseline 0.001 -10"><span class='ocrx_word' id='word_1_373' title='bbox 113 2256 168 2298; x_wconf 84' lang='lat' dir='ltr'>quta</span> <span class='ocrx_word' id='word_1_374' title='bbox 181 2263 282 2297; x_wconf 72' lang='lat' dir='ltr'>Secanam⁶</span> <span class='ocrx_word' id='word_1_375' title='bbox 293 2263 316 2296; x_wconf 88' lang='lat' dir='ltr'>ad</span> <span class='ocrx_word' id='word_1_376' title='bbox 328 2274 393 2306; x_wconf 89' lang='lat' dir='ltr'>preces</span> <span class='ocrx_word' id='word_1_377' title='bbox 408 2263 457 2307; x_wconf 86' lang='lat' dir='ltr'>regis</span> <span class='ocrx_word' id='word_1_378' title='bbox 473 2267 584 2306; x_wconf 85' lang='lat' dir='ltr'>serpentem,</span> <span class='ocrx_word' id='word_1_379' title='bbox 600 2264 677 2308; x_wconf 88' lang='lat' dir='ltr'>patriam</span> <span class='ocrx_word' id='word_1_380' title='bbox 692 2265 815 2306; x_wconf 82' lang='lat' dir='ltr'>infestantem,</span> 
     </span>
     <span class='ocr_line' id='line_1_41' title="bbox 84 2316 815 2365; baseline 0.003 -15"><span class='ocrx_word' id='word_1_381' title='bbox 84 2334 104 2365; x_wconf 76' lang='lat'>40</span> <span class='ocrx_word' id='word_1_382' title='bbox 112 2318 152 2351; x_wconf 91' lang='lat' dir='ltr'>solo</span> <span class='ocrx_word' id='word_1_383' title='bbox 162 2327 249 2351; x_wconf 89' lang='lat' dir='ltr'>sermone</span> <span class='ocrx_word' id='word_1_384' title='bbox 258 2316 327 2358; x_wconf 87' lang='lat' dir='ltr'>occidit,</span> <span class='ocrx_word' id='word_1_385' title='bbox 335 2322 353 2350; x_wconf 91' lang='lat' dir='ltr'>et</span> <span class='ocrx_word' id='word_1_386' title='bbox 365 2317 496 2350; x_wconf 86' lang='lat' dir='ltr'>monasterium</span> <span class='ocrx_word' id='word_1_387' title='bbox 508 2316 574 2350; x_wconf 89' lang='lat' dir='ltr'>ibidem</span> <span class='ocrx_word' id='word_1_388' title='bbox 587 2318 692 2352; x_wconf 84' lang='lat' dir='ltr'>construxit.</span> <span class='ocrx_word' id='word_1_389' title='bbox 715 2318 774 2352; x_wconf 91' lang='lat' dir='ltr'>Biduo</span> <span class='ocrx_word' id='word_1_390' title='bbox 782 2329 815 2352; x_wconf 91' lang='lat' dir='ltr'>seu</span> 
     </span>
     <span class='ocr_line' id='line_1_42' title="bbox 112 2370 816 2414; baseline 0.001 -10"><span class='ocrx_word' id='word_1_391' title='bbox 112 2371 177 2413; x_wconf 91' lang='lat' dir='ltr'>triduo,</span> <span class='ocrx_word' id='word_1_392' title='bbox 188 2375 206 2403; x_wconf 94' lang='lat' dir='ltr'>et</span> <span class='ocrx_word' id='word_1_393' title='bbox 216 2370 325 2414; x_wconf 87' lang='lat' dir='ltr'>quandoque</span> <span class='ocrx_word' id='word_1_394' title='bbox 338 2370 416 2414; x_wconf 89' lang='lat' dir='ltr'>septimo</span> <span class='ocrx_word' id='word_1_395' title='bbox 427 2371 456 2404; x_wconf 90' lang='lat' dir='ltr'>die</span> <span class='ocrx_word' id='word_1_396' title='bbox 468 2380 489 2404; x_wconf 89' lang='lat' dir='ltr'>se</span> <span class='ocrx_word' id='word_1_397' title='bbox 501 2370 573 2413; x_wconf 81' lang='lat' dir='ltr'>refecit3</span> <span class='ocrx_word' id='word_1_398' title='bbox 586 2376 649 2407; x_wconf 90' lang='lat' dir='ltr'>noctes</span> <span class='ocrx_word' id='word_1_399' title='bbox 662 2372 774 2406; x_wconf 91' lang='lat' dir='ltr'>orationibus</span> <span class='ocrx_word' id='word_1_400' title='bbox 786 2382 816 2406; x_wconf 90' lang='lat' dir='ltr'>as·</span> 
     </span>
     <span class='ocr_line' id='line_1_43' title="bbox 112 2421 815 2466; baseline 0.003 -9"><span class='ocrx_word' id='word_1_401' title='bbox 112 2423 169 2457; x_wconf 89' lang='lat' dir='ltr'>siduis</span> <span class='ocrx_word' id='word_1_402' title='bbox 183 2423 248 2457; x_wconf 85' lang='lat' dir='ltr'>stando</span> <span class='ocrx_word' id='word_1_403' title='bbox 259 2421 367 2466; x_wconf 92' lang='lat' dir='ltr'>insompnes</span> <span class='ocrx_word' id='word_1_404' title='bbox 378 2424 461 2456; x_wconf 78' lang='lat' dir='ltr'>ducebat,</span> <span class='ocrx_word' id='word_1_405' title='bbox 485 2423 507 2456; x_wconf 93' lang='lat' dir='ltr'>In</span> <span class='ocrx_word' id='word_1_406' title='bbox 519 2424 611 2457; x_wconf 88' lang='lat' dir='ltr'>remotiori</span> <span class='ocrx_word' id='word_1_407' title='bbox 625 2425 665 2459; x_wconf 89' lang='lat' dir='ltr'>loco</span> <span class='ocrx_word' id='word_1_408' title='bbox 677 2427 700 2459; x_wconf 87' lang='lat' dir='ltr'>ab</span> <span class='ocrx_word' id='word_1_409' title='bbox 710 2425 815 2458; x_wconf 87' lang='lat' dir='ltr'>hominibus</span> 
     </span>
     <span class='ocr_line' id='line_1_44' title="bbox 112 2474 816 2522; baseline -0.001 -12"><span class='ocrx_word' id='word_1_410' title='bbox 112 2476 131 2510; x_wconf 91' lang='lat' dir='ltr'>in</span> <span class='ocrx_word' id='word_1_411' title='bbox 144 2474 284 2520; x_wconf 84' lang='lat' dir='ltr'>quadragesima</span> <span class='ocrx_word' id='word_1_412' title='bbox 296 2479 409 2519; x_wconf 86' lang='lat' dir='ltr'>segregatus,</span> <span class='ocrx_word' id='word_1_413' title='bbox 423 2475 523 2510; x_wconf 90' lang='lat' dir='ltr'>oblationes</span> <span class='ocrx_word' id='word_1_414' title='bbox 534 2480 572 2509; x_wconf 85' lang='lat' dir='ltr'>tres</span> <span class='ocrx_word' id='word_1_415' title='bbox 588 2488 650 2511; x_wconf 87' lang='lat' dir='ltr'>secum</span> <span class='ocrx_word' id='word_1_416' title='bbox 663 2482 744 2522; x_wconf 86' lang='lat' dir='ltr'>portans,</span> <span class='ocrx_word' id='word_1_417' title='bbox 757 2487 816 2521; x_wconf 91' lang='lat' dir='ltr'>vsque</span> 
     </span>
    </p>
   </div>
   <div class='ocr_carea' id='block_1_3' title="bbox 111 2553 818 2634">
    <p class='ocr_par' dir='ltr' id='par_1_3' title="bbox 111 2553 818 2634">
     <span class='ocr_line' id='line_1_45' title="bbox 111 2553 818 2626; baseline 0 -40"><span class='ocrx_word' id='word_1_418' title='bbox 111 2596 117 2615; x_wconf 39' lang='grc' dir='ltr'>ὓ</span> <span class='ocrx_word' id='word_1_419' title='bbox 127 2554 196 2626; x_wconf 38' lang='lat' dir='ltr'>eleusi),</span> <span class='ocrx_word' id='word_1_420' title='bbox 205 2564 236 2587; x_wconf 83' lang='lat' dir='ltr'>orn.</span> <span class='ocrx_word' id='word_1_421' title='bbox 244 2553 260 2585; x_wconf 94' lang='lat' dir='ltr'>in</span> <span class='ocrx_word' id='word_1_422' title='bbox 268 2553 286 2586; x_wconf 90' lang='lat' dir='ltr'>E.</span> <span class='ocrx_word' id='word_1_423' title='bbox 317 2553 453 2588; x_wconf 73' lang='lat' dir='ltr'>²T.lineazona.</span> <span class='ocrx_word' id='word_1_424' title='bbox 488 2553 525 2587; x_wconf 79' lang='lat' dir='ltr'>³sc.</span> <span class='ocrx_word' id='word_1_425' title='bbox 533 2554 617 2587; x_wconf 79' lang='lat' dir='ltr'>Armorica</span> <span class='ocrx_word' id='word_1_426' title='bbox 650 2556 818 2588; x_wconf 70' lang='lat' dir='ltr'>⁴=daemontacumr</span> 
     </span>
     <span class='ocr_line' id='line_1_46' title="bbox 142 2601 246 2634; baseline -0.019 -8"><span class='ocrx_word' id='word_1_427' title='bbox 142 2601 158 2626; x_wconf 86' lang='lat' dir='ltr'>it.</span> <span class='ocrx_word' id='word_1_428' title='bbox 179 2605 246 2634; x_wconf 81' lang='lat' dir='ltr'>igonam.</span> 
     </span>
    </p>
   </div>
   <div class='ocr_carea' id='block_1_4' title="bbox 0 0 892 2803">
    <p class='ocr_par' dir='ltr' id='par_1_4' title="bbox 0 0 892 2803">
     <span class='ocr_line' id='line_1_47' title="bbox 0 0 892 2803; baseline 0 0"><span class='ocrx_word' id='word_1_429' title='bbox 0 0 892 2803; x_wconf 95' lang='lat' dir='ltr'> </span> 
     </span>
    </p>
   </div>
  </div>
 </body>
</html>
