1762 2803
236 103 282 159 Dr
297 101 396 155 sancto
412 102 535 155 titiniano.
689 114 733 159 223

32 230 117 260 uentum:
134 226 236 269 eodemque
253 230 346 258 momento
363 225 452 268 temporis
468 230 486 259 et
502 224 630 267 cogitationem
649 222 734 267 deposuit

32 283 51 310 et
61 278 146 321 ymbrem
158 277 259 320 suspendit.
305 269 373 310 Plures
384 276 454 311 interea
466 281 503 310 tam
515 275 587 310 nobiles
598 286 653 320 quarn
665 275 734 309 medio-

33 330 78 371 cr'es,
90 328 138 363 filios
149 339 193 364 suos
204 328 243 363 viro
255 334 318 363 sancto
329 329 387 363 sacris
400 329 457 365 literis
470 330 544 365 tradunt
555 329 676 363 imbuendos:
688 338 735 372 quos

33 382 109 416 scientia
120 382 219 424 erudiebat,
231 382 313 416 moribus
323 381 437 424 informabat,
447 381 515 417 salubri
527 381 622 426 disciplina
633 380 676 416 vitia
686 391 735 415 coer-

33 446 83 477 cenS,
90 436 155 477 sobrie,
162 435 198 479 pie,
206 440 224 469 et
232 435 280 470 iuste
285 435 348 469 viuere
353 435 454 470 insinuans.
493 428 579 477 Deliquit
584 434 682 477 aliquando
687 444 736 467 vnus
744 441 753 468 5

33 499 57 520 ex
70 488 165 531 discipulis
177 487 234 520 sancti
245 487 285 529 viri,
297 491 315 520 et
326 486 394 521 timens
405 486 525 530 disciplinam,
538 486 589 530 [fugit
601 486 639 530 et]¹
650 486 736 520 baculum

34 540 91 574 sancti
99 540 139 581 viri,
147 540 176 573 cui
186 540 255 574 solebat
263 538 321 581 inniti,
329 550 393 573 secum
401 545 495 585 asportare
503 550 540 574 non
548 539 612 574 timuit.
635 539 658 573 Et
667 540 737 574 intrans

34 592 129 637 paruulam
135 592 242 635 nauiculam,
248 593 308 628 ventis
314 593 424 628 irruentibus
430 593 481 638 quasi
487 594 547 628 subito
552 593 624 637 longius
629 592 648 627 in
655 593 700 628 mari
705 594 737 627 de·

35 648 105 688 ductus,
112 647 155 691 qnid
161 652 229 691 ageret,
234 658 271 690 quo
278 646 313 690 [se]
318 646 324 666 ²
329 652 409 681 verteret
416 647 508 690 ignorans,
515 646 533 681 in
542 657 563 681 se
572 656 659 680 reuersus
666 651 737 680 reatum

35 700 214 742 confitetur,veniam
220 700 306 744 postulat,
313 699 386 733 Niniani
392 700 460 734 sanctis
466 698 537 734 meritis
543 699 625 733 diuinum
632 699 666 733 sibi
671 700 737 732 adesse
747 706 766 727 10

35 752 122 786 auxilium
135 759 226 795 precatur.
249 753 271 785 In
284 763 321 785 vno
337 752 446 785 foraminum
462 751 546 786 baculum
562 751 644 795 episcopi
657 751 707 785 fixit:
720 755 738 784 ct

36 814 79 837 mox
94 804 117 838 ad
131 804 190 838 baculi
202 809 269 838 tactum
282 809 348 838 ventus
362 804 385 837 ab
398 805 469 839 oriente
483 813 575 848 exurgens
586 803 690 838 nauiculam
702 802 738 837 leni

36 857 90 901 pulsu
96 857 184 901 portabat.
197 856 327 902 Baculus⁵pro
333 857 374 891 velo
380 863 456 893 ventum
462 857 570 902 excipiebat,
575 868 609 902 pro
615 857 739 901 gubernaculo

36 922 103 944 nauem
110 912 190 955 regebat.
214 911 237 944 Et
246 911 350 945 ascendens
359 911 468 945 adolescens
477 912 495 944 in
504 916 578 952 terram,
586 909 644 945 sancti
654 910 739 945 baculum

36 963 55 997 in
63 964 124 998 littore
131 964 175 1004 fixit,
184 974 251 1008 rogans
262 964 317 998 deum
327 969 346 998 vt
358 963 376 998 in
388 963 513 998 testimonium
524 963 568 997 tanti
579 963 667 1006 miraculi,
676 963 739 998 missis
748 971 766 1000 15

36 1017 128 1051 radicibus
147 1018 261 1060 humoreque
277 1022 340 1050 contra
359 1022 443 1050 naturam
458 1022 533 1061 recepto
548 1026 611 1051 ramos
628 1016 739 1060 frondesque

37 1070 150 1113 produceret.
174 1069 212 1103 Nec
224 1080 281 1110 mora,
291 1069 360 1113 lignum
370 1069 441 1104 aridum
453 1069 543 1112 porrectis
554 1069 650 1108 radicibus,
661 1074 680 1102 et
692 1080 739 1102 nouo

38 1134 58 1156 se
68 1122 135 1156 cortice
144 1123 231 1164 vestiens,
242 1122 317 1157 frondes
328 1132 425 1167 ramosque
436 1121 526 1167 produxit,
537 1122 566 1156 et*
577 1122 595 1156 in
607 1122 691 1156 arborem
702 1133 739 1156 non

38 1175 127 1209 modicam
138 1186 230 1218 crescens,
238 1176 323 1210 virtutem
334 1175 408 1209 Niniani
418 1177 473 1209 etiam
483 1186 532 1210 nnnc
542 1176 611 1210 cunctis
622 1176 739 1209 cernentibus

38 1229 127 1272 patefacit.
149 1228 240 1262 Adiicitur
251 1229 328 1272 insuper
340 1228 428 1262 miraculo
441 1228 559 1264 miraculum:
571 1239 614 1263 narn
625 1229 648 1263 ad
660 1228 740 1263 radicem
749 1238 768 1260 ιο

38 1282 108 1316 arboris
125 1282 166 1316 fons
182 1281 270 1325 limpidus
288 1292 389 1325 erumpens
407 1281 486 1315 riuulum
505 1283 559 1314 ductu
578 1282 655 1324 longiori
674 1281 741 1321 emisit,

38 1334 117 1368 infirmis
129 1335 152 1368 ob
164 1334 222 1368 sancti
232 1333 296 1367 merita
306 1334 369 1367 utilem
382 1338 400 1367 et
412 1333 510 1367 salubrem.
556 1326 602 1368 Hns
613 1339 668 1377 atque
679 1333 741 1367 huius-

39 1386 88 1420 modi
107 1386 199 1420 miraeulis
218 1386 282 1422 beatus
298 1386 389 1421 Ninianus
407 1385 515 1421 mirabiliter
529 1385 608 1431 fulgens,
623 1397 644 1422 ac
663 1387 741 1421 summis

38 1440 137 1475 virtutibus
155 1440 233 1485 pollens,
248 1441 272 1475 ad
288 1440 337 1475 diem
352 1440 452 1475 vocationis
468 1451 502 1474 sue
518 1439 565 1474 felici
581 1451 636 1475 cursu
652 1441 742 1485 peruenit.

40 1494 107 1538 Sicque
125 1494 162 1528 vita
180 1494 278 1537 perfectus,
294 1499 341 1527 etate
359 1499 448 1533 maturus
465 1493 590 1527 sextodecimo
609 1494 644 1527 kal.
663 1493 742 1527 octobris
751 1505 769 1533 25

40 1546 113 1580 celestia
131 1546 209 1579 feliciter
225 1545 356 1588 conscendit³;
376 1546 497 1589 sepultusque
516 1550 544 1579 est
561 1545 579 1579 in
599 1545 676 1580 ecclesia
694 1546 742 1579 beati

41 1598 114 1632 Martini
133 1609 187 1643 quarn
205 1599 246 1643 ipse
263 1609 273 1633 a
291 1597 416 1633 fundamentis
435 1603 568 1631 construxerat.
619 1590 700 1632 Cuidam
719 1600 743 1632 de

40 1652 94 1695 plebe
115 1651 138 1685 de
157 1661 215 1685 vxore
235 1651 311 1695 propria
330 1656 384 1685 natus
401 1657 429 1685 est
449 1651 498 1685 filius
516 1650 632 1692 miserabilis,
649 1652 743 1696 Vtriusque

40 1704 122 1748 parentis
137 1704 194 1746 dolor,
209 1703 268 1748 plebis
283 1703 385 1745 admiratio,
397 1704 506 1739 intuentium
524 1704 593 1746 horror,
607 1715 663 1748 quern
680 1711 744 1739 contra

41 1763 124 1791 naturam
135 1763 199 1791 natura
210 1756 326 1799 formauerat,
334 1757 419 1791 omnibus
429 1757 518 1791 membris
529 1759 547 1791 in
560 1758 671 1792 contrarium
678 1758 743 1794 versis.
752 1766 771 1796 30

42 1810 160 1845 Retrouersis
174 1821 254 1854 namque
269 1811 337 1855 pedum
352 1811 438 1850 articulis,
453 1810 484 1844 tali
499 1810 593 1845 anterius⁶
604 1812 743 1855 prominebant,

41 1864 117 1898 dorsum
124 1863 181 1897 vultui
189 1863 292 1905 coherebat,
300 1863 482 1907 pectusvicinabatur
489 1864 566 1908 occipiti,
574 1865 654 1899 curuatis
665 1866 744 1900 brachiis

42 1927 108 1950 manus
116 1916 180 1950 cubitis
187 1915 295 1950 insidebant.
319 1915 391 1950 lacebat
399 1915 429 1949 illa
436 1915 508 1959 effigies
516 1917 544 1950 cui
553 1917 594 1951 data
603 1917 674 1952 inerant
685 1929 742 1953 mem·

43 1970 81 2003 bra
90 1969 130 2003 sine
144 1980 184 2010 vsu,
197 1970 234 2002 vita
249 1969 289 2002 sine
304 1968 368 2009 fructu,
380 1970 409 2002 cui
424 1970 500 2002 artubus
515 1970 581 2002 ceteris
596 1969 690 2005 dissolutis
705 1972 744 2005 sola

43 2026 138 2065 supererat
157 2021 223 2065 lingua.
254 2020 364 2055 Deferentes
381 2031 424 2055 curn
444 2027 530 2065 parentes
548 2022 571 2055 ad
588 2022 670 2056 tumbam
686 2024 744 2057 sancti
754 2034 773 2064 ³5

44 2074 123 2117 Niniani,
136 2073 233 2108 dixerunt:
252 2073 316 2107 ‘Certe
331 2083 365 2108 nos
380 2073 424 2108 fessi
440 2077 458 2108 et
473 2073 546 2117 fatigati,
561 2073 637 2109 tristicia
652 2075 712 2112 affecti
727 2084 745 2112 et

43 2127 92 2162 tedio
107 2127 154 2168 victi,
169 2133 200 2161 tue
214 2121 269 2161 istum
282 2127 346 2170 pietati
359 2127 474 2171 exponimus.
498 2127 589 2162 Nimirum
602 2128 618 2162 si
631 2140 699 2164 munus
712 2136 746 2173 est,

43 2181 121 2215 debetur
127 2179 245 2214 offerentibus
253 2179 320 2224 gratia3
330 2179 346 2214 si
354 2191 406 2219 onus,
414 2185 434 2213 tu
441 2180 503 2224 vtique
509 2180 574 2215 fortior
580 2182 603 2215 ad
612 2182 746 2225 sustinendum,

43 2234 72 2266 cui
87 2233 147 2276 potior
160 2233 219 2266 virtus
234 2238 262 2266 est
278 2233 301 2266 ad
317 2232 469 2266 subueniendum.
492 2232 529 2266 Hic
542 2233 597 2276 igitur
609 2239 640 2268 aut
653 2234 747 2276 moriatur,

44 2290 74 2319 aut
87 2284 148 2327 uiuat,
160 2290 191 2318 aut
202 2290 282 2327 sanetur,
294 2290 324 2320 aut
336 2286 408 2329 pereat.¹
432 2284 473 2319 Hee
483 2284 512 2319 vel
523 2284 589 2320 similia
600 2298 641 2320 cum
653 2287 747 2322 lachrimis
756 2300 776 2328 ιο

44 2339 157 2382 prosequuti,
173 2338 236 2372 relicto
251 2338 320 2372 ibidem
337 2343 399 2381 egroto
414 2337 517 2372 discedunt.
540 2338 563 2372 Et
579 2350 621 2373 ecce
636 2340 747 2385 intempeste

45 2391 103 2425 noctis
118 2390 191 2426 silentio
206 2390 251 2426 vidit
267 2390 325 2426 miser
337 2391 466 2426 aduentantem
480 2393 503 2426 ad
517 2402 538 2427 se
550 2392 616 2435 virum,
630 2393 692 2428 celesti
707 2394 748 2430 lnce

45 2445 159 2486 choruscum,
175 2445 309 2488 pontificalibus
324 2443 410 2489 insigniis
423 2445 564 2489 prefulgentem.
587 2446 622 2488 Qut
639 2451 717 2491 tangens
730 2448 748 2481 ei

64 2513 111 2544 ¹om.
149 2512 216 2549 ²⁵qu
226 2522 257 2543 οιιι.
265 2513 307 2543 inE.
347 2512 381 2543 ’E
389 2513 454 2543 Rectus.
492 2513 540 2544 ⁴Vit
549 2515 676 2553 etpostmodum.
713 2516 748 2546 ³13.

45 2553 133 2583 concendit.
174 2552 238 2592 ⁶⁵qu
247 2553 342 2584 ΕΗιιῙῐειίιιε
