1762 2803
85 143 87 149 ,
128 112 174 153 620
212 159 213 162 Ἴ
394 106 518 167 euomuit
534 109 566 156 11.

128 230 174 264 dIsse
182 224 239 264 cetera
246 230 339 271 maluisset,
347 229 361 263 si
369 229 448 273 preciosa
459 230 531 274 pignora
541 231 648 274 repperisset.
677 230 730 273 Igitur
738 230 767 264 tali
778 233 830 268 modo

128 282 151 314 ab
163 282 225 315 eodem
236 280 264 314 die
275 288 343 314 noctem
352 280 446 324 proximam
456 281 530 315 dolendo
539 282 586 316 ducit
596 281 710 324 insompnem,
719 282 778 315 dolens
788 282 830 319 iacet

128 330 146 364 in
159 332 214 376 cripta
228 331 304 375 quadam
317 332 366 364 beate
380 331 450 373 virginis
462 332 533 373 orando,
547 339 564 365 et
579 331 702 373 necligenciam
713 343 744 374 pro
755 332 830 375 reliquiis

128 382 200 424 perditis
208 382 272 414 deflens
280 381 348 413 veniam
356 382 417 413 deuote
425 387 508 424 precatur.
531 382 600 415 Dehinc
607 382 662 414 lassus
670 387 710 414 ante
719 381 752 414 diei
761 392 830 424 crepus-

112 431 187 470 5culum
199 441 217 466 se
228 431 279 465 vertit
291 432 314 465 ad
324 431 451 473 lectisternium,
463 432 541 466 membra
551 432 702 475 quantulocunque
713 431 771 475 sopori
783 442 829 467 com·

129 482 204 514 mittens.
227 482 259 514 Cui
274 482 292 514 in
307 482 385 524 sompnis
399 483 449 515 adest
464 483 489 515 vir
504 484 602 516 venerande
617 483 685 525 speciei,
697 482 767 515 dicens:
783 484 832 525 ‘Que

130 542 182 565 causa
193 532 263 565 meroris
274 532 299 565 tui
306 532 321 565 2’
345 532 441 575 Respondit
452 533 500 576 quod
511 543 542 575 pro
553 532 646 566 amissione
657 532 766 575 reliquiarum
778 534 832 568 sancti

130 583 218 614 Edmundi
230 583 300 614 doleret.
322 583 394 615 atille:
407 583 482 623 ‘Tange
494 583 554 624 inquit,
566 582 640 623 pectoris
652 582 676 613 tui
687 582 786 623 superiora:
799 583 833 617 illic

130 631 204 673 reperies
215 642 249 673 que
259 631 291 663 tibi
302 632 350 664 doles
358 642 397 664 esse
405 632 480 664 remota!
503 631 638 672 Expergefactus
648 641 719 662 manum
727 631 775 672 ponit
783 642 834 673 supra

105 686 197 723 xopectus,
209 680 293 723 sentitque
307 681 425 714 dulcissimum
438 691 505 722 munus,
515 680 549 714 illic
562 682 613 714 credo
629 680 725 722 depositum
741 680 833 723 diuinitus;

131 742 175 775 quas
186 731 271 775 quide[m]
282 732 362 775 reliquias
373 732 474 765 miraculose
486 731 569 773 inuentas,
580 730 597 765 in
609 730 658 764 altari
668 730 761 773 gestatorio
772 731 833 766 decen-

132 782 198 816 tissime
206 782 300 824 collocauit,
308 783 395 815 laudando
404 783 455 815 deum
463 788 479 815 et
487 787 565 814 sanctum
573 780 660 814 martirem
668 781 784 814 Edmundum.

173 881 275 922 Quamnam
286 887 371 913 sauctus
384 880 497 913 Eunuunus
508 887 606 914 susumus
617 885 798 913 unurunonurmus.

496 952 566 987 Uodam
573 958 650 995 tempore
659 951 700 985 dum
705 963 734 985 rex
739 951 835 988 Willelmus

517 1003 534 1036 in
547 1002 655 1036 Normannia
670 1008 769 1044 moraretur,
781 1004 835 1037 abbas

107 1062 124 1092 15
133 1053 242 1087 Baldewinus
253 1064 264 1085 a
275 1063 320 1093 rege,
331 1059 350 1085 vt
360 1054 463 1095 frequenter,
474 1054 572 1094 accersitus,
584 1054 617 1086 illis
629 1053 646 1085 in
658 1052 735 1093 partibus
747 1053 798 1085 officii
810 1054 835 1086 sui

134 1102 243 1144 diligenciam
255 1101 271 1134 ei
282 1103 351 1135 sedulus
363 1102 458 1136 exhibebat.
482 1104 559 1145 Cumque
571 1101 637 1144 longior
648 1100 684 1134 ibit
695 1112 743 1134 mora
756 1101 808 1143 fieret,
819 1107 836 1134 et

134 1153 208 1197 quedam
218 1151 298 1186 victualia
307 1159 409 1196 consumpta
419 1154 524 1187 deficerent:
537 1153 624 1196 quendam
636 1151 657 1184 de
667 1150 707 1193 suis,
716 1153 837 1185 Normannum

134 1205 208 1246 nomine,
217 1205 287 1236 domum
295 1204 404 1245 delegantem
411 1205 507 1247 queminus
512 1205 626 1246 suppetebant
630 1203 699 1235 rediens
704 1202 741 1244 ipse
747 1204 837 1244 suppleret.

136 1254 232 1287 Insinuauit
243 1253 298 1287 eciam
308 1254 362 1287 abbas
373 1254 442 1288 abeunti
450 1255 472 1288 de
483 1255 557 1297 quodam
569 1252 669 1296 philacteria
681 1252 736 1286 sancti
749 1253 837 1287 Edmundi

108 1318 127 1338 zo
135 1304 213 1346 preciosa
228 1305 300 1346 pignora
315 1306 433 1345 concludente,
449 1305 529 1347 quatinus
549 1305 578 1337 illo
596 1313 655 1337 secum
676 1309 770 1345 assumpto,
786 1313 837 1346 quam

135 1354 190 1388 tocius
205 1360 294 1388 remearet.
325 1355 356 1388 Ille
371 1354 445 1398 parensl
460 1354 556 1398 imperanti,
571 1353 614 1387 mari
629 1353 702 1387 transito
716 1359 796 1396 properat
815 1354 838 1387 ad

136 1404 230 1439 cenobium.
253 1404 277 1437 Et
284 1405 377 1447 assumptis
389 1416 419 1448 pro
428 1405 489 1448 quibus
501 1405 562 1438 missus
573 1405 633 1446 fuerat,
641 1403 760 1447 philacterium
771 1415 838 1447 quoque

136 1455 179 1488 collo
187 1455 298 1501 suspendens,
307 1455 368 1497 repetit
376 1456 408 1488 iter
418 1468 452 1499 quo
460 1462 535 1488 venerat.
563 1455 632 1488 Deinde
641 1466 704 1487 nauem
713 1454 800 1496 ingressus
808 1461 838 1496 est,

136 1512 152 1538 et
163 1514 204 1537 mox
214 1510 273 1538 exorta
284 1505 387 1547 tempestate
398 1506 447 1539 nauis
459 1516 506 1539 nunc
516 1506 539 1538 ad
550 1506 586 1538 alta
597 1503 695 1546 subrigitur,
706 1515 752 1538 nunc
765 1505 788 1538 ad
799 1515 839 1546 yma

109 1562 127 1591 ²5
136 1553 222 1588 relabitur.
245 1554 284 1594 Quo
296 1564 326 1596 per
338 1554 414 1587 triduum
424 1554 503 1587 iactatis4
514 1555 613 1594 infortunIo,
625 1552 676 1595 spes⁵
687 1554 742 1586 omnis
754 1554 838 1587 euadendi

137 1603 215 1646 perierat.
238 1603 292 1644 Igitur
300 1605 411 1636 Normannus
419 1605 478 1636 labore
487 1604 551 1645 pariter
558 1610 575 1636 et
582 1604 652 1636 horrore
660 1602 746 1643 deficiens,
755 1603 772 1635 in
780 1613 837 1645 somp-

139 980 254 1013 Hermamtus
258 978 350 1012 archidiac.
355 979 428 1021 Arsasti
432 978 443 1012 ¹.

137 1665 178 1687 num
189 1654 245 1687 leuem
256 1653 351 1687 resoluitur.
375 1653 406 1688 Cui
418 1665 491 1698 persona
502 1654 578 1697 elegans,
588 1659 659 1696 aspectu
670 1653 716 1687 claro
727 1664 839 1697 sermoneque

137 1705 216 1745 iucundo,
226 1715 266 1737 mox
276 1704 335 1746 astitit,
345 1704 416 1739 dicens:
429 1705 478 1746 ‘Cur,
489 1706 594 1745 Nonnanne,
605 1715 678 1746 sompno
688 1705 794 1747 deprimeris,
804 1710 839 1738 tam

137 1754 222 1787 horrendo
230 1754 302 1786 vallatus
310 1755 397 1797 perleulo?
419 1755 543 1798 Expergiscere
552 1761 569 1787 et
579 1754 620 1786 tolle
629 1755 675 1797 quod
685 1755 729 1787 collo
737 1761 766 1787 tuo
774 1755 840 1787 inheret

111 1814 130 1844 30
138 1803 262 1846 philacterium,
274 1803 335 1837 inuoca
347 1804 395 1837 illum
409 1804 456 1838 cuius
469 1804 559 1846 insignitur
572 1803 653 1837 nomine:
665 1803 696 1837 tibi
710 1804 795 1847 sociisque
808 1803 841 1837 tuis

138 1854 279 1897 tranquillitatem
291 1853 327 1888 eius
338 1854 404 1889 meritis
415 1854 526 1889 obtenturus)
550 1854 583 1897 Qui
595 1853 653 1887 statim
664 1853 735 1888 exiliens
747 1859 764 1888 et
771 1860 841 1896 utraque

138 1915 192 1937 manu
201 1905 320 1947 philacterium
331 1906 375 1938 collo
386 1907 464 1938 euulsum
471 1907 531 1938 leuans
541 1905 559 1938 iu
569 1904 647 1946 sublime,
655 1915 694 1937 cum
704 1905 753 1938 sociis
763 1911 842 1938 sanctum

138 1955 214 1989 exorauit
225 1955 338 1989 Edmundum
350 1961 368 1989 ut
379 1956 401 1989 ab
411 1954 522 1998 im[m]inenti
534 1954 633 1988 discrimine
644 1965 674 1988 eos
686 1960 765 1997 potenter
776 1955 840 1997 eripere

139 2005 223 2046 dignetur.
246 2006 285 2038 Nec
297 2016 355 2039 mora:
370 2006 417 2039 venti
429 2006 535 2046 mitigantur,
547 2006 579 2039 celi
595 2006 645 2038 adest
658 2005 748 2045 serenitas,
763 2011 780 2039 et
795 2014 842 2038 mare

112 2065 131 2094 35
140 2055 214 2088 sedatur.
238 2053 292 2096 Igitur
310 2055 362 2088 deum
380 2055 501 2097 glorificantes,
517 2065 555 2088 sese
570 2053 634 2088 mutuis
651 2054 802 2087 exhortacionibus
820 2052 842 2086 ad

140 2105 194 2138 sancti
202 2104 276 2138 martiris
283 2105 385 2147 obsequium
393 2110 410 2137 et
418 2115 495 2138 amorem
502 2104 565 2147 pariter
576 2104 705 2147 accendebant3
718 2110 735 2137 et
742 2103 843 2137 miraculum

140 2160 201 2198 postea
209 2155 226 2188 in
233 2155 291 2189 multis
298 2155 340 2190 locis
348 2155 465 2198 diuulgabant.

184 2259 238 2296 llDE
250 2267 314 2294 PUERO
326 2269 374 2295 CECO
386 2270 407 2294 IN
417 2269 475 2295 FESTO
487 2269 553 2295 SANCTI
566 2262 662 2293 EDltlUNDI
675 2267 801 2293 ILLUMINATO.

163 2356 278 2390 Hermam
292 2356 392 2391 archidiac,
405 2332 518 2408 TEmpore
529 2331 575 2373 regis
587 2329 669 2364 Willelmi
684 2330 760 2371 secundi,
775 2328 844 2384 quidam

392 2381 397 2391 ⁶
457 2379 844 2415 milesYuonominesuismandauitutfilium

114 2441 192 2476 40suum
207 2441 266 2464 cecum
281 2436 341 2464 sancto
356 2432 449 2465 Edmundo
464 2432 559 2465 curandum
574 2431 672 2474 perferrent.
695 2431 773 2464 Instante
787 2435 844 2463 autem

183 2525 447 2564 ¹r.Sampson,·cf.Tit.fol.1o3.
491 2525 645 2564 ²MS.largiorvbI,
689 2524 738 2557 ³MS.
757 2533 806 2555 aruns.

238 2565 244 2583 ¹
255 2565 288 2596 MS.
296 2567 365 2597 laetatus.
431 2567 437 2586 ⁵
447 2567 552 2607 MS.spee'1es.
613 2565 619 2583 ⁰
629 2565 711 2597 etrier.
721 2534 761 2604 105ll.
