1762 2803
239 116 285 173 bt
300 114 400 169 &aaut
416 113 577 174 ductuum.
713 128 759 172 435

56 241 75 275 in
83 243 137 283 gente
146 238 249 283 Anglorum
257 242 413 273 construerentur.
436 237 524 272 Circuiuit
534 237 564 272 vir
571 235 601 272 dei
608 234 681 280 singula
688 244 761 269 monas-

56 292 102 328 teria
117 302 180 326 mores
194 292 299 333 instituens,
314 291 422 326 obedientes
436 296 456 326 vt
470 291 490 326 in
505 292 554 326 bono
568 290 681 336 proficerent
698 287 761 323 verbis

57 346 179 385 admonendo,
188 350 207 379 et
214 345 280 380 stultos
288 350 306 378 et
314 345 414 379 obstinatos
421 350 441 379 vt
449 355 459 378 a
467 345 515 379 malo
525 344 642 379 discederent
652 341 762 378 verberibus

58 397 171 442 corrigendo.
216 390 263 431 Erat
274 408 354 441 namque
367 397 454 431 terribilis
465 402 485 431 vt
498 398 528 432 leo
540 397 614 432 discolis
626 401 644 431 et
656 394 761 441 peruersis;

58 451 158 486 humilibus
165 455 183 484 et
191 450 319 485 obedientibus
327 460 347 484 se
355 450 422 494 [quasi]
427 460 494 493 agnum
501 450 617 485 mitissimum
625 448 729 489 exhibebat,
737 447 762 482 ita
770 455 779 486 5

58 503 165 548 serpentine
174 503 272 548 prudentie
283 509 389 547 temperans
398 502 521 545 seueritatem,
529 509 548 537 vt
559 503 662 538 columbine
673 500 762 545 simplici-

58 556 149 591 tatis-non
163 556 256 591 amitteret
270 555 370 591 lenitatem.
393 556 452 599 Quem
468 556 483 590 si
496 557 570 602 quando
581 556 632 591 zelus
647 553 762 591 rectitudinis

59 615 133 654 cogeret
147 614 167 644 vt
182 611 222 645 iura
237 610 334 654 discipline
349 610 436 644 subiectis
449 609 558 653 imponeret,
570 610 620 644 luror
634 610 675 653 ipse
688 620 725 642 non
739 607 763 641 de

59 662 173 705 crudelitate,
181 664 215 697 sed
227 663 251 697 de
262 673 325 697 amore
336 664 431 707 processit,
439 667 457 696 et
467 662 516 697 intus
526 668 604 706 paterna
615 662 683 706 pietate
693 660 762 700 dilexit,

59 727 105 760 quos
118 715 163 749 foris
176 715 228 760 quasi
242 715 343 759 insequens
356 715 456 759 castigauit.
478 716 534 750 Pater
545 722 584 750 erat
596 720 614 749 et
625 721 688 759 pastor
699 724 791 748 mona-10

60 769 142 812 chorum,
155 768 234 813 peruigil
245 767 410 803 sanctimonialium
424 774 516 813 protector
527 774 545 803 et
558 768 656 812 virginum,
667 767 762 802 viduarum

59 822 168 863 consolator,
175 822 316 865 peregrinorum
327 827 429 865 susceptor,
441 822 528 855 defensor
538 821 663 863 ecclesiarum,
671 826 764 854 corrector

60 875 166 916 errantium,
174 879 267 909 recreator
277 884 386 919 pauperum,
395 873 507 918 pupillorum
519 879 537 907 et
549 874 676 919 orphanorum
687 873 764 907 adiutor.

59 920 135 963 Accidit
151 928 200 962 enim
212 933 232 962 vt
244 928 310 962 acerba
322 928 381 961 tames
394 927 500 961 vniucrsam
513 926 627 961 Britanniam
644 926 765 961 vehementer

60 986 160 1026 premeret,
175 986 193 1015 et
208 981 270 1025 inopie
285 981 392 1025 magnitudo
407 980 506 1025 plerosque
522 980 562 1015 dira
576 980 628 1015 clade
644 979 765 1023 extingueret.
774 989 792 1019 ¹⁵

59 1034 93 1067 Vir
101 1039 162 1068 autem
170 1034 239 1068 domini
247 1045 321 1068 omnem
329 1034 427 1080 pecuniam
436 1044 491 1076 quam
499 1034 578 1067 habebat
586 1034 605 1066 in
611 1043 655 1066 vsus
663 1042 764 1075 pauperum

61 1084 154 1130 expendit.
177 1086 261 1130 Cumque
269 1085 348 1131 pecunia
355 1085 449 1128 deficeret,
457 1085 495 1119 tolli
507 1084 560 1119 iussit
571 1089 679 1119 ornamenta
687 1094 766 1128 queque,

61 1143 79 1173 et
87 1143 174 1184 argentea
181 1149 226 1174 vasa
233 1138 347 1184 perplurima
357 1138 381 1173 de
392 1138 484 1173 thesauris
494 1138 572 1173 ecclesie
582 1137 672 1183 confringi
681 1137 739 1179 iussit,
747 1141 765 1171 et

61 1193 80 1226 in
93 1192 181 1237 pecunias
193 1192 275 1237 redegit3
291 1191 356 1227 intimo
368 1193 429 1227 cordis
442 1192 521 1237 suspirio
533 1197 638 1236 protestans
653 1202 674 1226 se
689 1189 765 1235 equani-

62 1245 116 1280 miter
127 1245 175 1279 ferre
188 1256 225 1280 non
238 1256 299 1289 posse,
312 1251 363 1280 muta
377 1246 451 1280 metalla
466 1245 539 1289 integra
550 1245 657 1289 perdurare,
671 1243 764 1278 hominem
774 1254 794 1277 ao

61 1308 105 1333 vero
113 1299 137 1333 ad
144 1297 243 1343 imaginem
251 1298 282 1333 dei
290 1304 377 1340 creatum,
383 1299 469 1342 precioso
474 1298 563 1343 sanguine
568 1297 636 1333 Christi
642 1298 766 1342 redemptum,

62 1350 179 1385 mendicitate
185 1357 204 1385 et
210 1352 271 1385 inedia
276 1351 343 1396 perire.
355 1351 469 1386 sustentauit
475 1351 536 1396 itaque
543 1351 697 1385 innumerabilem
704 1350 766 1385 multi·

62 1404 145 1439 tudinem
157 1415 258 1448 egenorum
269 1404 300 1449 qui
312 1404 414 1448 periculum
425 1404 479 1439 samis
490 1404 570 1439 euadere
581 1404 676 1448 cupientes
687 1404 710 1439 ad
722 1414 765 1438 emn

62 1455 143 1500 vndique
154 1456 283 1500 confugerant3
295 1456 315 1490 in
326 1457 392 1501 plateis
404 1457 454 1492 omni
465 1456 530 1491 solatio
541 1457 639 1492 destitutos
647 1456 766 1491 refocillando

63 1508 187 1544 subleuauit¹:
202 1509 280 1555 siugulis
291 1510 396 1545 necessaria
407 1510 520 1553 ministrans,
528 1511 587 1544 donec
599 1510 725 1544 misericordia
736 1509 766 1543 dei
776 1520 794 1552 ²5

64 1563 87 1597 de
99 1563 138 1598 celo
149 1562 169 1597 in
179 1568 248 1598 terram
259 1563 380 1608 prospiciens,
388 1569 407 1599 et
417 1565 498 1599 humano
509 1564 573 1609 generi
583 1564 635 1599 solita
645 1564 713 1608 pietate
723 1563 767 1599 sub

64 1616 146 1658 ueniens,
158 1617 228 1652 malum
239 1616 301 1662 inopie
313 1622 432 1663 temperaret.
477 1611 550 1652 Verum
562 1617 604 1663 quia
615 1617 701 1652 dominus
714 1617 767 1662 (sicut

65 1670 154 1714 scriptura
165 1671 216 1714 dicit)
227 1682 282 1715 quem
293 1670 351 1716 diligit
361 1671 442 1716 corripit,
453 1677 471 1705 et
482 1682 556 1706 omnem
566 1672 624 1705 filium
636 1681 692 1715 quem
703 1670 768 1714 recipit

65 1721 154 1767 fiagellat;
169 1723 198 1758 vir
209 1724 239 1758 dei
251 1724 357 1769 frequenter
370 1724 498 1759 infirmabatur
510 1724 529 1759 in
542 1723 649 1764 visceribus,
661 1724 767 1759 morborum

64 1776 158 1810 tumores'
169 1776 188 1810 in
200 1777 283 1811 cruribus
295 1777 402 1820 sustinebat,
413 1783 478 1811 noctes
490 1778 599 1821 plerumque
612 1776 721 1819 insompnes
733 1787 768 1820 pre
776 1787 796 1816 ³0

66 1828 128 1865 dolore
143 1829 218 1872 ducens,
234 1834 252 1864 et
267 1829 286 1865 in
301 1829 336 1872 die,
349 1830 390 1865 licet
403 1830 488 1875 pallidus,
500 1835 563 1865 tamen
578 1829 630 1875 quasi
642 1839 698 1864 sanus
711 1834 729 1865 et
742 1829 767 1863 nil

65 1882 149 1917 molestie
164 1882 241 1917 sentiret
259 1882 361 1925 ambulans,
376 1894 448 1918 memor
466 1882 565 1928 apostolice
583 1882 713 1917 consolationis
731 1894 768 1927 qua

66 1934 135 1978 dicitur,
146 1936 199 1980 ‘quia
210 1935 268 1970 virtus
280 1937 299 1970 in
310 1936 417 1970 infirmitate
426 1937 520 1981 perficitur
527 1939 542 1979 3¹
553 1941 572 1971 et
583 1946 667 1971 rursum:
680 1936 768 1978 ‘Quando

66 1988 155 2032 infirmor,
168 1995 212 2025 tunc
223 1991 287 2026 fortior
298 2003 339 2027 sum
354 1998 371 2027 et
384 1993 472 2036 potens;'
484 1992 590 2028 etiterum:
602 1992 701 2027 ‘Libenter
713 1992 768 2037 glori-

66 2042 110 2076 abor
122 2043 141 2077 in
154 2043 289 2079 infirmitatibus
302 2045 354 2087 meis,
366 2050 385 2079 vt
398 2044 487 2080 inhabitet
500 2045 519 2080 in
532 2055 563 2080 me
573 2045 632 2081 virtus
643 2045 721 2080 Christi)
744 2045 768 2080 Et
777 2055 796 2086 ³5

66 2096 151 2136 quamuis
162 2097 200 2130 acri
210 2096 316 2141 pulsaretur
324 2097 415 2139 molestia,
426 2097 501 2131 minime
512 2103 574 2133 tamen
584 2110 618 2133 esu
629 2097 712 2133 carnium
722 2109 768 2133 vsus

67 2152 101 2191 est,
109 2148 145 2183 nisi
156 2150 215 2184 semel
224 2157 301 2195 cogente
312 2152 392 2185 maxima
403 2151 510 2187 infirmitate
519 2153 570 2187 iussu
578 2151 669 2187 Dunstani
679 2151 769 2196 archiepi-

67 2202 124 2245 scopi,
130 2206 148 2236 et
156 2202 223 2237 iterum
229 2202 248 2238 in
256 2204 361 2239 infirmitate
367 2215 403 2249 qua
410 2204 459 2239 obiit.
487 2198 570 2249 Contigit
578 2204 674 2249 aliquando
682 2204 769 2240 clericum

67 2255 126 2289 saneti
137 2255 226 2301 episcopi,
237 2257 266 2292 cui
282 2263 366 2293 sanctum
378 2259 445 2293 crisma
457 2258 515 2293 iuerat
526 2258 647 2303 designatum,
659 2258 720 2293 minus
734 2258 770 2294 olei

67 2316 122 2349 quam
130 2310 232 2345 necessitas
240 2312 352 2354 exposcebat
360 2311 459 2355 accepisse,
467 2317 485 2346 et
494 2312 529 2346 hoc
539 2322 604 2356 parum
615 2312 663 2355 quod
674 2317 770 2355 acceperat
778 2322 799 2351 40

67 2356 86 2392 in
95 2359 136 2403 ipso
144 2360 209 2397 itinere
217 2363 325 2407 perdidisse.
348 2363 395 2398 Cum
403 2369 464 2399 autem
474 2365 572 2409 episcopus
581 2374 649 2409 pueros
660 2364 770 2413 confirmare

68 2412 128 2456 vellet,
136 2418 155 2448 et
165 2415 243 2450 clericus
254 2416 353 2462 ampullam
365 2427 402 2451 non
413 2418 495 2459 haberet,
502 2417 585 2452 turbatus
597 2422 615 2451 et
626 2416 693 2452 anxius
703 2420 771 2463 repetit

68 2463 104 2499 iter
112 2467 159 2510 quo³
166 2474 252 2504 venerat:
264 2469 296 2513 [et]
305 2470 341 2504 huc
348 2470 427 2513 illucque
435 2470 533 2513 diligenter
538 2469 694 2513 circumspiciens,
700 2471 771 2507 inuenit

69 2519 168 2562 ampullam
181 2519 200 2555 in
212 2520 242 2555 via
255 2521 346 2557 iacentem
360 2522 400 2556 oleo
412 2523 492 2568 plenam,
505 2521 556 2557 cuius
569 2533 603 2558 nec
614 2522 704 2559 medietas
716 2524 771 2570 paulo

140 2584 144 2602 ¹
154 2585 172 2616 T.
180 2586 268 2619 sulleuauit.
312 2586 319 2606 ¹
329 2587 480 2662 Bollmorblumque
487 2587 558 2619 tumetis.
608 2587 615 2607 ³
625 2588 646 2620 al.
653 2589 701 2621 unde.

400 2638 444 2662 ra
