1762 2803
130 129 175 204 336
269 212 271 216 y
320 147 400 200 moto
415 145 532 209 termus
547 148 640 212 anuto.

131 278 232 302 concursus
244 266 306 312 populi
316 267 340 302 ad
352 272 388 302 tarn
400 268 516 304 venerabiles
527 269 615 314 exequias
628 268 734 305 cateruatim
745 269 815 305 affluxit
821 269 833 312 ¹,

132 321 204 355 felicem
210 332 231 356 se
237 321 314 365 quisque
322 326 415 364 reputans,
422 321 438 356 si
443 323 474 357 vel
482 323 570 357 ieretmm
575 328 642 367 tangat,
647 322 677 357 vei
681 322 832 357 vestimentorum

132 384 226 408 sacrorum
242 373 331 408 fimbriam
347 380 458 419 contrectet;
475 377 553 411 annulos
565 376 604 410 siue
616 375 689 410 monilia
703 387 738 421 que
750 381 833 411 sanetum

132 438 199 470 corpus
210 425 314 468 tetigerunt,
326 428 438 462 sanctificata
450 430 558 471 reputabant
569 434 587 463 et
598 440 631 472 pro
642 429 724 472 reliquiis
736 440 834 464 conserua-

115 478 181 519 5bant.
204 478 227 512 Et
239 478 281 522 quia
292 489 360 522 corpus
371 490 425 514 suum
437 482 485 524 apud
497 480 640 523 Cicestreinsem
652 481 769 523 ecclesiam]²
780 491 833 525 sepe-

133 532 213 566 liendum
223 531 320 576 delegauit,
328 533 351 566 ad
360 532 466 568 Cicestriam
478 534 568 568 defertur:
581 538 600 567 et
610 532 629 566 in
638 533 679 578 ipsa
686 533 764 568 ecelesia
772 543 833 568 coram

133 586 185 619 altari
193 585 240 619 beati
249 585 347 628 Edmundi,
356 589 404 630 quod
415 588 494 631 ipsemet
505 589 528 621 ad
538 587 663 631 aquilonarem
673 587 751 622 ecclesie
761 592 834 631 partem

133 637 254 678 dedicauerat,
262 638 281 671 in
291 639 355 673 humili
365 639 405 674 loce
416 641 507 684 sepultum
518 644 557 682 est;
569 640 600 674 vbi
610 650 678 684 magna
688 646 706 675 et
717 641 801 674 miranda
811 640 834 674 ad

133 692 162 725 dei
168 692 242 725 laudem
247 692 294 725 fiunt
300 692 391 726 miracula.
410 692 557 727 ³Contractorun1
564 694 679 736 quorundam
687 694 774 735 membra,
781 699 834 727 natu·

106 755 125 777 ro
133 744 195 778 raliter
206 743 278 788 gressui
293 744 419 786 ministrantia,
431 745 456 778 ita
467 745 545 779 totaliter
556 744 635 788 plurium
647 756 736 779 annorum
750 745 834 789 paralisis
849 747 853 757 ”

133 796 234 831 inueterata
249 802 370 839 contraxerat,
385 803 405 832 vt
420 797 489 833 eisdem
505 797 598 841 membris,
614 797 718 832 huiusmodi
733 797 834 832 ministerio

133 851 201 896 ineptis
212 850 293 893 redditis,
305 851 355 886 nulla
366 851 440 885 omnino
451 853 524 886 daretur
535 851 630 896 gradiendi
641 851 726 887 facultas:
740 851 770 887 ille
783 852 834 887 cuius

134 904 181 937 mira
199 909 242 937 sunt
261 915 322 947 opera,
337 906 360 938 ad
376 905 435 947 ipsius
452 905 585 939 inuocationem
602 904 663 939 subito
681 905 770 939 membris
788 905 835 949 ipsis

134 958 153 989 in
172 957 244 990 solitam
258 956 344 989 virtutem
361 957 432 999 erectis,
448 956 466 991 in
485 956 537 991 liberi
556 967 632 1000 gressus
648 957 751 992 libertatem
770 957 834 991 erexit.

107 1023 125 1053 15
134 1011 181 1043 Tres
196 1014 282 1049 mortuos,
298 1020 376 1052 quorum
390 1021 448 1044 vnum
464 1009 554 1043 currentis
569 1020 633 1043 currus
648 1020 683 1054 per
698 1009 780 1044 medium
795 1014 834 1044 rota

134 1066 274 1107 compresserat,
282 1061 361 1104 reliquos
369 1073 413 1097 vero
425 1062 481 1096 febris
492 1063 599 1103 extinxerat,
607 1062 638 1096 ille
648 1062 679 1107 qui
690 1067 768 1097 mortem
780 1063 835 1097 mori-

134 1116 182 1149 endo
194 1114 289 1156 destruxit,
301 1114 387 1157 precibus
401 1115 436 1149 sub
448 1116 529 1150 eiusdem
543 1115 632 1160 porrectis
645 1115 719 1150 nomine
732 1115 835 1157 inclinatus,

134 1167 228 1201 suscitauit
242 1166 339 1200 advitam.
363 1167 386 1200 Et
400 1169 449 1210 quod
465 1179 502 1200 non
517 1173 545 1201 est
558 1169 702 1211 pretereundum
717 1168 789 1202 silentio
801 1170 834 1202 sed

134 1219 225 1264 solempni
235 1219 347 1263 vulgandum
358 1219 431 1263 gaudio,
443 1220 461 1253 in
473 1220 581 1259 abortiuum,
591 1220 615 1253 de
624 1225 676 1254 vtero
686 1220 835 1254 transferendum

107 1290 126 1311 ιο
134 1274 157 1308 ad
172 1273 267 1314 tumulum,
283 1273 323 1307 eius
338 1273 423 1308 inuocato
438 1273 512 1308 nomine
530 1272 610 1308 animam
624 1272 718 1307 viuentem
733 1272 835 1308 animarum

134 1332 205 1361 creatos
210 1319 410 1370 infudit—-Quidam
415 1326 520 1360 febricitans
527 1337 561 1370 per
568 1331 635 1360 tactum
642 1337 687 1370 cape
693 1327 741 1360 beati
748 1326 836 1360 Richardi

78 1400 80 1403 -
134 1386 209 1414 sanatus
224 1384 256 1413 est.
279 1378 333 1412 Alius
347 1379 429 1422 podagra
445 1379 530 1413 laborans
544 1390 579 1422 per
593 1379 645 1413 botas
660 1389 703 1413 suas
719 1379 791 1413 sanitati
807 1384 835 1413 est

134 1431 234 1465 restitutus.
278 1424 341 1465 *Cum
351 1431 452 1474 piscatores
460 1430 491 1464 diu
501 1432 601 1464 laborando
609 1431 654 1464 nihil
662 1431 804 1475 prendidissent,
812 1432 835 1464 ad

135 1485 175 1519 eius
186 1483 333 1518 benedictionem
344 1488 422 1527 quatuor
433 1482 494 1527 pisces
506 1493 582 1527 magnos
593 1488 611 1517 et
623 1483 722 1528 speciosos,
734 1484 836 1518 cuiusmodi

108 1551 126 1581 ²5
135 1537 209 1582 generis
224 1547 318 1581 nunquam
333 1535 428 1578 vidissent,
443 1547 511 1581 sagena
527 1536 660 1571 concluserunt.
708 1529 759 1572 Cum
774 1536 836 1571 enim⁶

136 1591 208 1633 nauigio
222 1601 273 1624 mare
285 1590 377 1630 transiret,
389 1594 429 1623 orta
440 1594 550 1633 tempestate
563 1590 676 1633 grauissima,
688 1590 733 1624 susis
745 1591 768 1624 ad
781 1591 835 1624 deum

135 1643 222 1687 precibus
230 1647 248 1676 et
255 1641 382 1676 benedictione
391 1641 436 1676 mari
443 1647 532 1686 porrecta,
540 1641 620 1686 procella
630 1642 649 1675 in
657 1642 810 1686 tranquillitatem,
818 1647 837 1676 et

135 1696 253 1739 intemperies
264 1697 283 1728 in
295 1706 357 1728 aerem
366 1695 477 1729 luminosum
485 1699 570 1728 mutatur.
617 1687 640 1729 in
649 1695 774 1739 purificatione
783 1696 836 1730 beate

136 1750 194 1782 Marie
205 1748 291 1781 extinctis
302 1747 321 1781 in
332 1747 452 1791 processione
464 1747 524 1781 subito
537 1746 610 1782 turbine
621 1747 692 1781 eunctis
703 1747 767 1791 cereis,
779 1748 837 1783 sancti

107 1815 127 1844 30
135 1801 214 1847 presulis
229 1811 299 1843 cereus,
314 1800 357 1834 noui
372 1799 446 1833 luminis
461 1800 504 1843 igne
519 1810 613 1841 accensus,
626 1801 649 1834 ab
662 1800 748 1834 omnibus
762 1800 837 1834 rutilare

135 1854 211 1889 videtur.
257 1847 336 1897 Pueqo]
347 1854 434 1897 [colmam
445 1853 552 1897 contracdo]
558 1853 570 1896 ⁶,
579 1859 624 1897 potu
632 1851 692 1887 eidem
700 1852 719 1887 in
727 1852 780 1898 cipho
789 1853 837 1889 beati

136 1906 228 1942 Edmundi
239 1913 329 1951 porrecto,
337 1907 376 1940 sola
387 1906 514 1941 benedictione
526 1917 610 1950 gressum
621 1906 700 1940 solidum
712 1911 730 1941 et
741 1907 837 1950 pristinam

135 1962 232 1995 sanitatem
245 1960 329 1994 reddidit.
351 1960 398 1994 Aliis
411 1960 482 1994 duobus
494 1959 535 1995 visu
548 1959 631 2004 priuatis,
643 1959 696 2003 signo
709 1958 768 1994 crucis
781 1969 838 2003 super

135 2014 198 2047 oculos
215 2012 312 2055 impresso,
327 2012 421 2046 oculorum
437 2014 495 2046 aciem
510 2018 528 2046 et
547 2013 621 2046 luminis
636 2013 736 2046 claritatem
753 2012 838 2046 restituit.

108 2078 127 2110 35
136 2066 190 2100 Multi
199 2064 266 2099 ineius
277 2069 335 2098 stratu
343 2064 461 2107 dormientes,
469 2075 480 2099 a
490 2063 569 2099 febrium
579 2064 675 2098 ardoribus
686 2064 762 2107 liberati,
770 2065 838 2109 gratias

136 2121 171 2154 deo
179 2124 197 2154 et
205 2129 259 2153 seruo
267 2118 307 2152 eius
315 2118 428 2152 exoluerunt.

157 2276 173 2300 2.
182 2265 231 2299 Text
238 2263 257 2297 in
264 2264 285 2297 T.
294 2263 337 2307 (and
345 2263 425 2307 Tanner)
431 2263 449 2298 ⁷:

137 2340 143 2382 (
177 2332 248 2364 anctus
260 2331 309 2363 enim
321 2331 418 2372 Ricardus‚
429 2331 478 2372 cum)
490 2341 549 2364 annos
561 2330 693 2374 adol(eseencie
703 2330 799 2374 attigisset,
810 2331 838 2364 in·

199 2383 266 2418 uitatus
271 2383 311 2427 per)
317 2383 391 2417 fratrem
397 2393 451 2417 suum
457 2384 487 2427 [ad
495 2382 590 2427 coniugale
596 2383 697 2425 cuiusdam)
703 2383 769 2417 nobilis
777 2383 838 2427 puelle

137 2436 264 2480 (consorcium,
273 2436 375 2470 consentire
383 2436 467 2480 r)enuit⁸,
475 2436 498 2470 ad
509 2436 597 2470 castitatis
608 2437 700 2481 asipirans
709 2436 838 2481 priuilegium.)

156 2520 190 2551 ¹5.
201 2518 267 2549 effluxit.
313 2517 447 2550 ²E.Cicestrem.
495 2517 558 2548 ³From
566 2518 691 2557 CanonBull.v
720 2517 839 2547 ‘Thesollow·

136 2560 210 2597 ingsrom
218 2559 235 2589 T.
273 2558 365 2588 ⁵E.etiam.
403 2558 660 2589 ῦΕ.Ριιεπιιιι]...οοηῐηιεῑιιηῃ
701 2556 839 2588 'Abniromthe

137 2599 251 2630 canonizaiion
259 2597 295 2627 Bull
303 2598 321 2627 of
327 2598 381 2626 Urban
389 2597 416 2634 IV,
424 2607 443 2626 aa
450 2598 486 2634 Jan.
495 2599 539 2634 1262,
547 2598 563 2626 in
571 2599 611 2628 Boll,
619 2608 634 2636 p.
642 2607 671 2635 313
728 2598 734 2616 ⁸
744 2598 762 2628 T.
771 2598 839 2627 rennuit.
