1762 2803
130 136 173 191 398
225 166 226 169 =
318 134 398 187 mona
413 131 529 195 lectona
544 132 638 195 unalia

130 257 214 289 morbum
222 255 329 289 vniuersum
337 255 445 297 depellebat.
491 248 538 288 Post
546 256 580 288 hec
587 266 637 296 vero,
645 261 665 288 vt
672 255 730 299 ipsius
738 256 832 291 translatio

130 309 165 342 deo
176 312 227 352 grata
237 313 255 342 et
265 307 369 342 hominibus
378 307 489 342 venerabilis
501 312 603 352 appareret,
611 307 680 342 addidit
692 308 787 342 saluatoris
797 309 832 343 cle-

130 362 198 396 mentia
210 370 278 395 nouum
290 361 382 404 quoddam
393 360 501 395 miraculum
513 362 645 395 demonstrare.
667 361 739 395 Accidit
752 362 832 406 quodam

130 425 183 458 anno,
190 414 209 448 in
216 414 263 448 sesto
271 412 396 448 translationis
403 412 467 457 ipsius,
474 413 493 447 in
501 413 573 448 ciuitate
581 413 697 448 londoniensi
705 413 767 459 ignem
775 415 833 449 maxi-

113 478 181 507 5mum
197 472 215 500 et
227 466 333 501 horribilem
345 466 406 501 subito
418 466 507 508 suscitari,
519 467 549 510 qui
560 467 641 510 vndique
652 467 735 509 diffusus,
747 477 832 511 magnam

130 525 201 565 partem
209 519 267 563 ipsius
277 519 355 554 ciuitatis
365 519 469 554 combussit.
492 519 640 563 Approximante
652 525 712 554 autern
724 520 799 554 flamma
810 522 833 555 ad

130 572 226 609 ecclesiam
237 573 296 607 sancti
307 573 364 615 Pauli,
375 573 460 608 viderunt
470 573 581 608 sensibiliter
592 573 643 607 multi
655 574 722 608 ciuium
734 574 833 617 quemdam

130 626 264 671 pontificalibus
272 626 360 667 indutum,
369 631 387 660 et
396 625 484 661 vexillum
493 627 513 660 in
523 637 580 660 manu
591 632 691 669 tenentem,
700 637 756 671 super
767 626 833 661 dictam

130 680 226 714 ecclesiam
238 685 317 714 stantem
326 685 344 714 et
352 690 394 714 eam
401 691 425 713 ex
433 679 483 714 omni
491 685 543 724 parte
551 681 574 714 ab
582 680 632 714 omni
643 680 725 724 periculo
736 681 833 724 potenter¹

104 747 122 767 ro
130 733 266 768 defendentem.
289 732 325 766 Hie
333 738 361 767 est
372 732 437 777 itaque,
447 733 513 768 fratres
525 733 642 775 dilectissimi,
653 738 716 778 pastor
725 739 788 768 noster
797 734 834 768 sin-

130 785 198 830 gularis
209 796 230 820 ac
239 790 328 829 patronus
340 786 431 829 specialis,
439 787 504 820 beatus
516 787 650 821 Erkenwaldus
661 786 769 830 episcopus:
782 786 833 821 cuius

130 846 192 884 preter
200 839 234 873 hec
242 849 278 883 que
286 838 333 873 dicta
341 844 384 873 sunt
391 839 468 873 virtutes
480 845 499 873 et
507 840 571 874 merita
580 840 647 873 nullius
655 839 691 873 iam
699 839 761 883 lingua
767 839 834 873 sufficit

131 893 232 928 enarraret
277 886 308 927 Eo
319 898 402 937 tempore
414 904 450 937 quo
461 892 519 937 ipsius
530 893 588 928 sancti
598 893 677 937 presulis
688 891 754 936 prelati
767 903 834 936 eorpus

132 947 191 981 adhuc
206 945 295 989 incripta
310 946 329 979 in
341 947 454 990 sarcophago
468 947 580 989 seruabatur,
594 947 666 981 testudo
678 947 761 981 eiusdem
776 946 834 990 cripte

105 1000 225 1045 r5pingenda
239 999 277 1034 fuit.
307 999 380 1034 interea
395 1001 477 1034 reuoluto
492 1000 536 1034 anni
551 1000 624 1043 circulo,
640 1000 760 1044 solempnitas
775 999 833 1044 ipsius

132 1052 190 1086 sancti
195 1052 253 1095 patris
260 1052 376 1086 Erkenwaldi
381 1052 444 1086 illuxit.
467 1053 533 1086 Nullus
541 1053 566 1085 ibi
574 1053 649 1086 missam
657 1054 687 1085 illa
695 1054 724 1085 die
731 1053 834 1094 celebrauit,

131 1106 188 1141 altare
194 1104 329 1148 discoopertum
339 1104 377 1147 fuit,
385 1104 473 1148 propter³
480 1104 602 1140 instrumenta
611 1111 677 1148 erecta,
685 1104 761 1149 pictoris
774 1105 834 1140 officio

132 1159 205 1193 idonea.
222 1157 364 1191 innumerabilis
372 1157 469 1192 multitudo
476 1158 571 1201 utriusque
579 1169 636 1192 sexus
645 1158 730 1192 conuenit
741 1159 764 1192 ad
776 1164 835 1192 orato·

131 1211 183 1256 rium,
192 1222 245 1246 orare
252 1212 335 1247 volentes
343 1215 361 1246 et
369 1211 470 1246 oblationes
478 1222 499 1246 ac
506 1210 602 1245 luminaria
612 1211 698 1254 serentes,
707 1212 739 1246 sed
750 1210 835 1246 introitus

105 1277 124 1299 20
132 1266 159 1301 eis
167 1277 204 1301 non
212 1265 290 1309 patuitt:
303 1264 363 1300 Pictor
371 1266 420 1299 enirn
428 1265 502 1300 ianuam
510 1265 592 1306 serrauit,
599 1271 619 1300 vt
626 1266 686 1309 ipsam
696 1271 788 1300 arcuatam
798 1272 835 1300 tes-

131 1318 214 1353 tudinem
230 1318 320 1352 coloribus
332 1317 477 1352 vermicularetfi.
505 1318 554 1351 Dum
569 1323 630 1351 autem
646 1318 749 1361 diligentius
765 1319 835 1353 colores

132 1372 252 1416 protraheret,
261 1376 338 1415 repente
346 1371 443 1405 destitutus
451 1376 479 1404 est
486 1370 562 1414 uiribus,
570 1376 588 1404 et
596 1372 693 1415 repentino
701 1372 763 1405 dolore
772 1383 835 1416 arrep-

131 1431 161 1459 tus
172 1425 228 1459 veluti
240 1424 354 1457 exanimatus
366 1424 437 1457 corruit.
460 1424 507 1457 Cum
516 1423 547 1457 diu
556 1423 582 1458 sic
592 1423 707 1465 cruciaretur,
716 1435 759 1458 ecce
770 1435 835 1468 supra·

132 1477 191 1512 dictus
199 1477 281 1519 antistes,
289 1476 346 1511 infula
355 1477 453 1520 pontificali
462 1482 566 1519 exornatus,
574 1476 636 1519 venit;
648 1482 666 1511 et
675 1477 739 1510 baculo
748 1477 835 1520 pastorali

106 1542 123 1571 ²5
132 1532 213 1574 grauiter
223 1540 266 1563 eum
276 1529 380 1572 flagellauit,
391 1529 514 1572 recapitulans
526 1529 654 1572 negligentiam
667 1529 724 1572 ipsius
731 1530 742 1571 ⁰,
750 1530 835 1565 videlicet

133 1584 182 1626 quod
195 1582 226 1616 illa
239 1582 268 1615 die
280 1581 398 1625 pertinaciter
410 1586 495 1624 operatus
508 1586 541 1623 est,
553 1586 572 1614 et
586 1582 635 1624 quod
649 1582 737 1625 populum
752 1583 835 1616 exclusit.

133 1636 188 1670 Hanc
195 1635 285 1669 visionem
293 1640 311 1669 et
320 1634 457 1678 castigationem
467 1634 550 1678 pluribus
560 1633 643 1676 innotuit,
653 1640 750 1679 postquam
757 1636 779 1668 de
785 1635 835 1669 infir-

133 1688 195 1723 mitate
203 1687 234 1722 illa
242 1687 338 1722 conualuit.
383 1681 433 1722 Cum
442 1687 521 1731 quedam
529 1687 595 1721 mulier
602 1688 625 1721 ad
633 1687 721 1722 feretrum
727 1694 835 1732 argenteum

132 1743 235 1786 parandum
248 1743 267 1775 in
282 1752 318 1785 quo
330 1741 388 1775 sancti
402 1733 518 1775 Erkenwaldi
533 1751 600 1783 corpus
614 1746 719 1784 poneretur,
732 1746 752 1776 vt
767 1742 835 1785 aliquid

106 1807 125 1835 30
133 1795 206 1831 offerret
212 1794 286 1837 ibidem,
292 1800 354 1828 mente
363 1795 429 1828 deuota
436 1805 515 1838 pergere
523 1793 649 1838 preoptasset⁷
654 1806 659 1835 ;
670 1793 726 1828 aviro
734 1805 767 1829 suo
775 1795 835 1831 acrius

132 1850 230 1892 increpata,
243 1849 292 1891 quod
307 1853 427 1891 proposuerat
442 1847 520 1891 implere
535 1858 571 1880 non
587 1847 650 1890 potuit.
673 1847 767 1891 Sequente
782 1854 835 1883 nocte

132 1901 195 1934 infelix
210 1900 240 1934 ille
261 1900 313 1943 graui
327 1911 393 1933 renum
408 1900 495 1943 passione
506 1898 612 1942 corripitur,
631 1904 649 1932 et
662 1905 700 1932 tam
715 1900 781 1934 acriter
796 1902 836 1935 dira

132 1955 230 1988 humorum
246 1952 350 1987 collectione
365 1963 447 1996 pernen
461 1963 529 1996 paucos
543 1952 582 1986 dies
594 1957 676 1995 vexatur,
689 1957 708 1986 vt
721 1953 835 1988 medicorum

132 2006 198 2040 iudicio
206 2005 224 2039 in
233 2005 380 2048 desperationem
385 2010 492 2039 verteretur.
513 2005 583 2039 Verum
590 2005 632 2048 quia
638 2004 680 2039 dicit
687 2005 765 2041 Paulus:
775 2008 836 2041 ‘sana-

105 2073 123 2103 35
132 2061 180 2095 bitur
191 2059 219 2094 vir
231 2059 311 2094 infidelis
324 2069 359 2103 per
373 2058 469 2093 mulierem
483 2058 578 2101 fidelem;'
597 2069 639 2093 ecce
655 2059 765 2104 intempeste
778 2061 836 2096 noctis

133 2113 205 2149 silentio
216 2113 288 2147 mulieri
301 2113 320 2146 in
334 2112 416 2156 sompnis
428 2117 502 2146 sanctus
515 2112 647 2145 Erkenwaldus
659 2113 747 2156 apparuit,
757 2120 775 2148 et
787 2120 836 2148 certa

132 2168 244 2202 reuelatione
258 2165 353 2210 perdocuit
366 2166 452 2209 quatinus
467 2166 507 2199 sine
523 2165 583 2209 aliqua
598 2166 763 2209 procrastinatione
776 2168 836 2201 virum

133 2231 186 2256 suum
193 2220 303 2264 propensius
309 2220 398 2254 animaret
404 2223 423 2253 vt
429 2219 452 2253 ad
460 2219 518 2262 ipsius
526 2218 640 2253 mausoleum
649 2229 669 2253 se
677 2219 720 2253 ferri
728 2222 835 2265 preciperet.

133 2274 197 2316 Itaque
205 2283 259 2305 mane
267 2272 314 2304 facto
322 2271 385 2304 vxoris
393 2272 462 2304 monitu
474 2271 557 2304 humeris
567 2271 676 2305 famulorum
684 2273 712 2305 vir
722 2273 752 2305 ille
764 2279 836 2307 susten·

105 2340 125 2370 40
133 2331 181 2359 tatus
193 2324 216 2357 ad
231 2324 279 2357 beati
292 2323 343 2356 Pauli
358 2322 451 2356 basilicam
467 2322 541 2355 humilis
554 2327 573 2356 et
588 2323 666 2357 deuotus
681 2324 787 2366 adducitur;
806 2326 837 2359 vbi

132 2378 230 2413 auxiliante
245 2376 339 2420 sepedicto
355 2376 446 2420 pontifice,
462 2377 554 2420 languoris
570 2376 598 2409 sui
613 2377 691 2410 sanitate
703 2384 794 2422 percepta,
809 2379 837 2412 sui

134 2441 210 2476 compos
225 2428 311 2472 efficitur,
328 2434 347 2464 et
360 2429 391 2473 qui
403 2428 468 2462 alienis
481 2429 553 2463 adiutus
568 2433 644 2463 venerat
658 2429 741 2473 pedibus,
757 2432 837 2476 propriis

154 2490 159 2507 ¹
171 2489 212 2519 ΙΞοΙΙλ
220 2500 230 2518 a
237 2488 307 2526 periculo
315 2489 436 2526 omnipotenter.
468 2489 473 2504 ²
483 2488 500 2517 T.
507 2488 534 2517 Ta.
542 2489 582 2518 add:
593 2489 641 2517 Anno
649 2488 696 2526 igitur
702 2489 722 2518 ab
729 2490 837 2520 incarnatione

134 2530 191 2559 domini
204 2529 282 2567 M⁰ssc⁰lxl⁰
293 2538 351 2565 corpus
362 2529 409 2558 huius
420 2528 544 2566 [sacrosanctum
556 2529 648 2557 translatum
661 2533 690 2565 est,
701 2530 721 2558 ad
732 2530 809 2559 honorem
822 2535 838 2559 et

134 2568 203 2607 laudem]
210 2568 372 2599 dominilesuChristi
377 2569 403 2606 qui
408 2568 528 2598 estbenedictus
533 2568 549 2597 in
555 2568 607 2597 secula
612 2568 706 2605 seculorum,
713 2569 769 2599 Arnen.
790 2570 796 2587 ³
807 2580 837 2600 orn.

135 2610 152 2639 in
160 2609 195 2639 Sar.
226 2609 260 2638 ¹T.
268 2608 285 2638 E.
293 2609 349 2646 paruit.
380 2608 531 2638 ⁵E.vernicularet.
558 2608 646 2638 lT.illius.
672 2608 836 2649 ⁷Sar.peroptasset.
