1762 2803
88 106 166 150 .504
312 91 392 143 nuta
408 87 524 150 trenna
541 88 633 150 annia
697 99 822 148 [arenam

121 213 184 258 ginem
196 212 260 247 cultori
271 212 367 257 ydolorum
378 213 450 246 tradere
461 210 557 256 indignum
568 213 649 254 duceret,
659 218 699 247 tum
710 212 753 257 quia
764 212 823 257 ipsam

122 268 226 302 nullatenus
236 266 339 301 consentire
350 271 473 309 cognosceret,
481 271 520 299 tum
531 266 573 310 quia
584 266 633 310 regis
644 267 756 300 ferocitatem
768 266 823 309 pluri-

123 330 174 355 mum
188 320 299 353 formidaret.
328 319 372 361 Ipsa
388 325 449 352 autem
466 318 552 365 diuinitus
569 320 658 361 inspirata
672 318 719 362 patri
734 318 791 352 suasit
805 326 824 354 ut

123 371 205 416 predicto
217 370 255 414 regi
267 381 363 405 assensum
374 371 465 413 preberet,
477 381 499 404 ea
509 375 571 404 tamen
583 370 689 404 condicione
701 370 794 415 proposita
805 378 825 406 ut

107 424 164 470 5ipse
177 435 211 457 rex
224 434 265 457 cum
280 429 332 468 patre
345 424 408 458 decem
424 422 505 467 uirgines
518 423 638 459 electissimas
651 423 686 458 sibi
701 425 724 458 ad
738 423 824 461 solacium

123 479 210 521 traderet,
218 483 281 512 ettam
292 477 327 511 sibi
336 488 392 521 quam
402 476 441 510 aliis
450 477 500 511 mille
511 477 592 521 uirgines
601 477 707 521 assignaret,
716 483 733 512 et
743 478 825 515 inducias

123 530 196 566 triennii
210 531 245 564 sibi
257 531 308 564 daret
320 531 342 564 ad
355 530 490 565 dedicacionem
502 541 535 565 sue
549 530 661 575 uirginitatis,
673 536 691 564 et
703 531 742 574 ipse
754 530 825 567 iuuenis

123 583 226 628 baptizatus
239 583 258 617 in
271 583 307 617 hiis
318 583 376 618 tribus
387 583 441 617 annis
452 583 470 617 in
484 584 518 617 fide
529 583 654 618 instrueretur.
678 582 752 617 quenis
765 588 825 619 autem

123 637 202 672 libenter
213 637 247 670 hac
258 636 364 670 condicione
376 641 454 678 accepta,
464 635 565 679 baptizatus
576 642 609 670 est.
631 635 717 679 Vndique
726 636 781 680 igitur
791 637 826 670 uir-

98 705 117 727 1o
124 689 177 734 gines
190 688 288 733 confluunt,
303 688 383 733 undique
396 689 430 723 uiri
442 688 464 723 ad
476 694 513 722 tarn
524 689 594 732 grande
607 690 732 734 spectaculum
745 696 826 725 currunt.

126 744 174 777 Nam
182 743 233 776 multi
242 743 324 786 episcopi
334 744 357 775 ad
367 753 399 775 eas
408 743 544 782 confluxetrunt
554 747 574 775 ut
584 752 647 775 secum
657 747 766 786 pergerent:
779 743 826 777 inter

125 807 172 839 quos
187 801 226 829 erat
239 796 328 829 Pantulus
342 795 451 828 basileensis
465 794 568 837 episcopus,
581 794 612 836 qui
627 805 659 828 eas
672 805 731 837 usque
747 795 826 829 Romam

126 847 212 891 perduxit
230 852 249 881 et
266 846 309 880 inde
326 856 413 879 reuersus
428 856 470 879 cum
484 845 510 879 eis
527 846 628 879 martirium
643 845 736 891 suscepit).
759 847 826 882 Sancta

127 911 200 944 quoque
212 899 300 932 Gerasina
314 898 378 942 regina
389 897 463 941 Sitcilie,
475 899 518 942 que)
530 897 591 932 uirum
601 910 655 933 suum
665 910 728 944 regem
740 900 827 935 crudelis-

100 970 117 1000 15
127 954 194 987 simum
213 964 237 986 ex
251 952 294 997 lupo
308 952 375 986 lecerat
388 962 462 996 agnum,
473 962 525 985 soror
535 952 634 996 Ma[u]risii
648 952 729 997 episcopi
741 958 759 988 et
771 953 826 990 Darie

127 1006 190 1041 matris
205 1010 268 1039 sancte
279 1005 352 1047 VrsuIe,
364 1015 405 1039 cum
420 1005 480 1039 eidem
493 1005 559 1048 [pater]
574 1011 637 1040 sancte
653 1005 720 1040 Vrsule
735 1012 826 1041 secretum

126 1069 160 1102 per
170 1058 232 1091 literas
240 1057 349 1097 intimasset,
357 1057 443 1090 continuo
451 1068 492 1091 cum
500 1063 578 1100 quatuor
585 1059 656 1092 filiabus
664 1058 708 1101 suis,
717 1058 792 1101 Babilla,
799 1059 827 1093 lu·

127 1111 179 1152 liana,
189 1109 273 1153 Victoria,
285 1115 304 1144 et
313 1110 380 1151 Aurea,
389 1115 407 1143 et
418 1110 494 1154 paruulo
506 1120 539 1144 suo
551 1109 633 1144 Adriano
644 1121 702 1155 usque
714 1110 827 1147 Britanniam

127 1164 240 1208 Angli[c]am
248 1164 345 1206 nauigauit.
367 1163 450 1196 Tandem
457 1173 499 1197 cum
507 1162 573 1197 Vrsula
581 1174 646 1197 omnes
653 1164 676 1198 ad
685 1164 740 1198 fidem
747 1164 827 1208 uirgines

100 1237 119 1257 20
127 1217 253 1257 conuenisset,
265 1218 288 1250 ad
302 1216 361 1260 angeli
375 1215 497 1249 monicionem
511 1215 591 1249 Romam
606 1216 678 1260 nauigio
692 1218 790 1251 tendentes
805 1219 828 1252 ad

127 1271 193 1304 urbem
208 1268 299 1303 Basileam
314 1268 440 1313 applicuerunt
455 1273 473 1303 et
491 1268 558 1303 ibidem
575 1268 641 1303 relictis
656 1268 734 1303 nauibus
750 1269 828 1304 Romam

127 1322 239 1366 ped(estres)
247 1325 344 1355 uenerunt.
366 1321 397 1354 Ad
408 1331 486 1365 quarum
497 1322 596 1355 aduentum
608 1332 656 1365 papa
667 1322 763 1365 Ctiriacus)
775 1323 828 1356 ualde

127 1374 207 1419 gauisus,
219 1384 261 1408 cum
272 1373 313 1418 ipse
325 1375 348 1408 de
360 1373 461 1417 Britanntia
472 1378 521 1408 esset
532 1373 627 1416 or)iundus
638 1379 656 1409 et
665 1375 731 1409 multas
742 1374 790 1409 inter
798 1385 829 1410 eas

128 1427 288 1471 consanguineas)
297 1427 378 1469 haberet,
386 1438 418 1460 eas
427 1437 469 1460 cum
477 1438 550 1461 summo
558 1428 627 1462 honore
635 1429 721 1472 suscepit.
744 1428 780 1471 (In)
789 1429 829 1472 ipsa

102 1500 121 1530 ²5
130 1485 183 1516 noete
195 1491 245 1524 pape
258 1480 344 1514 diuinitus
355 1480 451 1522 reueletur,
461 1490 503 1513 eum
517 1480 565 1523 (cum
573 1480 626 1524 ipsis)
637 1480 739 1524 uirginibus
750 1481 829 1525 palmam

130 1533 207 1567 martirii
222 1538 357 1576 percepturum.
388 1532 455 1575 (Vnde)
472 1543 513 1566 cum
528 1543 576 1566 anno
590 1543 627 1566 uno
643 1539 660 1567 et
675 1534 760 1568 undecim
775 1534 830 1568 ebdo-

130 1585 214 1620 madibus
229 1585 284 1629 (post)
299 1585 374 1619 Petrum
387 1584 530 1619 decimusnonus
544 1585 639 1619 ecclesiam
653 1586 737 1629 rexisset,
749 1585 830 1630 dignitati

130 1645 148 1673 et
156 1638 214 1672 officio
222 1638 327 1682 resignauit.
349 1638 383 1672 Set
390 1648 432 1671 cum
442 1638 543 1672 cardinales
551 1638 671 1673 reclamarent
679 1644 697 1673 et
705 1649 747 1674 eum
753 1639 831 1674 delirare

130 1696 220 1737 putarent,
227 1692 289 1736 (quod)
297 1691 358 1725 relicta
364 1696 442 1736 papatus
447 1691 504 1736 gloria
508 1696 550 1735 post
556 1692 644 1735 quasdam
650 1692 766 1727 mulierculas
772 1693 830 1727 fatuas

103 1767 122 1796 3⁰
130 1745 157 1779 ire
170 1744 231 1786 uellet,
243 1744 284 1778 ideo
296 1754 364 1779 nomen
376 1744 415 1778 eius
428 1755 451 1778 ex
463 1745 555 1788 cathalogo
569 1744 747 1788 pontificumclerus
758 1746 831 1784 abrasit,

131 1797 257 1840 (omnemlque
272 1798 351 1840 graciam
365 1808 420 1840 quam
433 1808 486 1830 sacer
500 1797 529 1830 ille
545 1797 638 1842 uirginum
653 1798 720 1831 chorus
733 1798 759 1840 (in
774 1798 831 1840 cu)ria

130 1859 206 1885 romana
215 1849 308 1893 habuerat,
319 1849 342 1894 (a)
353 1855 435 1894 ternpore
446 1850 482 1894 (ilio
493 1849 566 1894 amilsit.
589 1849 630 1885 Duo
642 1855 703 1886 autem
714 1850 770 1895 iniqui
782 1850 831 1895 prin-

130 1903 181 1947 cipes
196 1902 280 1945 roma[ne
295 1902 374 1946 millieie
390 1902 458 1937 scilicet
471 1903 563 1937 Maximus
578 1908 596 1938 et
610 1903 721 1945 Affricanus,
734 1904 832 1948 (uidentes)

130 1966 217 2000 magnam
229 1956 321 2001 uirginum
333 1956 467 1991 multitudinem
479 1956 593 2001 tinnuerunt)
602 1967 625 1992 ne
636 1967 671 2001 per
678 1968 710 1993 eas
718 1957 772 1993 ulmis
783 1968 832 1993 cres-

104 2015 182 2059 35ceret
193 2010 257 2053 religio
276 2010 437 2053 christianorum).
461 2011 577 2054 Quapropter
595 2021 658 2044 earum
678 2011 786 2054 diligencius
801 2022 832 2043 ex-

131 2064 226 2104 plorantes
239 2063 280 2105 (iter
291 2063 377 2104 nuncilos
388 2064 477 2095 miserunt
488 2063 510 2095 ad
522 2062 590 2095 Iulium
602 2067 698 2104 cognatum
710 2073 763 2096 suum
776 2062 833 2106 (prin-

132 2114 199 2158 cipem)
212 2113 271 2157 gentis
284 2114 387 2157 Hunorum,
401 2119 420 2149 ut
430 2115 494 2149 educto
506 2118 569 2148 contra
582 2125 613 2148 eas
626 2114 711 2154 exercitu,
727 2116 778 2159 ipsas
791 2125 832 2148 cum

133 2166 231 2201 christiane
239 2171 307 2209 essent,
315 2178 356 2201 cum
366 2167 457 2210 uenir(ent
466 2167 574 2209 Cololniam,
581 2167 684 2202 trucidaret.
696 2168 764 2202 Beatus
772 2173 832 2202 autem

133 2219 215 2253 Ciriacus
229 2229 271 2252 cum
283 2219 331 2263 (illis)
343 2220 446 2263 uirginibus
457 2220 481 2253 de
492 2220 538 2254 urbe
550 2230 637 2263 egressus
649 2224 682 2263 est,
693 2231 748 2265 quem
760 2226 833 2255 secutus

104 2292 125 2321 40
133 2277 162 2306 est
174 2271 285 2305 Vincencius
299 2271 395 2305 cardinalis
408 2273 503 2316 presbiter,
516 2278 534 2306 et
546 2272 644 2315 Ia(eobus),
658 2273 689 2316 qui
702 2274 725 2307 de
739 2273 833 2307 Britannia

133 2324 192 2368 patria
199 2334 232 2357 sua
242 2323 261 2357 in
273 2323 389 2357 Antiochiam
399 2325 491 2368 profectus
501 2324 667 2369 archiepiscopatus
677 2325 783 2370 dignitatern
793 2336 834 2370 sep·

133 2383 171 2411 tem
183 2377 236 2410 annis
245 2376 314 2410 ibidem
324 2377 393 2412 tenuit:
409 2379 440 2422 qui
451 2388 492 2412 cum
504 2388 571 2422 papam
582 2378 674 2413 uisitasset
685 2380 710 2423 (et
722 2378 758 2414 iam
769 2380 834 2415 urbem

134 2441 220 2476 egressus
233 2432 257 2464 de
269 2430 361 2474 uirginum
374 2432 454 2465 aduentu
467 2431 560 2473 audiisset,
573 2433 653 2467 concitus
666 2432 720 2467 rediit
733 2439 751 2467 et
764 2432 834 2467 itineris

133 2495 154 2518 ac
173 2482 267 2527 passionis
286 2493 306 2517 se
330 2483 357 2517 eis
376 2484 445 2517 socium
465 2484 513 2518 fecit.
543 2484 642 2519 Maurisius
662 2496 734 2530 quoque
753 2486 835 2520 lauicane

105 2535 184 2586 45urbiS
203 2536 301 2580 episcopus
317 2537 417 2571 auunculus
434 2537 497 2572 Babile
512 2543 530 2572 et
547 2537 629 2581 Iuniano,
646 2539 740 2583 Foiltanus
755 2538 834 2573 lucensis
