1762 2803
148 197 190 239 160
332 197 412 248 mota
428 193 545 257 bracata
561 194 656 256 anate.

146 313 266 349 tribunalibus
276 320 339 349 contra
348 326 378 349 me
385 315 455 349 iudices
464 315 483 349 in
494 317 577 360 sompnis
587 316 630 357 uidi,
638 316 686 350 inter
693 326 739 359 quos
749 316 803 350 simul
812 317 847 351 iste

146 369 227 409 sedebat,
239 372 256 400 et
268 367 360 410 flagellum
372 369 420 410 quod
432 368 529 411 aliquando
541 374 603 401 contra
613 369 723 406 christianos
735 379 848 412 acceperam,

146 430 210 454 eorum
222 419 276 453 michi
287 419 352 453 iudicio
364 420 466 454 tollebatur.
489 421 611 455 Percunctare
621 422 706 465 quisnam
716 422 745 463 sit,
757 431 800 455 nam
813 432 848 465 ego

146 472 198 507 illum
209 472 325 515 popul(arem
336 472 402 515 uirum)
411 478 431 506 ut
444 473 555 517 conspicitur
568 485 609 508 esse
623 484 660 508 non
672 474 765 517 suspicor.¹
789 474 848 516 (Tunc

129 534 137 564 5
146 527 210 568 gener)
221 524 270 567 regis
280 535 291 557 a
301 525 377 558 Paulino
387 525 471 568 quisnam
483 531 533 560 esset
544 527 623 570 sec(reto
635 526 742 571 inquisiuit).
765 525 798 560 Cui
808 526 847 561 ille:

146 578 226 612 ‘Seruus
238 582 280 611 tuus
292 577 346 620 (sum,
354 589 409 621 quem
420 589 454 622 pro
466 579 503 613 filio
514 579 576 623 uidue)
589 580 696 624 suscepisti!
720 580 803 623 Cumque
814 580 848 623 (in-

146 636 217 664 stanter
227 630 328 673 requireret
337 631 363 672 ut)
374 642 411 664 non
424 632 465 674 quis
479 637 534 672 esset,
545 639 574 666 set
587 634 628 676 quis
642 634 661 666 in
673 633 713 674 (sua
725 638 773 666 terra
784 633 849 667 fuisset

146 681 247 726 inldicaret
261 682 367 727 episcopum
383 693 403 717 se
418 682 475 717 fuisse
490 684 573 726 (testatus
589 689 621 720 est.
650 684 711 728 Quod)
723 684 754 719 ille
766 684 848 726 audiens,

146 737 199 770 ualde
211 735 312 778 pertimtuit
322 741 340 770 et
352 736 444 770 humiliter
454 737 511 771 dixit:
530 737 593 780 ‘Pelte
604 739 653 781 quod
665 738 699 779 uis,
708 743 728 771 ut
738 738 762 771 ad
772 738 849 782 ter(ram

120 793 196 822 rotuam
209 799 250 821 cum
262 799 328 831 magno
341 789 410 823 honore
421 789 530 824 reuertaris!
554 790 595 833 Ctui
608 790 643 825 ait:
659 790 731 824 ‘Vnum
744 791 779 824 hoc
793 791 849 824 hene-

146 841 208 875 ficium
218 840 326 885 impendere
336 842 400 885 (potes,
411 847 431 875 ut
440 853 506 876 omnes
516 841 601 885 ciuitatis)
613 854 655 877 mee
665 843 754 887 captiuots
764 843 848 878 relaxes:

147 894 182 936 Qui
192 894 251 929 cuncti
261 894 344 938 protinus
354 894 373 928 in
381 895 484 938 Aflsrlcana
493 896 568 939 regione
578 896 666 939 requisiti,
674 907 707 939 pro
715 896 750 930 uiri
758 896 788 929 dei
796 897 848 930 satis·

107 953 108 956 ’
147 947 235 990 faclcioue
249 948 325 981 relaxati
336 953 384 982 sunt.
404 948 450 991 (Nec
463 949 519 982 multo
529 954 571 992 post
582 960 616 982 rex
626 949 709 982 occubuit
721 954 739 982 et
748 948 849 992 ssalgellum

147 1002 196 1044 quod
205 1000 242 1043 [ad]
253 1010 305 1034 suam
314 1000 421 1044 (perniciem
430 1000 549 1045 dispensante
560 1002 594 1036 deo
605 1002 645 1046 pro)
654 1000 750 1046 disciplina
762 1001 849 1045 fili(orum

120 1060 138 1090 15
147 1054 217 1097 accepit
228 1053 293 1087 amisit.
317 1054 346 1096 Et)
358 1054 387 1086 uir
398 1056 428 1087 dei
439 1056 469 1097 qui
482 1066 502 1088 se
514 1055 574 1088 solum
585 1056 605 1088 in
618 1055 717 1088 seruieium
730 1054 849 1098 (tradiderat),

148 1116 189 1138 cum
198 1104 259 1139 multis
269 1105 293 1139 ad
301 1105 403 1139 libertatem
411 1107 471 1150 rediit]
477 1107 488 1141 ¹.

238 1242 253 1279 ii
264 1236 297 1276 DE
309 1252 379 1276 SANCTO
391 1235 495 1277 BRITHUNO
506 1253 579 1277 ABBATE
591 1253 614 1277 ET
625 1243 758 1277 CONFESSORssa·

148 1315 292 1391 VEnerabilis
305 1315 372 1349 Christi
384 1316 480 1350 consessor
492 1316 597 1358 Brithunus,
609 1327 633 1349 ex
646 1316 735 1360 progenie
745 1315 850 1359 Anglorum

210 1367 300 1411 originem
312 1369 386 1409 ducens,
394 1369 482 1402 diaconus
492 1369 549 1403 sancti
561 1369 648 1402 Iohannis
658 1368 798 1402 Beuerlacensis
810 1368 850 1412 epi-

148 1422 199 1466 scopi
212 1420 242 1454 diu
255 1421 367 1465 permansit3
381 1432 436 1466 quem
450 1433 484 1466 pro
496 1422 533 1457 vite
545 1421 640 1456 sanctitate
651 1426 669 1456 et
681 1420 767 1455 laudabili
779 1432 850 1455 morum

121 1486 139 1507 πο
148 1474 287 1509 conuersatione
293 1485 328 1517 pre
334 1475 400 1508 ceteris
406 1475 541 1509 familiariorem
548 1480 566 1509 et
572 1476 648 1509 charum
654 1485 729 1519 semper
735 1475 803 1517 habuit,
808 1480 826 1508 et
832 1474 850 1508 in

148 1527 259 1562 monasterio
267 1527 370 1569 Deirwode,
379 1527 397 1560 id
406 1533 434 1561 est
446 1528 503 1562 ‘silue
512 1527 610 1561 Deirorum
617 1527 692 1571 ’—quod
701 1528 755 1560 modo
764 1526 850 1560 Beuerla-

149 1591 181 1614 cus
192 1580 338 1623 appellatur—ab
346 1581 412 1614 eodem
423 1585 485 1614 sancto
496 1580 578 1614 Iohanne
588 1591 599 1614 a
609 1579 733 1614 fundamentis
742 1583 851 1620 constructo,

149 1633 234 1666 abbatem
249 1631 346 1666 constituit.
374 1632 453 1666 Sanctus
468 1633 517 1666 enim
533 1632 631 1672 lohannes,
649 1637 743 1666 senectute
759 1637 850 1675 grauatus,

150 1685 225 1718 dimisso
238 1683 350 1726 episcopatu,
362 1683 381 1716 in
393 1694 426 1717 suo
440 1683 551 1717 monasterio
565 1683 642 1727 prefato,
656 1683 726 1717 abbatis
741 1683 851 1718 venerabilis

123 1741 141 1772 ²5
151 1736 236 1771 Brithuni
250 1736 330 1779 consilio,
343 1741 420 1780 quatuor
432 1737 485 1771 annis
500 1737 518 1771 in
534 1737 616 1781 angelica
628 1736 768 1770 conuersatione
781 1737 851 1780 degens

149 1790 206 1824 vitam
220 1789 283 1823 finiuit.
307 1789 347 1831 Quo
360 1789 383 1822 ad
396 1789 444 1823 celos
455 1790 548 1830 translato,
561 1789 670 1824 venerabilis
683 1789 783 1823 Brithunus
794 1790 851 1823 abhas

150 1843 199 1877 omni
214 1847 298 1885 tempore
311 1842 348 1876 vite
363 1853 402 1884 sue,
417 1842 467 1877 velut
482 1843 541 1876 bonus
557 1843 660 1885 alumpnus,
676 1842 758 1885 magistri
773 1841 852 1876 imitator

150 1896 230 1935 effectus,
239 1894 257 1928 in
266 1893 315 1928 omni
323 1894 360 1929 vite
367 1894 451 1938 puritate,
459 1894 531 1938 vigiliis,
538 1894 616 1936 ieiuniis,
625 1894 738 1928 orationibus
749 1894 852 1938 ceterisque

150 1949 203 1981 bonis
213 1947 300 1990 operibus
311 1958 369 1990 vsque
379 1948 402 1979 ad
410 1947 447 1980 vite
459 1947 516 1980 finem
526 1947 659 1990 perseuerauit.
683 1947 727 1980 Erat
739 1947 788 1980 enim
797 1947 852 1980 virtu-

122 2010 141 2040 30
149 2006 188 2034 tum
200 2005 274 2042 amator,
286 1999 371 2034 vitiorum
381 2004 493 2043 persecutor,
505 2000 569 2033 mundi
581 1999 634 2033 huius
647 2003 766 2043 contemptor,
778 1998 852 2034 celestis

150 2053 201 2097 regni
214 2052 334 2094 desiderator,
347 2052 408 2095 gregis
419 2051 454 2085 sibi
465 2051 558 2086 commissi
570 2056 632 2085 custos
647 2051 707 2086 fidelis
718 2056 736 2085 et
748 2051 852 2093 instructor,

149 2105 216 2140 iustitie
229 2110 247 2137 et
259 2105 332 2148 pietatis
348 2110 435 2138 executor
448 2104 556 2146 indefessus,
571 2104 713 2138 elemosinarum
728 2104 819 2146 largitioni
834 2108 853 2136 et

149 2157 267 2202 hospitalitati
278 2157 362 2199 deditus;
374 2162 391 2191 et
400 2156 419 2191 in
431 2156 497 2200 quibus
510 2157 544 2191 deo
557 2157 630 2201 placere
644 2157 699 2199 nouit,
712 2156 776 2191 sedule
789 2156 852 2190 minis-

150 2216 199 2245 trare
210 2215 227 2245 et
238 2220 315 2253 operam
327 2211 370 2244 dare
381 2210 456 2244 curauit.
479 2210 562 2253 Cumque
574 2210 593 2243 in
603 2210 687 2243 omnibus
700 2209 787 2253 operibus
800 2208 853 2243 bonis

123 2276 141 2307 3⁵
150 2274 208 2308 usque
218 2263 241 2296 ad
253 2262 365 2306 decrepitam
376 2266 443 2296 etatem
452 2263 486 2296 deo
495 2262 584 2304 seruiens,
592 2262 727 2296 sanctissimam
735 2263 791 2296 vitam
800 2272 853 2296 suam

150 2315 247 2351 laudabili³
256 2317 294 2350 fine
305 2315 446 2360 compleuisset;
456 2315 516 2350 idibus
526 2315 568 2349 maii
579 2315 643 2350 relicto
654 2315 715 2350 seculo
726 2314 800 2349 celestia
810 2326 853 2349 con·

151 2369 227 2410 scendit,
236 2374 254 2402 et
261 2368 280 2402 in
289 2379 322 2401 suo
331 2369 441 2402 monasterio
450 2379 491 2401 cum
499 2378 566 2410 magno
576 2369 646 2402 honore
655 2368 768 2409 sepulturam
778 2367 853 2410 accepit.

152 2421 242 2455 Processu
254 2431 298 2455 vero
311 2420 405 2464 temporis,
417 2420 560 2455 clarescentibus
572 2421 612 2455 etus
626 2419 696 2454 meritis
708 2424 726 2453 et
737 2419 806 2455 crebris
820 2419 853 2454 mi-

170 2499 176 2517 ¹
186 2499 246 2529 Collect
253 2500 270 2529 in
276 2499 290 2528 T
297 2499 323 2537 (cs.
331 2500 377 2529 Brcv.
384 2498 456 2537 Atera).

172 2540 233 2577 Sancte
245 2544 309 2581 Brigidc
319 2544 385 2581 uirginis
392 2548 419 2573 tue
426 2544 489 2573 domine
497 2553 580 2581 quesumus
589 2541 662 2580 precacio
669 2541 697 2571 tibi
704 2545 748 2580 grata
755 2551 785 2572 nos
790 2543 854 2573 adiuuet

152 2588 168 2613 et
175 2589 217 2613 tuam
224 2584 269 2612 nobis
277 2583 389 2620 indulgentiam
396 2592 463 2620 poscere
470 2592 503 2612 non
510 2584 581 2621 desistat,
589 2591 621 2620 per.

171 2622 177 2639 ²
188 2623 212 2653 edi
219 2622 235 2650 in
242 2622 277 2652 Act.
285 2622 314 2653 SS.
323 2623 362 2652 Boll.
372 2623 409 2660 May
417 2623 445 2653 lll.
454 2632 468 2660 p.
478 2631 512 2660 501.
613 2620 619 2638 ³
630 2622 648 2652 E.
657 2621 738 2653 laudabile.
