1762 2803
230 89 275 144 De
290 86 377 142 &ouo
392 86 446 145 boi
462 85 574 139 oouttco.
707 87 752 142 437

52 208 88 242 tius
96 214 153 243 totum
162 220 229 253 corpus
237 210 323 244 edomuit.
343 209 404 253 Igitur,
412 209 529 244 miseratione
538 208 605 251 diuina,
613 214 666 242 nocte
674 208 753 251 quadam

53 271 94 294 eum
103 267 168 303 oraret,
177 261 232 295 astitit
239 261 256 295 ei
264 261 323 295 subito
331 261 387 295 irater
394 262 439 303 eius,
446 266 498 296 veste
506 262 600 301 candidus
608 260 659 294 vultu
670 260 754 300 decorus,

53 313 136 348 eiusdem
149 313 207 348 forme
219 319 237 348 et
248 319 318 348 stature
330 314 382 348 cuius
393 313 452 348 suerat
463 319 505 349 ante
516 319 600 354 mortem,
610 312 685 347 dicens:
697 311 753 356 ‘Eya,

53 367 110 401 frater
117 367 142 401 mi
151 367 235 409 Godrice‚
243 378 297 402 serue
307 367 342 408 dei,
350 368 438 401 hactenus
448 367 505 402 multa
515 367 563 402 mala
571 365 655 409 sustinui,
664 365 697 400 sed
705 375 754 400 nunc

53 420 138 466 precibus
155 420 191 455 tuis
208 420 285 462 adiutus,
301 419 319 455 in
336 420 452 455 Hierusalem
469 426 532 456 sancta
549 420 622 456 ciuitate
638 419 719 454 consisto
736 424 771 458 ets

53 480 116 509 eterna
132 476 179 509 bona
194 475 292 519 possideo:
306 474 336 509 vbi
352 480 370 509 et
384 480 404 509 tu
420 475 490 509 solutus
505 486 515 509 a
530 486 612 520 corpore,
625 472 754 509 interminabili

53 528 120 572 gaudio
131 528 239 572 perfrueris.
261 528 347 571 Agnosce
359 528 401 571 quia
412 539 446 571 ego
458 529 498 572 ipse
510 539 550 563 sum
562 529 593 573 qui
605 533 687 563 mortuus
699 527 724 561 sui
736 533 754 561 et

54 582 108 614 modo
116 581 152 615 vita
160 582 291 615 fruoreterna.¹
315 581 337 614 Et
346 580 375 614 his
383 580 436 615 dictis
444 582 538 625 disparuit.
561 582 594 615 Ille
604 581 681 616 multum
692 580 754 615 huius·

54 633 103 667 modi
118 633 243 669 consolatione
256 634 328 675 letatus,
341 634 410 677 gratias
424 634 486 668 diuine
500 634 579 668 reddidit
591 635 658 678 pietati.
703 626 754 669 Cum

54 686 169 731 lepusculum
180 686 230 720 olera
241 697 274 720 sna
286 686 416 731 depascentem
427 686 523 729 inueniret,
536 686 635 731 fugientem
646 687 665 721 in
680 686 784 720 nominem

55 739 110 774 Ihesu
121 740 188 774 Christi
200 745 249 774 stare
261 739 349 784 precepit.
373 740 396 774 Et
409 741 499 775 accedens
510 739 558 785 cepit
571 740 629 785 ipsius
644 740 701 774 latera
713 748 755 772 cum

54 793 131 837 flagellis
143 794 215 835 cedere,
226 803 326 836 cesumque
338 792 390 826 duxit
401 794 424 827 ad
436 794 510 834 exitum,
521 799 539 827 et
550 793 655 828 fasciculum
667 793 690 827 de
701 791 755 826 oleri·

55 847 89 880 bus
103 846 179 890 alligans
193 846 248 880 dorso
262 845 307 888 eius,
319 845 365 880 dixit
378 846 401 880 ad
416 856 470 881 eum:
482 845 577 891 ‘Precipio
588 845 626 887 tibi,
638 851 657 880 et
668 844 756 880 uniuerso

19 910 22 914 ·
54 899 118 942 generi
129 904 166 938 tuo,
180 909 203 932 ne
216 899 251 932 huc
266 899 345 941 amplius
359 900 447 933 accedere
462 899 584 942 presumatis!
607 898 630 932 Et
645 899 711 933 sactum
727 904 756 932 est

55 951 84 985 ita.
130 943 207 996 Rogero
222 949 283 995 priore
298 950 414 984 dunelmensi
427 962 438 983 a
450 950 512 984 seculo
526 950 621 995 migrante,
633 950 705 984 cuidam
721 949 784 988 ciui15

55 1014 112 1048 super
123 1004 162 1039 eius
173 1003 250 1038 transitu
262 1003 330 1038 dolenti
341 1004 365 1038 ait
375 1004 476 1038 Godricus:
489 1004 578 1047 ‘Reuera,
589 1004 620 1045 tili,
630 1002 670 1038 dies
680 1009 757 1047 quatuor

55 1057 167 1091 transierunt
182 1067 206 1091 ex
219 1067 255 1100 quo
267 1057 362 1090 neminem
374 1067 450 1101 prorsus
462 1056 505 1100 vidi,
518 1057 556 1091 scio
571 1062 632 1091 tamen
643 1057 716 1101 quando
729 1055 758 1090 vir

55 1110 86 1143 ille
92 1110 181 1144 discessit.
197 1109 247 1143 Obiit
255 1109 304 1143 enirn
312 1109 331 1142 in
339 1110 446 1153 crepusculo
454 1110 484 1144 die
492 1109 641 1149 nudiustertiana,
647 1115 665 1144 et
672 1108 757 1152 migrauit

56 1163 79 1197 ad
90 1162 157 1206 gaudia
169 1161 214 1197 lucis
229 1167 298 1203 eterne,
309 1161 391 1206 viditque
403 1162 460 1196 miser
472 1161 562 1197 Godrieus
575 1167 594 1196 et
605 1162 679 1207 agnouit
692 1162 756 1196 eadem

56 1216 101 1249 hora
113 1215 197 1259 spiritum
208 1215 334 1258 emigrantem,
345 1221 363 1249 et
375 1222 436 1249 certus
447 1221 476 1250 est
487 1226 529 1249 eum
541 1226 583 1249 esse
594 1221 684 1259 perpetua
695 1214 757 1258 quiete
765 1224 785 1246 ao

56 1269 154 1302 donatum.¹
200 1260 292 1302 Edificata
305 1268 384 1312 quadarn
396 1268 465 1312 capelia
476 1278 510 1312 per
521 1268 589 1302 amicos
601 1268 646 1308 eius,
659 1266 757 1311 postulauit

56 1321 163 1365 frequenter
173 1332 184 1354 a
196 1320 270 1355 domino
279 1326 298 1354 vt
308 1320 396 1355 indicaret
406 1321 425 1354 in
434 1321 486 1355 cuius
496 1331 537 1356 eam
546 1320 601 1356 vellet
613 1320 670 1355 sancti
682 1320 757 1355 nomine

56 1374 142 1408 dedicari.
163 1374 220 1417 Igitur
227 1373 258 1407 die
266 1374 344 1417 quadam
351 1374 407 1408 astitit
418 1374 435 1408 ei
445 1374 520 1418 spiritus
529 1374 603 1417 quidam
611 1373 758 1418 preclarissimus

56 1431 75 1461 et
86 1426 166 1469 undique
179 1426 287 1467 luminosus,
301 1425 332 1469 qui
344 1426 404 1460 taliter
414 1431 443 1461 est
455 1427 536 1461 locutus:
549 1426 617 1461 ‘Serue
631 1426 660 1461 dei
674 1425 758 1468 Godrice‚

56 1491 80 1513 ne
88 1479 163 1514 timeas!
172 1491 207 1523 ego
222 1490 264 1513 sum
280 1478 372 1513 lohannes
388 1478 476 1523 Baptista,
487 1479 516 1513 cui
529 1479 571 1513 tue¹
584 1478 621 1513 vite
633 1478 716 1513 custodia
729 1483 758 1513 est
767 1488 785 1518 25

56 1543 67 1566 a
81 1533 155 1566 domino
168 1532 257 1576 delegata⁴
280 1531 325 1565 ldeo
337 1542 413 1566 securus
425 1532 444 1565 in
457 1533 507 1566 omni
518 1532 634 1567 tribulatione
646 1543 676 1567 me
687 1531 758 1574 inuoca,

57 1591 75 1620 et
88 1585 124 1620 mei
136 1596 211 1629 semper
222 1585 288 1618 habeto
300 1585 414 1627 memoriam,
425 1585 468 1628 quia
478 1585 511 1619 tibi
523 1596 555 1619 ero
566 1590 663 1630 promptus
674 1585 758 1619 adiutor:

57 1644 75 1673 et
83 1639 116 1673 hoc
125 1638 216 1672 edificium
224 1648 266 1672 meo
276 1637 346 1671 nomini
358 1639 485 1673 consecrabis?
508 1638 544 1673 His
555 1638 608 1674 dictis
618 1637 714 1680 discessit;
726 1638 759 1672 sed

57 1691 108 1726 cuius
122 1697 172 1725 esset
185 1690 259 1734 speciei,
272 1701 283 1723 a
296 1690 374 1724 Godrico
389 1691 479 1734 perpendi
492 1702 526 1735 pre
539 1691 596 1726 nimio
609 1691 709 1735 splendore
721 1701 759 1725 non

57 1744 120 1790 potuit.
166 1737 247 1779 Dicebat
257 1749 319 1776 autem
329 1754 350 1776 se
360 1755 401 1777 cum
412 1745 466 1778 beato
477 1745 558 1778 Iohanne
568 1744 631 1788 sepius
641 1743 698 1778 tuisse
709 1744 759 1778 locu·
768 1752 788 1782 3⁰

57 1804 106 1839 tum;
119 1802 137 1831 et
149 1796 174 1831 ita
186 1797 242 1830 fixam
257 1801 300 1840 post
312 1797 357 1829 hec²
369 1798 432 1830 habuit
444 1797 493 1831 illius
507 1798 525 1831 in
539 1803 601 1831 mente
613 1796 727 1838 memoriam,
739 1804 759 1832 vt

57 1861 122 1884 omnes
134 1849 197 1884 actus³
210 1859 253 1883 snos
267 1850 283 1882 ei
295 1850 422 1890 committeret,
432 1850 538 1894 nullumque
550 1855 655 1884 sanctorum
667 1849 706 1884 sine
718 1849 759 1894 ipso

57 1903 155 1937 inuocaret.
200 1894 291 1945 Loquens
303 1901 393 1935 Godricus
405 1911 446 1936 curn
459 1902 538 1946 hospite,
548 1902 592 1936 vidit
602 1901 672 1936 moueri
685 1912 759 1937 crucem

58 1967 114 2000 super
125 1956 187 1996 altare,
198 1954 326 1998 hospitemque
338 1954 449 1988 commonuit
459 1960 479 1988 vt
490 1955 524 1989 hoc
536 1955 627 1998 aspiceret
640 1955 729 1988 attencius
741 1961 759 1989 et

57 2015 122 2044 oraret.
145 2008 212 2042 Vident
227 2008 283 2052 igitur
298 2018 371 2042 crucem
386 2013 404 2042 et
420 2009 526 2043 crucifixum
542 2008 611 2043 eleuari
626 2008 649 2042 de
664 2007 713 2052 ligno
730 2008 759 2043 cui
768 2016 786 2047 35

57 2064 117 2097 stabat
131 2063 194 2104 infixa,
210 2067 228 2096 et
243 2062 356 2096 descendere
371 2072 428 2105 super
439 2062 502 2096 altare.
525 2061 570 2096 Post
581 2061 600 2095 in
610 2060 683 2105 lapideo
696 2072 759 2097 coram

57 2116 109 2150 altari
117 2126 138 2149 se
146 2115 230 2160 deposuit
238 2114 349 2158 pauimento,
358 2120 376 2149 et
386 2114 429 2149 inde
439 2115 462 2148 ad
472 2115 540 2158 gradus
551 2114 647 2148 inferiores
658 2114 759 2157 descendit,

57 2169 118 2212 ibique
134 2179 169 2212 per
183 2179 238 2201 vnam
253 2168 292 2201 sere
307 2168 371 2201 horam
383 2169 491 2211 procubuit3
507 2173 526 2202 et
541 2167 606 2210 imago,
619 2168 671 2210 quasi
683 2167 759 2210 viueret,

57 2221 150 2266 palpitans
165 2221 276 2254 mouebatur.
300 2219 372 2254 Deinde
388 2222 453 2254 eodem
472 2221 536 2254 ordine
553 2231 590 2264 quo
608 2224 684 2253 venerat
699 2220 759 2254 suble·

58 2278 115 2315 natur,
124 2278 142 2308 et
150 2272 169 2307 in
177 2272 221 2316 ligni
229 2272 311 2307 foramen
321 2273 407 2317 infigitur.
429 2273 498 2308 Vocato
508 2273 562 2317 igitur
571 2272 658 2316 episcopo
669 2272 759 2307 Godn'cus
767 2281 788 2310 4⁰

58 2333 145 2362 euentum
157 2325 184 2359 rei
196 2326 291 2370 exposuit3
303 2326 332 2361 cui
344 2337 388 2361 mox
400 2327 431 2361 ille
444 2325 550 2370 respondit:
563 2325 661 2365 ‘Arbitror¹
675 2325 709 2361 hoe
721 2331 759 2361 stu-

58 2381 119 2425 pende
130 2379 215 2414 nouitatis
222 2379 330 2414 miraculum
338 2390 380 2414 esse
388 2379 420 2414 tibi
428 2380 530 2425 propinque
537 2378 601 2413 mortis
609 2377 706 2413 indicium!
725 2378 759 2414 cui

58 2434 87 2469 vir
94 2433 134 2468 dei:
147 2433 199 2467 ‘Non
207 2443 273 2473 meam,
281 2432 345 2476 inquit,
351 2438 435 2475 mortem,
444 2434 477 2467 sed
487 2439 537 2466 tuam
545 2442 588 2466 esse
595 2432 679 2472 vicinam,
687 2433 759 2467 nouitas

59 2487 93 2521 ista
104 2485 207 2531 portendit:
220 2484 273 2529 quia⁴
284 2485 338 2520 huius
348 2485 392 2520 anni
403 2486 501 2520 terminum
513 2495 550 2519 nou
561 2484 642 2519 videbis!
665 2484 719 2527 Quod
730 2496 760 2521 re-

138 2544 208 2576 ¹ntui.
280 2543 356 2576 ²E.h0c.
431 2544 521 2575 ’Raetos
594 2542 673 2583 *liqui
