1762 2803
124 144 175 187 ·242
322 128 401 181 nauta
417 125 533 188 tortora
549 125 642 188 unalia

132 250 200 284 cadens
212 248 231 284 in
243 253 311 284 terram
324 248 411 292 suscepit,
423 248 511 291 deinceps
524 247 619 291 multiplici
632 246 762 281 miraculorum
774 249 832 285 fructu

132 301 230 347 grauidata,
244 302 332 336 hodierna
345 302 418 335 tandem
432 301 461 335 die
475 306 538 344 aperto
551 305 603 335 vtero
618 300 680 341 edidit,
692 306 832 347 sanctorumque

133 357 258 392 confessorum
269 356 345 400 collegio
357 355 456 399 apostolica
467 356 539 399 pridem
551 353 657 387 anctoritate
671 353 786 398 asscriptum,
798 358 832 391 sub

132 409 249 446 ueneratione
261 419 340 452 congrua
352 409 488 442 demonstrauit.
511 409 533 442 R.
547 407 629 442 Presulis
641 407 743 441 Osmundil
754 409 832 444 celebre-

116 475 124 502 5
134 476 175 497 mus
186 463 232 495 sesta
243 462 327 496 iocundi:
341 461 376 503 Qui
387 462 434 505 pius,
443 462 531 504 prudens,
542 461 621 500 humilis,
630 460 738 503 sobriusque
749 462 832 505 pudicus,

134 515 217 560 Expletis
225 514 273 548 curis
281 514 355 548 intrauit
365 514 431 558 gaudia
441 514 492 547 lucIs.
517 513 536 547 V.
545 512 602 546 Auxit
610 524 644 557 per
651 512 717 546 merita
725 512 759 546 sibi
767 515 832 549 tradita

134 571 214 614 quinque
221 569 295 610 talenta,
304 568 388 612 Expletis
396 574 430 601 etc.

154 624 166 659 l
177 623 233 655 Lectio
244 622 323 655 sectanda.
352 615 375 655 ln
387 632 439 655 sacre
450 620 573 654 translationis
585 619 682 654 festiuitate
696 620 804 662 assistimus,
816 627 834 656 et

133 681 195 710 tamen
206 675 277 708 nouiter
288 675 356 708 mundo
366 680 450 708 exortum
460 679 543 708 sanctum
553 678 665 713 reuerentes,
674 672 774 707 natiuitatis
781 686 834 708 voca-

108 738 126 758 10
133 730 197 763 bulum
212 739 327 771 usurpamus.
350 728 399 762 ‘Sed
414 738 507 771 quorsum,
520 727 582 762 forsan
597 725 698 769 obiicitur²‚
713 731 783 770 spectat
800 728 834 763 hec

133 791 195 815 rerum
207 780 301 814 conlusio?
324 780 372 823 Quid
384 780 419 814 sibi
429 780 468 814 vult
480 780 498 812 in
512 780 568 812 rebus
579 779 634 812 variis
646 784 683 812 tarn
694 785 760 822 patens
771 781 834 814 abusio

134 834 243 869 nominum?
271 833 358 876 Rursum,
374 833 390 867 si
406 834 517 877 stupendum
532 832 628 866 videbatur
642 831 720 876 principi
736 832 834 866 ludeorum

134 888 229 922 hominem
237 887 287 921 nasci
295 898 336 921 cum
345 886 368 921 sit
376 897 433 921 senex
441 899 444 922 :
457 897 493 930 qua
500 885 566 920 fiducia
574 886 661 920 ducamur
669 886 744 919 credere
753 895 776 920 ex
784 891 834 921 vtero

135 947 198 974 natum
206 951 226 974 ac
233 941 306 974 demum
312 940 362 974 fonte
370 945 453 974 renatum
459 945 501 983 post
509 945 587 974 mortem
594 939 665 973 renasci
671 940 686 972 ?'
709 938 783 981 Verum,
792 940 808 973 si
816 940 834 974 in

108 999 126 1030 15
135 993 168 1029 hac
176 1004 197 1027 re
204 993 326 1036 proprietates
334 993 436 1027 discurrere
445 992 561 1027 docuerimus
568 992 675 1038 propaginis
683 992 776 1033 naturalis,
784 992 834 1027 facile

135 1046 288 1080 transumentium
301 1046 374 1079 licentia
386 1056 495 1090 persuasum
511 1046 545 1079 iri³
557 1045 666 1079 arbitramur
681 1045 717 1079 iam
733 1045 834 1081 misterium

134 1100 183 1143 apud
191 1109 225 1133 nos
233 1098 262 1142 agi
270 1098 300 1132 diu
309 1103 403 1142 expectate
412 1098 516 1134 natiuitatis.
535 1098 670 1143 Aggrediamur
677 1098 732 1143 igitur
739 1098 836 1143 diligenter

135 1153 238 1186 euiscerare
255 1151 371 1195 parabolant⁴
389 1152 454 1186 istam:
473 1152 589 1196 interimque,
604 1151 690 1195 quoniam
705 1152 788 1195 presenti
806 1153 835 1187 die

135 1204 210 1248 prolatis
218 1204 262 1236 almi
269 1203 303 1237 viri
311 1204 392 1247 reliquiis
401 1205 423 1237 ad
431 1205 531 1247 gloriosum
539 1204 558 1237 in
566 1215 602 1246 quo
610 1209 674 1246 pausat
683 1204 776 1245 scrinium,
784 1206 835 1247 quasi

108 1266 127 1287 20
135 1259 158 1292 ad
170 1257 248 1300 tripudia
260 1255 303 1291 noui
315 1262 378 1301 partus
390 1257 522 1300 concurrimus,
534 1257 616 1300 delectet,
629 1267 691 1301 queso,
704 1256 782 1291 delectet
794 1268 835 1302 pro-

136 1312 182 1346 ieste
197 1309 270 1344 minnsl
282 1309 346 1344 sedulo
361 1309 488 1344 intermiscere
504 1320 572 1354 organa
587 1310 648 1344 diuine
661 1310 725 1344 laudis.
753 1310 776 1344 R.
789 1311 835 1345 Ecce

136 1365 255 1408 sacerdotem,
272 1363 323 1397 cuius
339 1363 436 1407 prudentia
453 1368 535 1398 sanctum
553 1363 637 1398 Suffnlsit
655 1363 749 1407 templum,
769 1364 835 1399 Christi

136 1416 222 1453 stabiliuit
234 1422 252 1451 et
266 1417 325 1451 edem.
350 1416 370 1451 V.
384 1416 405 1450 ln
417 1417 454 1451 uita
467 1417 534 1461 placuit
546 1416 625 1460 domino,
639 1416 712 1462 plebem
725 1418 772 1452 bene
784 1418 836 1453 rexit.

137 1469 225 1504 Suffulsit.

110 1529 127 1558 ²5
158 1523 172 1559 tl
180 1522 236 1556 Lectio
251 1522 275 1555 iii.
296 1521 321 1556 Vt
336 1533 379 1565 ergo
395 1533 406 1557 a
420 1522 520 1565 primordio
533 1522 613 1557 cuiusuis
628 1522 751 1566 generationis
766 1523 835 1558 initium

137 1586 236 1617 sumamus,
243 1580 314 1618 oportet
320 1580 339 1608 vt
347 1580 444 1619 postquam
452 1574 596 1610 intellexerimus
604 1582 681 1610 matrem
689 1575 743 1610 huius
751 1577 836 1611 secundi⁰

137 1627 225 1673 germinis
234 1627 329 1661 ecclesiam
340 1634 427 1669 sanctam,
435 1629 454 1661 in
466 1628 517 1663 cuius
527 1628 627 1663 visceribus
638 1629 767 1664 deuotissimus
775 1630 836 1674 presul

137 1681 228 1725 requieuit
238 1681 335 1723 humatus;
352 1682 407 1714 deum
420 1692 498 1725 quoque,
508 1681 539 1725 qui
551 1682 606 1723 solus,
617 1683 718 1716 secundum
728 1683 835 1727 apostolum,

137 1734 251 1768 administrat
266 1744 336 1774 semen,
352 1739 389 1767 tam
405 1734 473 1777 egregii
488 1734 632 1778 repullulaminis
647 1740 718 1779 patrem
736 1738 836 1770 credamus.

109 1796 128 1825 30
137 1787 193 1821 Cuius
205 1785 295 1819 immensa
307 1785 383 1827 bonitas,
394 1785 425 1820 vbi
437 1787 460 1819 de
471 1786 535 1829 spiritu
547 1787 646 1821 beatissimi
658 1787 720 1831 patris,
732 1799 780 1822 nouo
791 1788 838 1822 inter

137 1850 214 1884 superos
222 1840 291 1880 collato,
299 1844 342 1873 tunc
351 1840 410 1873 celum
418 1840 492 1873 ditauit:
503 1841 567 1874 volens
577 1846 595 1873 et
605 1840 623 1874 in
634 1840 687 1875 terris
698 1841 722 1874 de
730 1841 836 1875 mortificato

136 1904 193 1938 grano
202 1892 291 1927 sructum⁷
300 1893 365 1935 lacere,
374 1893 418 1926 exiit
426 1893 517 1928 seminare
526 1905 590 1928 semen
598 1905 657 1937 suum,
666 1905 755 1939 spargens
764 1895 837 1929 interra

135 1948 184 1981 bona
195 1946 229 1980 hoc
242 1956 306 1979 semen
319 1957 385 1990 magne
396 1947 490 1988 ubertatis,
502 1957 568 1990 corpus
580 1946 665 1981 videlicet
678 1947 789 1982 sanctissimi
801 1947 836 1982 viri

136 1999 228 2034 miraculis
236 1999 336 2041 copiosum.
353 2000 381 2032 De
389 2011 425 2042 quo
433 2000 504 2033 semine
512 2001 621 2043 prophetam
629 2011 666 2034 non
674 2000 765 2035 immerito
773 2002 836 2044 loquu-

109 2064 128 2093 35
136 2058 175 2085 tum
183 2052 239 2084 inisse
247 2053 349 2094 putandum
359 2057 387 2084 est
398 2063 440 2084 cum
448 2052 507 2084 virum
513 2057 625 2085 metuentem
631 2052 725 2087 dominum
733 2053 752 2086 in
760 2052 836 2097 psalmis

137 2104 235 2147 descripsit
243 2115 246 2137 z
260 2103 337 2137 ‘Beatus
344 2104 377 2145 vir,
386 2105 449 2148 inquit,
458 2105 488 2148 qui
496 2104 548 2138 timet
556 2105 662 2139 dominum:
675 2104 693 2138 in
699 2107 790 2139 mandatis
798 2105 836 2139 eius

137 2158 186 2192 volet
198 2156 263 2190 nimis:
280 2157 348 2191 Potens
358 2158 377 2191 in
390 2163 439 2192 terra
452 2158 487 2192 erit
498 2168 562 2192 semen
575 2158 624 2192 eius'
648 2159 717 2193 Potens
727 2160 789 2203 vtique
800 2163 837 2193 erat

137 2209 172 2244 hoc
187 2220 257 2250 semen,
271 2211 315 2243 dum
330 2209 377 2243 intra
393 2210 478 2254 oc[c]ulta
493 2212 613 2246 subterrance
628 2212 709 2246 matricis
724 2211 837 2257 receptacula

136 2263 249 2297 uoluebatur.
273 2262 346 2305 Potens,
362 2264 443 2308 inquam,
459 2266 481 2298 ad
497 2266 585 2298 demones
601 2264 717 2307 abiiciendos,
732 2272 799 2310 potens
814 2265 836 2299 ad

108 2328 129 2357 40
137 2317 212 2350 morbos
220 2316 345 2359 depellendos,
353 2323 419 2361 potens
428 2318 502 2361 quidem
512 2329 545 2352 suo
553 2318 639 2363 suffragio
650 2330 670 2352 ac
679 2320 746 2353 nostris
756 2319 836 2364 quantis-

137 2370 182 2403 libet
196 2369 271 2409 meritis,
283 2369 360 2412 gratiam
376 2370 405 2403 dei
420 2371 513 2404 abundare
525 2371 585 2405 facere
596 2372 615 2405 in
627 2372 684 2406 nobis.
707 2372 730 2408 R.
743 2373 759 2406 Ο
775 2370 836 2416 presul

137 2426 205 2463 noster,
212 2425 273 2454 tecum
282 2421 347 2455 decet8
355 2422 388 2465 [vt]
396 2423 513 2466 gratulemur,
519 2423 554 2465 Qui
559 2425 628 2458 mundo
634 2425 715 2459 moriens
723 2436 760 2459 non
768 2424 837 2459 desinis

156 2506 162 2524 1
173 2505 190 2534 E.
199 2505 279 2535 edmundi,
354 2505 361 2523 ²
371 2505 401 2536 SB.
411 2506 482 2537 obiicitis.
557 2507 563 2525 ³
574 2508 592 2538 E.
600 2508 628 2539 rei.
699 2508 705 2527 ⁴
715 2509 733 2541 Ε.
742 2509 837 2547 perabolam.

136 2547 142 2564 l
152 2546 172 2575 al.
180 2555 209 2584 pro
217 2544 319 2577 fescenninis.
391 2546 397 2564 ⁰
407 2546 427 2576 al.
435 2547 502 2578 secundi.
570 2547 576 2567 ⁷
587 2548 605 2580 E.
614 2549 697 2580 srunctnm.
767 2551 772 2568 '³
784 2548 814 2578 ΞΒ.
822 2552 837 2577 te

136 2586 213 2617 condecet
220 2590 241 2617 utv
