1762 2803
215 87 261 143 ait
276 85 376 140 &ancta
391 84 555 147 outcome.
694 98 736 142 127

33 214 104 256 petrato
118 209 207 254 contagio,
219 209 294 254 pollutis
309 208 404 253 gressibus
419 208 479 243 locum
494 212 578 242 sanctum
593 211 685 241 temerare
699 218 736 241 non

33 268 124 304 verentes,
132 262 242 306 quandoque
250 262 346 306 repentina
356 266 415 295 morte
423 260 498 302 multati,
507 271 552 305 sepe
559 261 647 295 membris
655 259 737 301 mutilati,

34 321 64 351 aut
71 315 166 349 incurabili
174 314 249 349 morbo¹
257 314 316 360 puniti
324 318 372 349 sunt.

320 472 336 509 il
347 469 446 506 Νιιννιιίὶοῑι

57 539 114 582 Circa
126 545 219 580 infantiam
231 545 289 580 sancti
300 544 430 589 Keutegerni³‚
440 546 463 580 ad
474 546 566 590 quendam
578 545 679 580 solitarium
687 546 738 580 uenit

35 599 237 644 presbiter⁴cuiusdam
244 599 346 639 basilice,vt
351 603 467 633 consecraret
472 601 488 633 ei
493 598 604 633 oblationem
609 599 632 633 ad
638 597 738 633 communi·
747 614 755 644 5

36 652 119 687 candum.
141 652 223 686 Veniens
237 657 298 686 autem
310 652 384 695 quidam
395 653 419 685 ad
432 653 483 686 illum
496 653 603 694 solitarium,
614 651 738 696 presbiterum

35 704 116 749 grauiter
127 706 224 738 accusauit.
247 705 282 745 Qui
294 715 336 738 cunr
347 705 413 738 iterum
421 705 503 738 venisset
514 705 537 738 ael
549 714 597 745 eum,
605 703 739 738 scandalizatus

36 756 127 792 solitarius
135 767 172 791 non
180 757 252 801 aperuit
260 757 283 791 ei.
306 756 329 790 Et
337 767 380 791 ecce
388 767 424 791 vox
433 756 479 791 facta
487 761 515 791 est
525 756 548 790 ad
556 756 656 791 solitarium
664 756 738 790 dicens:

36 813 41 830 ‘
46 810 136 844 Tulerunt
146 810 180 844 sibi
189 809 273 844 homines
280 808 364 843 iuditium
372 811 444 844 meunr.¹
468 810 492 843 Et
499 810 548 844 velut
558 809 577 843 in
585 820 664 843 excessu
672 809 739 843 mentis

36 863 99 905 factus,
104 862 149 898 vidit
155 863 207 906 quasi
213 868 288 907 puteum
295 873 371 898 aureum
379 868 396 897 et
402 861 475 897 situlam
483 873 557 897 auream
563 868 581 896 et
586 861 648 897 funem
654 862 739 897 aurcam³
749 878 767 899 ro

37 922 55 950 et
65 926 131 960 aquam
139 917 205 950 bonam
214 916 278 951 valde:
291 915 369 950 Videbat
379 922 441 950 autem
450 921 468 950 et
476 908 567 960 quendam
577 916 670 959 leprosum
679 915 739 949 hauri-

37 974 98 1002 entem
110 974 128 1002 et
139 969 268 1002 refundentem
276 969 294 1002 in
303 979 358 1002 vase:
371 969 394 1010 Et
402 968 560 1012 cupiebat'bibere
572 973 590 1001 et
601 978 638 1001 non
649 968 722 1001 bibebat
727 968 740 1009 ⁶,

37 1021 79 1066 quia
90 1021 175 1064 leprosus
187 1026 226 1056 erat
239 1021 269 1055 ille
281 1022 311 1065 qui
323 1021 423 1056 hauriebat.
446 1020 469 1055 Et
480 1032 523 1055 ecce
535 1020 601 1055 iterum
611 1031 648 1055 vox
662 1021 684 1055 ad
697 1031 739 1055 eum

37 1074 112 1109 dicens:
124 1074 171 1108 ‘Cur
179 1085 216 1108 non
223 1074 271 1108 bibis
278 1085 301 1108 ex
309 1085 357 1119 aqua
364 1074 410 1109 hac?
418 1085 473 1118 quam
481 1085 555 1108 causam
564 1074 618 1108 habet
626 1074 657 1118 qui
665 1074 740 1118 implet?

38 1127 104 1171 Implet
115 1127 164 1160 enim
175 1127 290 1161 solummodo
298 1132 316 1162 et
325 1126 401 1162 effundit
411 1127 429 1161 in
437 1128 492 1162 vase?
515 1126 537 1161 In
549 1137 569 1161 se
581 1132 642 1160 autem
653 1137 740 1161 reuersus
750 1141 767 1171 15

37 1179 128 1213 solitarius
144 1185 162 1213 et
173 1180 259 1213 virtutem
271 1179 348 1213 visionis
363 1180 487 1222 considerans,
499 1181 572 1212 uocauit
585 1178 707 1224 presbiterum
721 1186 739 1213 et

37 1231 78 1267 fecit
86 1243 129 1266 eum
137 1231 183 1265 sicut
191 1232 242 1276 prius
251 1232 366 1266 sanctificare
374 1232 409 1266 sibi
417 1231 534 1267 oblationem.

324 1389 339 1426 Ἦ
350 1388 452 1424 Ναννιιίίοῖ.

61 1456 109 1497 Erat
122 1464 196 1506 quidam
211 1463 267 1496 abbas
283 1462 312 1495 et⁸
327 1463 440 1503 hortolanus,
455 1461 485 1506 qui
501 1473 575 1497 ornnem
591 1462 672 1497 laborem
685 1474 740 1497 suuni

39 1515 126 1559 expendit
137 1515 155 1550 in
166 1515 286 1550 elemosinam
296 1520 314 1549 et
324 1521 395 1549 tantum
403 1515 437 1549 sibi
448 1515 538 1549 retinebat
546 1522 634 1559 quantum
642 1518 664 1550 ad
672 1517 740 1550 victum

38 1567 96 1612 ipsius
104 1567 201 1602 sufficeret.
224 1567 291 1601 Postea
298 1579 342 1602 vero
350 1569 437 1602 sathanas
447 1568 521 1602 immisit
529 1569 548 1602 in
556 1569 611 1603 corde
619 1568 658 1603 eius
666 1569 740 1604 dicens:
750 1584 769 1608 ιο

38 1621 119 1667 ‘Collige
129 1620 160 1656 tibi
168 1621 278 1666 aliquantam
287 1621 388 1665 pecuniam,
396 1627 415 1655 vt
421 1622 433 1664 ⁹,
441 1633 483 1657 cum
491 1622 575 1656 senueris
585 1628 615 1656 aut
623 1620 741 1666 egrotauer'is‚

39 1686 85 1718 opus
93 1675 161 1709 habeas
171 1676 194 1709 ad
206 1676 309 1719 expensas.y
332 1674 355 1709 Et
367 1674 444 1719 collegit,
453 1680 471 1709 et
482 1675 566 1719 lagenam
573 1675 586 1695 ¹⁰
597 1675 635 1719 [de]
641 1674 653 1695 ¹¹
660 1675 741 1710 nummis

39 1728 126 1771 impleuit.
149 1727 228 1770 Contigit
235 1732 296 1761 autem
304 1738 347 1761 eum
354 1728 449 1769 infirmari,
458 1733 476 1762 et
484 1728 578 1773 putrefieri
586 1728 653 1772 pedem
661 1727 711 1771 eius;
723 1735 741 1763 et

39 1781 126 1825 expendit
141 1781 189 1824 quod
205 1780 300 1814 collectum
316 1780 374 1815 fuerat
389 1781 407 1814 in
424 1780 511 1824 medicos,
527 1786 545 1815 et
560 1780 605 1815 nihil
621 1782 638 1815 el
651 1782 741 1825 prodesse

39 1833 101 1876 potuit.
124 1833 191 1866 Postea
201 1833 251 1867 venit
262 1833 336 1875 quidam
348 1834 371 1866 de
383 1833 459 1867 medicis
470 1834 552 1876 expertis
564 1839 582 1866 et
593 1834 639 1867 dixit
651 1834 678 1867 ei:
691 1834 741 1866 ‘Nisi
751 1849 768 1877 ²5

39 1885 125 1919 incideris
136 1886 201 1929 pedem
212 1890 269 1927 tuum,
278 1890 335 1919 totum
346 1895 413 1929 corpus
423 1890 474 1920 tuum
485 1885 575 1931 putrefiet,
583 1891 601 1920 et
612 1892 690 1921 mortem
698 1886 741 1920 viei-

39 1949 82 1972 nam
90 1938 173 1972 inducet.¹
194 1938 228 1972 Illa
235 1943 296 1972 autern
302 1943 356 1972 nocte
362 1938 435 1973 rediens
443 1938 461 1973 in
469 1940 589 1983 semetipsum
596 1945 614 1973 et
621 1939 741 1983 penitentiam

39 2003 96 2035 agens
110 1993 133 2026 de
145 1991 180 2026 hiis
193 2003 228 2036 que
240 1991 302 2035 gessit,
313 1991 402 2034 ingemuit
415 1998 433 2025 et
447 1992 497 2026 fleuit
509 1992 583 2026 dicens:
600 1991 683 2026 ‘Memor
695 1999 742 2035 esto,

40 2045 118 2088 domine,
123 2056 200 2090 operum
208 2055 291 2079 meorum
297 2044 378 2089 priorum
385 2055 421 2088 que
427 2045 515 2079 faciebam
524 2056 565 2079 cunr
571 2044 649 2079 labore¹²
658 2046 676 2080 in
683 2045 741 2088 horto,

40 2109 63 2133 ex
71 2110 107 2142 quo
115 2099 227 2143 pauperibus
234 2098 370 2132 ministrabam!
389 2097 412 2132 Et
420 2109 462 2132 cum
470 2099 505 2132 hoc
513 2098 595 2139 dixisset,
601 2099 657 2132 astitit
664 2100 742 2143 angelus
751 2115 770 2143 5⁰

40 2151 108 2185 domini
117 2157 136 2184 et
146 2151 191 2184 dixit
202 2151 230 2184 ei:
242 2150 287 2184 ‘Vbi
295 2156 337 2184 sunt
345 2150 415 2183 nummi
425 2161 471 2193 quos
482 2150 571 2194 collegisti
578 2154 584 2183 ἰ
592 2156 610 2184 et
617 2150 648 2184 vbi
657 2157 686 2185 est
697 2162 742 2194 spes

40 2212 87 2236 vana
102 2208 120 2236 et
135 2203 218 2245 cogitatio
225 2202 238 2222 ¹³
253 2203 276 2236 de
291 2213 328 2246 qua
342 2202 445 2236 tractastir’
474 2203 507 2236 llle
522 2203 628 2248 respondit:
648 2204 741 2246 ‘l’cccaui¹

40 2256 124 2290 domine:
142 2256 217 2299 ignosce
228 2255 279 2298 mihi,
291 2261 309 2289 et
323 2256 389 2290 amodo
400 2256 478 2290 vlterius
492 2256 526 2290 hoc
538 2265 575 2290 non
589 2255 664 2291 faciam.¹
689 2255 741 2291 Tunc

40 2309 117 2354 angelus
124 2307 182 2352 tetigit
190 2309 257 2352 pedem
265 2308 315 2344 eius:
328 2313 346 2344 et
354 2308 416 2343 statim
424 2315 500 2344 sanatus
507 2314 541 2346 est.

60 2404 162 2436 ¹E.ronrbo.
203 2403 304 2435 'FromVit
313 2405 354 2435 Patr.
362 2415 397 2443 911.
437 2406 471 2435 ³13.
479 2406 578 2443 Kentegrlni.
618 2405 742 2435 ⁴E.bresbiter.

40 2442 165 2474 ⁵VP.aureunr.
222 2444 270 2474 ‘VR
279 2449 346 2482 poterat.
404 2444 466 2474 ⁷From
474 2445 504 2475 Vit.
512 2444 554 2476 Patr.
562 2445 597 2484 892.
655 2444 742 2475 'abbaset

40 2483 95 2513 added.
140 2484 223 2514 ⁰VB.ne,
271 2483 283 2501 ¹⁰
293 2484 311 2513 E.
319 2484 396 2521 laganam.
443 2484 545 2516 ¹¹om.inE.
590 2483 602 2501 ¹²
611 2483 741 2516 VP.laborarem.

40 2522 52 2541 ¹³
62 2533 103 2554 vana
109 2529 126 2554 et
132 2534 166 2562 cog.
174 2534 205 2554 om.
212 2524 228 2552 ln
235 2523 267 2552 VP.
