1762 2803
105 134 147 177 218
295 130 375 183 ranna
390 127 506 191 termut
522 127 614 190 anglic.

104 258 165 287 autem
175 251 205 285 ille
220 253 242 285 ab
258 251 322 285 incolis
334 252 426 285 ‘Coruen’
438 257 513 285 vocatus
528 256 561 285 est.
590 250 637 293 Regi
653 260 697 283 vero
714 260 756 283 cum
772 250 807 283 illis

104 306 135 349 qui
146 306 221 340 aderant
234 305 325 338 humiliter
337 305 410 338 veniam
427 304 496 348 petenti
512 304 602 347 benignus
619 302 699 344 indulsit,
711 303 808 335 mulierum

104 364 166 392 tamen
172 358 283 391 consortium
290 357 365 391 vlterius
372 368 409 390 non
417 349 623 391 admisit—Sanctus
629 361 690 389 autern
697 356 808 389 Cuthbertus

104 423 162 457 usque
174 412 197 445 ad
208 416 292 445 octauum
303 411 356 444 etatis
367 421 436 445 annum
448 411 492 445 solis
504 411 622 455 paruulorum
638 409 685 443 ludis
701 414 719 443 et
734 408 809 443 lasciuie

87 472 185 501 smentem
200 464 287 504 tribuens,
303 464 427 497 oblectabatur
443 464 492 505 iocis,
508 469 526 497 et
544 463 662 506 paruulorum
678 461 808 495 conuenticulis

104 518 194 551 interesse
205 516 293 559 cupiebat.
316 515 365 549 Dum
375 516 424 549 enim
435 517 513 559 quadam
524 516 553 550 die
562 516 610 550 ludis
619 515 638 548 in
648 514 700 548 turba
710 524 809 559 puerorum

104 571 201 611 insisteret,
214 574 290 613 repente
301 580 348 602 vnus
358 569 381 601 de
391 569 473 613 paruulis
483 569 522 602 sere
532 570 609 603 triennis
619 579 716 602 accurrens
728 569 750 602 ad
761 579 808 608 eum,

104 623 157 665 quasi
168 621 221 654 senili
238 622 340 654 constantia
355 622 403 664 cepit
420 621 488 654 hortari
507 632 531 655 ne
547 622 592 655 iocis
607 626 625 654 et
644 621 682 654 ocio
701 621 809 663 indulgeret,

104 674 137 708 sed
153 673 245 708 stabilitati
260 673 320 716 potius
336 678 418 706 mentem
432 672 487 706 simul
501 678 519 706 et
531 673 615 707 membra
627 674 737 716 subiugaret.
768 672 808 714 Quo

78 736 97 756 10
105 728 173 760 monita
192 732 297 770 spernente,
316 726 365 769 luget
383 725 419 768 ille,
439 737 527 759 corruens
546 727 565 759 in
583 731 650 759 terram
666 731 684 758 et
703 726 768 759 faciem
784 726 810 759 la·

105 780 187 823 chrymis
205 779 272 821 rigans,
292 778 429 821 consolantique
448 788 469 812 se
488 778 588 812 Cuthberto
605 780 653 812 inter
667 783 738 812 ceteros
754 778 809 813 dixit:

105 833 169 875 ‘Quid
185 831 247 876 inquit,
262 831 377 866 sanctissime
392 833 467 866 antistes
483 837 501 865 et
514 833 605 877 presbiter
620 832 725 874 Cuthberte,
741 832 775 865 hec
792 837 810 867 et

106 891 169 919 nature
187 890 204 918 et
221 886 285 927 gradui
300 890 331 918 tuo
346 886 435 918 contraria
450 886 512 927 geris?
542 885 614 918 Ludere
628 889 646 917 te
660 885 708 917 inter
723 885 810 927 paruulos

106 949 143 972 non
158 938 216 980 decet,
232 948 287 981 quem
302 938 387 971 dominus
403 937 457 971 etiam
472 937 570 972 maioribus
586 943 629 971 natu
643 937 750 980 magistrum
763 938 810 971 veri-

80 1000 97 1029 15
106 991 158 1025 tatis¹
169 992 292 1024 consecrauit!
316 990 369 1032 Quod
380 1001 421 1023 cum
432 990 462 1024 ille
472 991 558 1033 audisset,
568 991 630 1024 relicta
640 991 726 1024 continuo
736 990 810 1024 ludendi

106 1045 191 1084 vanitate,
206 1053 230 1075 ex
245 1043 275 1075 illo
290 1048 373 1085 tempore
387 1042 468 1075 stabilior
478 1043 575 1085 animoque
587 1042 719 1075 adolescentior
731 1042 811 1075 existere

107 1096 159 1139 cepit.
212 1087 263 1128 Cum
282 1099 343 1128 autem
362 1095 421 1128 subito
439 1095 501 1128 dolore
516 1105 565 1139 genu
580 1095 628 1129 illius
643 1094 760 1139 correptum²
774 1094 811 1128 acri

107 1149 187 1191 cepisset
201 1152 273 1180 tumore
286 1147 420 1190 grossescere³‚
435 1148 460 1181 ita
477 1152 496 1181 vt
512 1148 574 1182 neruis
593 1148 612 1181 in
631 1147 699 1191 poplite
714 1148 811 1181 contractis

106 1201 174 1245 pedem
196 1199 255 1243 primo
275 1211 286 1233 a
304 1205 354 1233 terra
377 1210 489 1243 suspensum
512 1201 615 1234 claudicans
634 1205 719 1244 portaret,
739 1200 810 1242 dehinc,

80 1266 99 1286 20
107 1255 247 1297 ingrauescente
262 1253 351 1296 molestia,
365 1254 415 1287 omni
428 1264 476 1297 pene
492 1253 595 1298 priuaretur
607 1254 692 1295 incessu;
708 1252 754 1287 sub*
769 1253 811 1287 diuo

107 1308 136 1341 die
149 1307 227 1350 quadam
240 1306 356 1347 recumbens,
369 1306 414 1339 vidit
428 1310 505 1349 repente
519 1306 599 1350 equitem
612 1305 658 1339 albis
673 1306 757 1339 indutum
770 1316 811 1340 ves-

107 1360 193 1400 timentis,
212 1363 239 1391 et'
251 1360 376 1392 honorabilem
395 1359 452 1400 vultu,
473 1359 507 1392 sed
526 1364 545 1391 et
565 1369 638 1401 equum,
655 1358 683 1392 cui
702 1357 812 1399 insederat

107 1411 244 1454 incomparandi
256 1411 333 1444 decoris.
361 1410 397 1452 Qut
409 1411 433 1444 de
443 1421 491 1454 equo
503 1411 607 1445 dissiliensl
619 1415 636 1444 et
647 1421 695 1454 genu
706 1409 812 1454 languidum

107 1464 212 1507 diligentins
227 1464 351 1505 considerans,
367 1465 440 1507 ‘coque,
456 1465 520 1507 inquit,
535 1464 623 1497 triticeam
637 1464 655 1497 in
671 1464 717 1497 lacte
730 1464 812 1508 farinam,

82 1521 126 1558 25et
141 1522 232 1550 tumorem
251 1526 368 1559 superunge:
388 1521 406 1550 et
421 1517 526 1550 sanaberis!
555 1516 577 1549 Et
595 1516 623 1550 his
641 1516 693 1549 dictis
709 1517 812 1550 ascendens

109 1579 177 1612 equum
192 1568 240 1602 abiit.
271 1568 304 1602 ille
319 1568 374 1602 iussis
390 1568 525 1612 obtemperans,
540 1573 582 1611 post
599 1569 638 1602 dies
653 1579 722 1612 paucos
737 1575 812 1602 sanatus

109 1627 148 1656 est:
171 1621 288 1664 Agnonitquc
309 1621 394 1664 angelum
415 1621 472 1654 fuisse
494 1623 525 1665 qui
544 1621 578 1656 hec
598 1622 632 1655 sibi
655 1623 722 1655 monita
740 1623 813 1656 domino

109 1676 183 1708 iubente
199 1675 285 1708 dedisset.
315 1674 345 1707 Ab
361 1674 395 1708 hoc
408 1679 469 1708 autem
484 1678 567 1719 ternpore
582 1674 658 1708 deuotus
673 1675 752 1717 domino,
768 1686 813 1719 sepe

109 1729 127 1761 in
140 1727 228 1771 angustiis
242 1737 296 1761 orans
311 1727 410 1769 dominum,
425 1729 508 1770 angelica
523 1728 588 1761 meruit
603 1728 720 1771 opitulatione
735 1727 813 1769 delendi,

82 1794 101 1823 30
110 1791 182 1814 necnon
194 1780 249 1813 ctiam
262 1790 296 1822 pro
308 1779 348 1813 aliis
359 1780 378 1813 in
390 1780 471 1824 periculo
483 1780 585 1814 constitutis
596 1780 715 1824 supplicando
726 1780 813 1814 exaudiri.

111 1826 170 1867 Ratcs
183 1833 232 1865 enirn
242 1833 321 1876 quedam
332 1833 375 1866 dum
387 1832 436 1876 ligna
445 1844 479 1877 per
487 1833 552 1867 Tinam
560 1833 636 1867 fluuium
648 1833 670 1867 ad
681 1833 813 1868 monasterium

110 1884 227 1920 monialium⁷
243 1895 280 1918 non
299 1885 353 1928 longe
372 1887 395 1919 ab
414 1885 460 1919 ostio
476 1885 559 1920 eiusdem
576 1885 657 1920 fluminis
674 1887 697 1919 ad
716 1886 813 1920 meridiem

81 1958 83 1960 -
109 1937 163 1971 sitnm
182 1937 281 1978 veherent;
300 1943 367 1971 ventus
386 1938 408 1971 ab
426 1948 491 1971 occasu
508 1938 568 1972 subito
585 1948 690 1981 assurgens,
706 1949 765 1981 usque
790 1938 813 1972 ad

109 1990 176 2024 ostium
187 1988 268 2023 ssuminis
281 1994 299 2023 ct
311 1989 370 2023 etiam.
380 2002 479 2023 occeanum
493 1989 585 2024 nauiculas
597 1991 676 2024 attraxit.
705 1991 744 2024 Nec
757 2001 814 2032 mora,

83 2058 101 2087 35
109 2054 156 2088 puer
174 2042 194 2076 in
209 2042 249 2085 ripa
268 2048 351 2077 oraturus
370 2043 464 2077 dominum
482 2054 542 2087 genua
561 2043 617 2086 ilexit,
636 2049 689 2088 caput
708 2044 727 2077 in
745 2049 814 2078 terram

109 2095 218 2130 declinauit:
235 2094 332 2138 statimque
347 2101 414 2130 retorta
427 2095 455 2131 vis
468 2102 565 2131 ventorum
579 2102 629 2130 rates
644 2097 724 2140 integras
739 2098 762 2131 ad
777 2102 814 2132 ter-

109 2160 150 2183 ram
165 2148 218 2182 eiecit
237 2154 255 2181 et
274 2148 325 2182 iuxta
344 2149 404 2191 ipsum
423 2150 555 2183 monasterium
572 2149 591 2182 in
610 2150 650 2183 loco
668 2155 758 2192 oportuno
777 2150 814 2184 dis-

110 2202 186 2246 posunt
236 2193 320 2245 Contigit
333 2212 375 2235 cum
389 2201 463 2236 remotis
479 2202 498 2236 in
514 2202 607 2237 montibus
623 2202 764 2237 commissorum
779 2202 814 2237 sibi

110 2265 197 2299 pecorum
216 2264 271 2298 agere
290 2265 358 2289 curam.
392 2255 427 2296 Qui
446 2256 490 2290 dum
509 2260 562 2289 nocte
581 2255 665 2299 quadam,
682 2256 814 2290 dormientibus

81 2324 101 2352 40
110 2308 168 2350 sociis,
184 2306 224 2350 ipse
240 2307 290 2340 iuxta
301 2317 372 2341 morem
384 2307 461 2351 peruigil
473 2308 492 2341 in
507 2308 588 2342 oratione
603 2308 682 2348 duraret,
695 2307 740 2341 vidit
755 2309 815 2342 subito

110 2362 133 2393 de
145 2360 185 2393 celo
197 2359 258 2392 fusum
273 2359 335 2392 lumen
352 2360 423 2393 medias
438 2360 493 2403 longe
509 2360 568 2393 noctis
587 2358 708 2402 interrupisse
723 2361 815 2401 tenebras

110 2412 129 2445 in
151 2422 188 2455 quo
210 2411 306 2445 celestium
328 2412 394 2445 choros
416 2412 510 2455 agminum
529 2417 589 2446 terras
607 2412 685 2455 petisse,
704 2423 738 2446 nec
758 2423 815 2453 mora,

111 2464 173 2506 raptal
181 2474 244 2498 secum
252 2463 313 2497 anima
324 2463 409 2498 claritatis
421 2463 495 2507 eximie,
504 2475 604 2509 supernam
615 2463 686 2497 redisse
698 2465 721 2498 ad
731 2465 815 2509 patriam.

131 2536 257 2569 lBedvirtutis.
298 2538 480 2576 ²T.c0rreptumillius.
519 2539 665 2576 ³E.groscessere.
705 2539 815 2577 ⁴T.Quisub.

111 2576 240 2607 ⁵Bcd.sedebat.
275 2578 299 2607 ⁵r.
307 2578 387 2609 desiliens.
424 2577 507 2609 ⁷atssed.
539 2579 564 2609 ⁸r.
573 2578 651 2616 deposuit.
686 2578 739 2610 ⁹Bed.
747 2584 814 2618 sumpta.
