1762 2803
128 126 171 181 308
319 127 398 178 anona
414 124 529 187 tertona
543 124 636 186 anglie.

128 248 162 283 sibi
178 249 241 283 obuios
257 248 366 292 iugulabant,
379 248 523 292 matronas(que)
537 247 685 282 sanctimoniales
700 258 733 282 seu
748 247 829 291 virgines

128 300 206 336 ludibrio
215 302 327 344 (traldendas
335 302 451 335 mandabant.
471 301 553 344 Cumque
561 312 596 343 per
601 311 667 335 omnes
674 312 773 343 regnorum
781 301 829 334 fines

128 359 178 389 tanta
186 354 299 387 tirannorum
304 353 415 395 immanlitas
422 352 547 395 disseminata)
553 352 622 394 fuisset,
629 353 681 387 Ebba
688 359 751 388 sancta
757 352 829 397 Caling-

128 407 230 449 ham[ensis
245 406 323 450 cenobii)
335 406 433 449 abbatissa,
444 412 528 440 metuens
543 416 567 440 ne
581 407 606 450 (et
619 406 665 450 ipsa,
677 407 714 450 c)ui
728 406 830 441 sollicitudo

112 459 223 504 5regiminis
238 464 256 492 et
269 469 312 493 cura
325 459 438 503 pa(stora]lis
453 459 551 493 commissa
564 458 627 500 suerat,
641 470 682 493 cum
695 458 730 493 sibi
744 458 830 493 subiectis

130 512 243 556 (virginibus)
253 513 331 547 ludibrio
341 514 444 547 traderetur
454 523 572 556 paganorum,
581 513 607 556 (ut
618 513 730 556 pudicitiam)
739 513 830 547 amitteret

128 565 248 609 virginalem3
260 566 378 607 conluocatis)
391 565 484 598 sororibus
495 565 515 598 in
526 564 625 608 capitulum
637 565 734 606 uniuersis,
745 565 764 599 in
777 565 831 607 (hanc

129 618 201 660 uocem)
216 618 299 662 prorupit
314 617 388 651 dicens:
409 617 540 652 ‘Aduenerunt
557 617 636 662 (nuper),
651 617 715 663 inquit,
730 619 753 653 ad
768 622 831 663 partes

129 676 202 705 nostras
215 671 281 715 pagani
294 670 417 714 ne(quissi)mi
429 676 447 704 et
459 670 514 704 totius
526 671 645 705 humanitatis
657 671 721 715 ignari,
734 671 778 715 (qui)
791 671 831 704 loca

103 732 121 752 10
130 723 210 768 regionis
220 724 274 758 huius
283 724 355 767 singula
365 724 505 768 perlustrantes,
513 735 548 758 nec
560 724 613 758 sexui
623 723 709 758 muliebri
719 735 753 758 nec
763 734 831 768 paruu-

130 778 189 811 lorum
203 777 277 822 quidem
290 782 366 822 parcunt
380 776 427 810 etati.
451 776 543 811 Ecclesiae
559 782 577 811 et
593 777 726 812 ecclesiasticas
741 786 831 822 personas

130 833 231 872 destruunt,
243 830 321 864 feminas
332 829 480 864 sanctimoniales
492 830 608 874 prostituunt,
617 835 635 864 et
646 831 701 864 obuia
712 830 747 865 sibi
759 841 832 875 queque

130 884 241 917 conterendo
251 888 366 917 consumunt.
390 883 454 926 ltaque
464 882 480 915 si
491 882 571 916 consiliis
582 884 629 917 meis
639 884 758 926 adquiescere
768 883 831 917 decre·

130 935 199 979 ueritis,
206 947 259 981 spem
265 941 333 970 certam
342 937 365 969 de
373 934 471 969 clementia
478 934 540 970 diuina
546 935 628 980 concipio
634 937 683 980 quod
689 941 707 971 et
713 936 832 970 barbarorum

105 997 122 1027 15
131 989 200 1023 rabiem
209 989 290 1032 effugere
300 989 407 1029 ualebimus,
415 993 433 1022 et
441 993 530 1032 perpetue
540 988 648 1033 uirginitatis
656 988 764 1033 pudiciciam
772 993 832 1023 custo·

131 1042 181 1077 dire!
204 1041 238 1076 Cui
245 1053 287 1076 cum
296 1041 382 1076 uniuersa
388 1041 480 1085 virginum
492 1042 606 1086 congregatio
616 1042 671 1077 certis
679 1041 832 1086 promissionibus

131 1095 275 1138 spopondissent
283 1106 303 1128 se
311 1094 399 1128 maternis
407 1095 455 1128 uelle
463 1095 482 1127 in
490 1095 575 1128 omnibus
583 1095 721 1138 obtemperarel
729 1094 832 1138 preceptis,

131 1147 162 1181 illa
170 1147 277 1180 admirande
287 1146 408 1181 animositatis
418 1146 510 1180 abbatissa
520 1147 581 1191 palam
591 1147 660 1182 cunctis
668 1147 761 1182 sororibus
770 1157 832 1182 exem-

131 1200 182 1244 plum
190 1199 277 1234 castitatis
284 1200 371 1243 prebens,
379 1210 416 1233 non
424 1200 484 1233 solum
491 1199 673 1244 (sanctimonilalibus
681 1199 717 1234 illis
724 1201 832 1243 proficuum,

104 1262 123 1284 ao
131 1262 196 1287 uerum
212 1256 229 1286 et
244 1252 329 1286 omnibus
346 1251 501 1295 (succedentilbus
515 1251 617 1295 virginibus
634 1251 739 1286 eternaliter
754 1251 832 1295 amplec-

132 1306 228 1348 (tendum)‚
240 1310 313 1349 arrepta
326 1304 414 1338 nouacula
425 1313 491 1338 nasum
503 1304 598 1349 proprium
610 1305 659 1348 (cum
671 1305 729 1348 labro)
741 1304 833 1349 superiori

131 1358 154 1392 ad
165 1358 229 1391 dentes
239 1368 297 1400 usque
308 1356 426 1400 preci(dens)‚
435 1357 546 1391 horrendum
558 1357 612 1392 dese
623 1357 748 1401 spectaculum
758 1357 833 1392 astanti·

131 1412 166 1446 bus
175 1410 261 1454 (prebluit
266 1409 363 1445 uniuersis.
386 1410 440 1451 Quod
448 1420 490 1444 cum
497 1415 535 1444 tota
543 1410 675 1454 (congrelgatio
681 1411 746 1444 uidens
755 1410 833 1444 admira-

132 1470 187 1505 retur,
204 1463 266 1507 (simili
281 1465 305 1497 de
320 1465 347 1505 se)
364 1473 420 1507 opere
435 1474 446 1497 a
461 1462 538 1507 singulis
556 1468 662 1507 perpetrato
677 1464 774 1507 ma(terna)
791 1468 833 1497 sunt

105 1523 123 1553 ²5
132 1516 209 1559 uestigia
220 1516 307 1550 insecuta.
331 1516 354 1549 Et
365 1526 407 1549 cum
420 1516 488 1558 (mane)
499 1516 600 1549 crastinum
611 1516 706 1558 illuxisset,
720 1527 833 1560 superuene-

133 1573 176 1603 runt
184 1568 264 1611 (tiranlni
272 1567 385 1611 nequissimi,
393 1573 413 1601 ut
421 1567 498 1602 feminas
506 1574 579 1602 sanctas
588 1570 612 1611 (et
620 1569 662 1612 deo)
671 1571 747 1604 denotas
755 1569 833 1603 ludibrio

133 1622 232 1663 traderent,
243 1621 311 1663 (simul)
324 1626 343 1655 et
351 1622 412 1664 ipsum
423 1621 555 1655 monasterium
566 1621 663 1664 spoliatum
675 1621 748 1665 ignibus
759 1633 833 1656 concre-

133 1679 210 1708 marent.
233 1673 266 1706 Set
275 1672 408 1716 conspicientes
416 1672 526 1706 abbatissam
536 1672 585 1707 illam
595 1679 613 1707 et
623 1684 696 1708 sorores
707 1673 788 1718 singulas
796 1679 834 1708 tam

134 1727 234 1762 enormiter
249 1727 339 1760 mutilatas
354 1732 372 1760 et
387 1726 406 1759 in
421 1738 455 1760 suo
470 1727 559 1770 sanguine
574 1737 584 1760 a
597 1728 659 1771 planta
672 1727 725 1771 pedis
738 1738 796 1772 usque
811 1730 833 1762 ad

105 1795 125 1825 50
133 1780 220 1815 uerticem
239 1780 342 1822 tabefactas,
361 1790 403 1814 cum
422 1779 536 1815 festinatione
557 1785 672 1815 recesserunt
691 1780 714 1815 de
731 1780 781 1823 loco;
800 1782 834 1816 sed

133 1839 254 1878 preceperunt
267 1834 304 1868 suis
316 1834 424 1867 satellitibus
434 1834 518 1868 nefandis
528 1838 548 1867 ut
559 1834 638 1876 (iniecto)
649 1836 692 1877 igne
702 1835 834 1869 monasterium

133 1897 174 1922 cum
183 1886 267 1920 omnibus
275 1885 354 1921 officinis
366 1891 384 1921 et
394 1886 439 1930 ipsis
450 1885 619 1921 sanctimonialibus
628 1893 772 1922 concremarent.
795 1887 834 1922 Sic-

132 1952 168 1985 que
179 1939 287 1974 executione
299 1940 389 1983 completa
400 1951 411 1973 a
422 1939 511 1974 ministris
522 1939 627 1983 iniquitatis,
639 1946 702 1975 sancta
713 1941 805 1975 abbatissa
816 1947 834 1975 et

132 2003 197 2026 omnes
205 2003 247 2024 curn
255 1992 286 2024 illa
293 1992 373 2034 virgines
381 1992 496 2025 sanctiSsime
504 1994 527 2025 ad
536 1993 612 2025 martirii
620 1993 695 2034 gloriam
703 1999 834 2035 peruenerunt.

145 2044 204 2089 [After
211 2044 256 2087 that,
264 2054 319 2089 space
327 2044 407 2079 osabout
415 2055 426 2079 a
434 2051 509 2089 quarter
516 2044 537 2079 os
542 2055 552 2079 a
560 2044 632 2079 column
641 2044 657 2079 is
664 2044 696 2079 lest
704 2055 752 2088 open
760 2044 779 2079 in
787 2044 822 2088 T.)]

229 2158 243 2192 il
257 2149 289 2190 Dr
301 2166 373 2190 sancrn
385 2150 481 2191 Epaunca
491 2167 568 2191 vincius
580 2167 602 2191 rr
613 2167 716 2192 ABEATISSA
721 2157 733 2191 ².

105 2218 123 2250 35
172 2214 206 2249 Ost
221 2220 284 2249 sancte
300 2214 390 2249 Mildrede
409 2216 585 2250 consummationem
600 2216 652 2259 virgo
667 2216 732 2250 nobilis
749 2216 835 2261 Edburga

193 2268 275 2301 orbatam
286 2273 344 2301 matre
356 2268 443 2302 familiam
455 2279 510 2302 causa
521 2268 615 2311 regiminis
627 2268 740 2310 subintrauit,
753 2280 776 2303 ne
788 2269 834 2304 sorte

133 2319 171 2363 lupi
192 2331 269 2362 rapaces
290 2331 366 2363 gregem
389 2321 501 2354 dominicum
522 2322 620 2354 crudeliter
639 2322 748 2354 inuadentes
767 2322 835 2355 rabidis

133 2372 218 2406 dentibus
231 2372 356 2406 dilacerarent.
379 2372 421 2406 Fuit
435 2371 485 2406 enirn
499 2373 552 2407 beata
562 2372 614 2417 virgo
627 2372 713 2417 Edburga
728 2373 781 2407 beate
793 2373 835 2407 Mil-

133 2426 190 2459 drede
209 2424 289 2469 proauia,
304 2424 342 2458 filia
356 2425 431 2469 quidem
447 2425 564 2468 Ethelbertil,
580 2426 628 2470 regis
643 2425 698 2469 primi
717 2425 748 2468 qui
768 2425 835 2460 Christi

152 2499 186 2528 ιΤ,
199 2503 323 2537 contemperare.
351 2499 358 2516 ⁹
368 2499 390 2530 Cf.
400 2499 440 2530 Dict.
448 2499 465 2529 os
471 2499 507 2531 Chr.
517 2500 570 2537 Biogr.
579 2510 593 2531 v.
603 2500 662 2537 Bugga.
694 2501 700 2518 ³
709 2499 752 2536 John
760 2501 778 2530 of
783 2500 835 2538 Tyne-

134 2541 189 2569 mouth
196 2541 233 2568 here
239 2540 326 2569 consounds
334 2540 357 2569 St.
365 2540 429 2577 Edburg
436 2540 475 2570 with
483 2540 506 2570 St.
516 2540 617 2577 Efflelburge,
626 2540 703 2576 daughter
707 2540 725 2568 os
730 2540 811 2570 Ethelbcrt
819 2543 837 2571 os

113 2614 115 2616 q
135 2579 182 2609 Kent.
204 2579 280 2616 Euburg‘s
288 2580 339 2609 father
346 2589 379 2609 was
387 2580 431 2616 King
438 2580 511 2609 Centwin
519 2581 537 2609 of
542 2579 617 2616 Wessex‚
625 2579 644 2608 ci
653 2580 693 2609 Dict.
701 2579 719 2608 os
724 2580 758 2609 Nat.
768 2580 821 2618 Biogr„
