1762 2803
197 181 243 238 Dc
258 180 358 235 aaron
373 180 537 243 stentoreos.
675 197 714 228 121

16 302 96 347 quinque
109 301 180 344 fratres,
195 302 229 335 sub
242 302 320 346 regulari
335 301 436 347 disciplina,
446 301 466 336 in
479 311 546 345 magna
560 299 669 335 abstinentia
682 302 718 336 deo

16 353 123 391 seruientes¹
145 354 247 390 Trecentos
253 355 303 390 enim
309 355 410 390 illitteratos
418 354 528 399 agriculture
536 360 554 388 et
562 365 649 399 pecorum
657 360 718 389 custo·

15 407 718 454 dieextramonasteriumdeputauit,aliostrecentosoperibusintra¹monas·

15 462 80 497 terium
94 462 210 505 exercendis,
222 468 240 497 et
253 462 326 497 cibariis
337 463 458 507 preparandis
469 461 580 506 assignauit:
594 467 612 496 et
625 468 718 497 trecentos

16 515 110 558 sexaginta
118 514 199 559 quinque
206 515 295 550 litteratos
305 515 372 550 diuinis
382 515 448 550 officiis
458 515 524 561 iugiter
532 515 647 550 celebrandis
656 515 717 550 intitu·
726 524 735 555 5

16 568 63 610 lauit,
75 579 110 603 nec
123 567 175 603 facile
187 579 298 613 quemquam
310 569 382 603 illorum
395 569 464 613 egredi,
472 569 505 603 sed
517 574 604 613 tanquam
615 568 633 602 in
644 574 718 602 sanctu-

15 621 53 657 ario
61 622 130 655 domini
140 621 214 656 assidue
222 623 331 656 commorari
342 621 425 655 instituit.
448 621 514 655 Diuisit
523 621 572 654 enim
580 632 614 664 per
621 626 692 655 turmas
700 627 718 655 et

16 679 117 708 conuentus
132 673 234 717 collegium,
249 674 281 707 ut²
292 684 330 708 uno
345 678 436 707 conuentu
450 673 548 709 seruicium
562 674 592 708 dei
607 674 625 708 in
641 673 718 707 ecclesia

15 725 130 768 terminante,
144 726 190 760 alter
200 726 286 761 continuo
297 728 368 761 intrans
379 727 422 761 illud
434 726 534 768 inchoaret,
545 737 581 771 quo
592 731 719 762 consummato

16 779 61 815 alius
73 779 113 814 sine
125 790 176 815 mora
187 780 275 815 introiret.
303 780 370 824 Sicque
382 786 442 815 tunna
453 791 489 815 vna
503 785 582 816 exeunte
593 781 680 815 etaltera
691 781 718 814 in·
728 791 746 813 ro

16 832 115 878 gradiente,
128 834 186 867 oratio
196 836 237 867 sine
246 833 383 868 intermissione
394 834 417 868 ab
427 833 504 868 ecclesia
517 833 548 868 illa
558 834 581 868 ad
592 834 647 868 deum
657 833 718 876 fiebat,

17 891 34 921 et
45 886 172 921 benedicendo
184 887 278 921 dominum
289 886 308 921 in
320 887 370 920 omni
381 892 470 929 tempore,
478 896 553 929 semper
564 886 604 920 laus
615 886 644 920 dei
655 886 674 920 in
686 896 719 921 ore

16 939 88 972 illorum
97 940 199 974 resonabat.
245 932 291 974 Erat
303 937 399 973 interillos
406 938 481 983 quidam
489 938 563 974 nomine
571 938 642 983 Asaph,
649 949 719 983 genere

17 996 34 1026 et
46 991 108 1036 specie
120 993 184 1033 clarus,
192 993 215 1026 ab
227 992 267 1036 ipso
278 993 380 1036 pubertatis
391 992 437 1026 ssore
444 992 541 1026 virtutibus
552 997 571 1027 et
582 991 674 1027 miraculis
685 991 719 1026 iul·

16 1055 67 1090 gens,
80 1045 111 1089 qui
124 1045 180 1080 vitam
193 1045 275 1090 magistri
291 1046 309 1079 in
323 1045 373 1080 omni
389 1046 485 1080 sanctitate
497 1051 515 1079 et
529 1045 640 1080 abstinentia
652 1045 719 1089 iugiter
728 1056 745 1085 ¹5

17 1099 68 1142 sequi
80 1099 178 1141 satagebat.
206 1098 229 1132 Et
244 1109 286 1132 cum
299 1104 373 1132 sanctus
385 1098 528 1142 Kentegernus³
540 1108 592 1132 more
605 1097 658 1132 solito
670 1098 718 1142 psal·

17 1150 83 1184 terium
95 1152 155 1185 nudus
166 1151 288 1195 persoluisset
298 1152 318 1185 in
329 1152 387 1196 aquis,
395 1150 452 1185 nimio
463 1150 536 1196 frigoris
547 1151 607 1195 rigore
617 1157 719 1195 correptus,

16 1204 69 1238 iussit
84 1215 141 1247 puero
155 1205 220 1248 Asaph
233 1205 295 1248 ignem
310 1216 346 1248 quo
361 1205 440 1238 calefieri
455 1209 519 1246 posset
534 1204 568 1236 sibi
583 1204 655 1238 afferre.
682 1204 718 1245 Qui

16 1255 104 1289 festinans
116 1257 140 1289 ad
149 1257 246 1297 clibanum,
254 1261 272 1291 et
284 1266 321 1290 non
332 1256 403 1290 habens
414 1255 433 1290 in
445 1267 481 1301 quo
492 1266 562 1301 prunas
573 1255 658 1297 deterret,
666 1255 719 1291 viuos

17 1309 106 1343 carbones
121 1309 140 1343 in
155 1309 225 1353 gremio
241 1311 335 1354 suscepit:
351 1309 437 1354 nulloque
452 1309 553 1344 adustionis
568 1309 621 1354 signo
635 1309 747 1345 investem

17 1367 121 1406 apparente,
130 1373 191 1397 coram
203 1367 265 1398 sancto
277 1362 358 1409 proiecit.
381 1363 441 1406 Quem
449 1364 477 1397 vir
485 1362 513 1398 dei
524 1362 543 1398 in
553 1369 648 1408 posterum
656 1374 718 1398 carum

17 1415 92 1458 habens,
100 1427 162 1450 curam
171 1416 278 1451 monasterii
287 1416 313 1450 illi
320 1416 417 1461 delegauit,
425 1422 443 1451 et
451 1415 469 1451 in
478 1417 584 1462 episcopatu
592 1426 718 1452 successorem

17 1478 70 1503 suum
81 1468 163 1504 instituit.
208 1461 271 1505 Seruo
283 1469 312 1505 dei
324 1471 403 1514 quodam
414 1471 444 1504 die
455 1469 545 1514 prolixius
557 1470 633 1504 orationi
644 1470 720 1509 intento,

18 1520 72 1556 facies
86 1522 126 1556 eius
140 1523 192 1565 quasi
207 1521 261 1565 ignea
274 1532 372 1566 apparens,
386 1527 462 1565 stupore
475 1528 493 1556 et
508 1522 567 1555 extasi
580 1521 720 1556 circumstantes

18 1573 106 1617 repleuit:
126 1573 246 1608 intuebantur
261 1574 310 1609 enim
327 1574 392 1609 faciem
410 1574 450 1609 eius
469 1579 556 1619 tanquam
571 1575 641 1609 vultum
660 1575 746 1619 angelia5

18 1625 82 1660 stantis
93 1627 141 1661 inter
151 1627 197 1662 illos.
220 1628 315 1672 Completa
323 1627 404 1662 oratione
414 1627 529 1671 grauissimis
539 1627 624 1662 lamean
634 1639 654 1662 se
664 1628 720 1662 dedit.

18 1678 40 1714 Et
50 1691 92 1714 curn
101 1679 184 1724 discipuli
195 1691 269 1714 causam
276 1681 352 1715 tristicie
360 1681 454 1716 humiliter
462 1680 485 1715 ab
496 1691 518 1715 eo
528 1685 618 1726 peterent,
626 1681 720 1726 paulisper

18 1730 35 1765 in
47 1732 119 1767 silentio
130 1733 219 1776 residens,
230 1735 305 1769 tandem
316 1734 351 1768 ait:
364 1734 473 1776 ‘Noueritis
484 1734 516 1768 filii
527 1734 626 1776 karissimi,
636 1741 719 1769 sanctum

19 1785 78 1820 Dauid
89 1787 145 1821 decus
153 1787 253 1828 Britannis,
261 1792 334 1831 patrem
344 1787 407 1831 patrie,
415 1788 476 1821 carnis
487 1797 580 1820 carcerem
591 1787 646 1820 modo
658 1797 720 1830 egres-

18 1848 59 1871 sum
67 1849 125 1881 regna
132 1839 207 1872 celestia
214 1845 328 1883 penetrasse.
350 1839 425 1873 Credite
433 1838 493 1882 michi,
501 1838 544 1884 quia
551 1849 588 1873 non
596 1839 655 1874 solum
663 1850 719 1883 ange·
728 1852 748 1882 30

18 1889 77 1924 lorum
92 1891 189 1927 multitudo
201 1891 219 1926 in
235 1892 321 1935 gaudium
333 1891 401 1926 domini
415 1895 444 1926 sui
455 1893 507 1927 illum
521 1892 638 1934 introduxit⁴,
653 1892 686 1927 sed
702 1898 720 1927 et

18 1944 103 1979 dominus
110 1949 174 1979 noster
182 1944 248 1980 ihesus
256 1945 340 1980 Christus
347 1945 364 1980 ei
372 1946 444 1979 obuiam
452 1946 555 1989 procedens
563 1945 587 1978 ad
594 1950 658 1990 portas
667 1955 720 1990 para-

18 1996 56 2038 disi,
65 1997 122 2042 gloria
130 2003 148 2032 et
156 1998 226 2033 honore
234 1999 326 2033 coronauit
336 2009 385 2040 eum,
393 2009 423 2033 me
430 1999 509 2033 vidente.
532 1998 601 2033 Scitote
608 1998 663 2033 etiam
671 1999 719 2043 quod

19 2048 112 2085 Britannia
125 2057 175 2086 tanto
188 2051 257 2086 lumine
270 2052 333 2087 orbata
345 2052 390 2087 tanti
403 2051 475 2096 patroni
488 2050 557 2095 lugebit
570 2051 677 2093 absentiam,
689 2051 720 2095 qui

18 2103 77 2145 gladio
89 2104 158 2139 domini
169 2110 245 2150 propter
256 2105 346 2139 maliciam
357 2103 497 2139 inhabitantium
508 2104 651 2148 semieuaginato
663 2115 720 2149 super
728 2115 747 2145 35

19 2155 72 2199 illam,
79 2168 102 2193 ne
110 2158 184 2202 penitus
189 2169 247 2203 vsque
254 2159 277 2192 ad
285 2158 421 2192 internitionem
428 2162 521 2193 extractus
527 2162 630 2202 percuteret
635 2157 647 2199 ³,
652 2164 720 2194 semet-

19 2209 78 2252 ipsum
90 2212 199 2255 opponebat.
221 2211 305 2246 Tradens
316 2212 375 2246 tradet
387 2213 472 2247 dominus
484 2210 597 2246 Britanniam
609 2212 678 2247 exteris
689 2223 720 2247 na·

19 2261 97 2298 tionibus
102 2265 157 2298 deum
163 2265 294 2308 ignorantibus,
303 2264 379 2308 (secta)⁶
386 2266 468 2308 paganis,
474 2265 506 2306 (et)
514 2265 537 2298 ab
545 2264 636 2307 indigenis
644 2275 720 2299 euacua·

19 2315 66 2350 bitur
73 2317 143 2358 insula;
155 2317 254 2351 christiane
259 2317 306 2361 legis
312 2317 376 2361 religio
383 2327 442 2362 vsque
448 2318 470 2352 ad
476 2317 582 2362 prefinitum
588 2316 720 2361 ternpusdissi-

19 2369 89 2411 patitur
98 2369 116 2404 in
125 2380 151 2411 ea,
160 2371 193 2404 sed
201 2369 220 2403 in
231 2369 328 2413 pristinum
336 2376 403 2404 statum
411 2372 468 2405 immo
475 2370 570 2405 meliorem
578 2370 678 2405 miserante
685 2371 720 2405 deo
729 2378 749 2408 40

19 2419 83 2456 iterum
91 2421 215 2467 reparabitur.r
259 2415 296 2457 Vir
306 2429 367 2459 autent
373 2423 403 2459 dei
414 2423 483 2468 septies
491 2423 570 2458 Romam
580 2423 649 2466 adiens,
657 2429 720 2458 sancto

21 2472 108 2519 Gregorio
120 2475 194 2521 speciali
202 2476 306 2520 Anglorum
314 2477 402 2521 apostolo,
410 2483 466 2511 totam
477 2477 533 2511 vitam
541 2487 600 2519 suam,
606 2477 720 2517 electionem,

21 2532 36 2560 et
49 2528 211 2571 consecrationem,
223 2535 241 2563 et
252 2540 317 2564 omnes
329 2541 383 2564 casus
394 2531 425 2574 qui
436 2530 453 2564 ei
465 2529 569 2563 acciderant
582 2529 663 2562 seriatim
676 2539 721 2562 eno·

53 2597 139 2628 ¹E.insra.
181 2596 214 2628 Ἴ,
223 2602 243 2628 et.
288 2597 324 2629 ³13,
332 2598 445 2636 Kentegrinus.
490 2597 603 2629 ¹ot.deduxit.
644 2597 720 2629 ⁵Vit.ue

21 2636 81 2669 penitus
89 2641 169 2668 extractus
175 2648 225 2677 usque
232 2638 252 2669 ad
260 2638 269 2669 i.
278 2648 293 2676 p.
354 2640 360 2658 ⁶
370 2639 388 2668 T.
396 2638 413 2668 E.
421 2639 449 2668 sed
457 2643 473 2668 et
479 2648 493 2668 a.
