1762 2803
236 198 239 206 a
275 152 321 206 Dr
336 149 517 205 eauuouiuo.
722 165 749 205 19

45 284 103 309 onera
111 272 211 307 deserenda
221 273 299 316 pergas)
322 272 347 306 At
358 272 389 306 ille
401 272 436 307 cito
447 284 531 316 surgens,
540 278 558 307 et
569 283 603 316 pre
610 269 705 306 velocitate
716 269 750 302 lib·

46 337 87 362 rum
95 330 179 371 apertum
187 324 290 366 dimittens;
306 323 390 369 quamuis
398 324 461 370 pluuia
469 337 536 372 magna
544 325 670 363 descenderet,
678 323 750 364 librum,

46 383 104 415 donec
113 384 187 413 sanctus
195 378 255 412 Dauid
263 378 314 412 illum
322 377 418 421 inueniret,
426 390 464 414 non
472 380 519 415 lesit.
548 378 598 414 Dixit
609 387 682 423 quoque
690 376 751 411 cho·

46 444 113 470 nonius
117 437 137 466 vt
144 432 190 466 duos
198 432 255 465 boues
263 431 362 465 indomitos
367 437 439 467 teneret
447 446 451 467 :
462 435 496 467 sed
502 434 564 467 statim
572 432 626 466 mites
632 437 651 465 et
655 428 750 464 domestici

47 487 81 521 sub
89 486 128 519 eius
136 494 192 518 manu
200 483 260 518 effecti
268 488 316 518 sunt.
344 484 435 529 Deditque
445 485 562 520 Ychonomus
570 489 633 519 sancto
640 484 703 527 iugum
710 481 750 516 sine
760 494 769 524 5

47 539 101 574 loris:
121 543 139 571 et
150 536 222 571 adhesit
233 536 295 581 iugum
307 536 421 573 ceruicibus¹
436 538 492 573 boum
504 539 544 574 sine
556 538 605 579 loris,
617 536 669 582 quasi
681 535 752 570 fortiter

47 591 91 626 loris
102 590 263 633 constringeretur.
286 589 309 623 Et
321 590 410 625 obuiaus²
421 590 438 624 ei
450 596 524 626 sanctus
537 590 597 625 Dauid
608 590 666 625 dixit:
678 588 751 630 ‘Quare

47 643 131 680 dimisisti
146 642 212 677 librum
228 648 312 687 apertum
327 644 362 678 sub
377 643 461 688 pluuia?'
484 644 526 680 Hoc
539 645 606 687 audito,
617 643 717 689 prostrauit
730 653 751 678 se

48 709 108 734 coram
119 702 182 731 sancto
191 696 256 738 Dauid,
264 702 283 731 et
292 708 329 732 non
340 698 420 733 surrexit
431 699 490 733 donee
501 699 563 733 senior
572 697 677 742 preciperet
687 696 715 732 ei:
728 696 751 730 Et

48 763 82 786 nec
93 750 161 785 dictum
173 756 201 784 est
213 750 230 784 ei
238 751 315 796 ‘surge'
337 751 434 786 Venerunt
445 757 507 787 autern
518 752 583 787 fratres
594 752 617 786 ad
629 751 710 792 domurn,
722 761 751 784 re·
760 764 780 785 ro

47 810 133 839 manente
140 804 189 837 Aido
201 803 219 837 in
229 804 288 838 littore
298 810 395 849 prostrato.
418 804 465 839 Cum
477 810 538 839 autem
550 804 642 849 quesisset
653 802 713 837 Dauid
721 802 751 837 vbi

47 869 94 902 puer
106 862 161 896 esset,
172 867 283 900 responsum
297 862 325 891 est
338 856 380 901 quia
393 868 430 890 non
442 857 527 891 viderunt
541 868 583 892 eum
597 856 632 891 nisi
645 857 720 900 quando
732 855 751 889 in

48 911 106 944 littore
122 920 164 943 eum
179 915 291 953 prostratum
306 909 419 945 dimiserunt.
441 910 494 944 Tune
509 909 561 945 missi
576 910 600 945 ad
615 909 665 944 littus
679 909 751 951 fratres,

48 964 158 998 inuenerunt
170 963 245 1006 plenum
258 974 309 997 mare
321 969 339 996 et
351 963 370 998 in
383 964 459 998 circuitu
471 964 558 1007 prostrati
573 963 632 997 sancti
644 972 695 996 mare
708 962 752 996 sub

48 1017 139 1058 leuatum;
151 1021 169 1049 et
180 1026 222 1049 cum
230 1016 310 1050 funiculo
317 1016 336 1049 in
343 1027 410 1050 nauem
421 1021 517 1051 traxerunt
528 1027 576 1051 eum.
610 1008 656 1051 Alio
668 1021 751 1058 tempore
761 1027 779 1057 ¹⁵

46 1068 172 1112 'Ychonomus
187 1068 255 1104 inuidia
270 1075 372 1104 commotus
387 1075 470 1104 sanctum
482 1069 551 1104 Aidum
565 1069 649 1104 occidere
664 1068 751 1113 cogitans,

48 1122 97 1156 misit
105 1132 148 1156 eum
156 1132 198 1156 curn
205 1121 245 1157 viro
252 1122 298 1156 laico
306 1127 324 1157 et
331 1122 419 1164 vehiculo,
427 1128 447 1157 vt
454 1134 465 1156 a
473 1122 519 1157 silua
527 1123 577 1166 ligna
584 1123 675 1163 deferret3
686 1121 752 1155 suasit-

49 1185 84 1218 que
92 1175 137 1208 laico
144 1179 164 1208 vt
172 1180 255 1209 sanctum
263 1175 282 1209 in
290 1174 342 1210 siluis
349 1175 446 1210 occideret.
470 1175 554 1220 Cumque
562 1180 636 1211 sanctus
644 1174 694 1219 ligna
701 1173 751 1209 colli·

48 1239 94 1271 gens
110 1239 130 1261 se
145 1227 246 1270 inclinaret,
259 1229 316 1263 laicus
331 1230 402 1263 eleuata
417 1229 477 1263 securi
492 1229 549 1263 ictum
562 1238 628 1263 versus
643 1233 697 1272 caput
712 1227 752 1262 eius

48 1281 137 1316 uibrauit:
156 1286 174 1315 et
189 1293 232 1316 eece
247 1293 312 1316 manus
327 1282 367 1317 eius
382 1293 456 1317 sursum
472 1288 533 1317 erecte
546 1287 565 1316 et
578 1282 629 1316 aride
644 1281 708 1316 effecte
723 1291 752 1315 re·
761 1298 780 1319 ω

49 1340 156 1368 manserunt
171 1334 190 1368 in
203 1346 251 1370 aere.
273 1335 325 1370 Tunc
340 1335 396 1370 laicus
409 1336 470 1379 agnita
485 1336 539 1380 culpa
552 1346 590 1379 sua,
603 1345 638 1379 per
650 1333 751 1369 orationem

49 1388 106 1422 sancti
122 1393 196 1422 sanatus
208 1394 227 1422 et
241 1389 311 1422 solutus
324 1394 358 1423 est.
386 1389 428 1423 Hoc
440 1394 501 1423 autem
515 1388 602 1423 diuinitus
615 1393 678 1422 saneto
692 1387 752 1421 Dauid

50 1441 135 1480 reuelato,
151 1441 213 1475 statim
231 1452 310 1485 surgens
329 1441 408 1476 cucurrit
427 1443 450 1475 ad
469 1441 561 1476 fluuium!
577 1445 595 1476 et
612 1440 753 1476 innumerabilia

50 1493 122 1537 agmina
141 1494 247 1538 angelorum
267 1494 314 1529 circa
328 1494 398 1529 Aidum
415 1494 520 1530 venientem
537 1494 588 1530 vidit.
618 1494 642 1528 Et
660 1494 752 1538 aspiciens

49 1553 123 1581 sanetus
134 1547 194 1581 Aidus
205 1558 216 1581 a
227 1548 281 1590 longe
292 1553 375 1581 sanctum
388 1547 447 1581 Dauid
459 1553 588 1590 expectantem
600 1558 648 1589 eum,
655 1546 706 1580 venit
718 1546 753 1580 cito
762 1559 780 1589 ²5

50 1609 84 1642 per
94 1600 176 1640 fluuium,
187 1604 206 1633 et
217 1610 251 1643 per
260 1599 300 1634 vias
311 1610 393 1643 asperas,
404 1600 435 1633 vbi
447 1600 542 1634 hominum
554 1599 614 1634 nullus
626 1598 678 1644 prius
689 1599 753 1634 ambu-

49 1651 98 1692 lauit‚
109 1657 159 1686 recto
171 1652 236 1686 itinere
247 1654 271 1687 ad
282 1654 343 1688 locum
353 1653 384 1687 vbi
397 1653 457 1687 Dauid
468 1658 547 1687 stantem
560 1652 614 1695 vidit;
633 1652 695 1696 ibique
706 1662 752 1686 crux

49 1716 108 1749 usque
122 1705 142 1740 in
157 1707 266 1741 hodiernum
282 1706 331 1741 diem
346 1712 407 1740 erecta
422 1711 456 1740 est.
487 1706 597 1750 increpante
613 1711 674 1740 autern
690 1711 753 1740 sancto

51 1759 110 1793 Dauid
118 1759 253 1800 Ychonomum,
260 1759 319 1793 Aldus
330 1759 365 1794 ait:
377 1760 428 1793 ‘Non
440 1764 468 1793 est
478 1769 556 1793 necesse
567 1759 647 1794 utillum
658 1759 753 1802 increpes;
773 1796 775 1800 ,

51 1811 66 1845 si
77 1813 128 1846 enim
139 1812 264 1857 increpaueris
275 1823 323 1854 eum,
335 1812 375 1858 ipse
387 1823 430 1846 mox
442 1812 535 1853 morietur,
546 1817 565 1847 et
576 1812 694 1857 sepulchrum
705 1812 753 1847 illius
762 1827 782 1858 3⁰

50 1876 105 1900 nemo
113 1866 180 1908 sciet'3
192 1866 244 1900 etsie
253 1866 320 1901 sactum
328 1871 361 1901 est.
394 1859 454 1900 Filius
461 1865 510 1910 regis
519 1865 549 1910 qui
557 1872 596 1900 erat
604 1876 664 1908 cecus,
672 1866 754 1907 claudus,

51 1923 69 1951 et
76 1921 149 1960 surdus,
157 1920 180 1953 ad
188 1924 271 1953 sanctum
279 1919 348 1953 Aidum
354 1920 444 1953 adductus
452 1920 475 1952 ab
483 1918 533 1952 omni
541 1918 629 1963 languore
636 1924 712 1953 sanatus
720 1925 754 1954 est.

50 1964 149 2006 Adductus
159 1978 187 2006 est
194 1972 217 2006 ad
226 1982 268 2006 eum
276 1972 347 2006 habens
355 1972 421 2006 faciem
428 1972 469 2007 sine
477 1972 535 2006 oculis
543 1978 561 2006 et
568 1971 656 2006 naribus:
672 1977 690 2005 et
697 1972 754 2005 bene-

51 2024 97 2058 dixit
108 2024 173 2060 faciem
185 2024 230 2068 eius,
242 2030 260 2059 et
271 2024 321 2062 dedit
333 2025 350 2059 ei
362 2024 448 2059 dominus
461 2025 523 2060 oculos
535 2030 553 2060 et
564 2036 624 2060 nares.
654 2015 753 2060 Venerunt

52 2084 113 2112 autem
125 2079 209 2113 Saxones
221 2079 244 2112 ad
256 2077 324 2112 bellum
336 2084 400 2113 contra
412 2078 507 2120 Britones;
524 2084 543 2112 et
554 2084 628 2123 rogatus
639 2078 699 2113 Aldus
711 2089 753 2113 cum
762 2091 780 2121 ³5

52 2130 157 2166 Britouibus
168 2133 191 2165 ad
202 2130 281 2175 prelium
292 2130 380 2174 perrexit.
402 2132 462 2172 Quem
470 2131 555 2165 videntes
567 2131 650 2165 Saxones
661 2131 680 2164 in
691 2130 753 2174 sugam

51 2184 100 2218 versi
105 2189 152 2225 sunt,
159 2189 176 2218 et
184 2188 248 2218 orante
256 2182 287 2217 illo
294 2183 390 2217 neclvnus
397 2183 494 2216 Britonum
501 2183 567 2217 cecidit
573 2182 603 2217 die
608 2183 644 2217 illo.
661 2183 752 2224 Quamdiu

52 2235 101 2270 enim
107 2236 126 2270 in
134 2236 240 2280 regionibus
247 2235 283 2269 illis
291 2245 332 2269 eum
342 2241 406 2269 sancto
414 2235 473 2269 Dauid
481 2245 547 2269 seruus
555 2235 585 2269 dei
593 2234 652 2269 Aldus
660 2235 753 2278 habitauit,

52 2287 136 2323 Saxones
151 2289 193 2323 illuc
208 2288 271 2322 venire
287 2299 321 2321 nec
336 2288 404 2331 populo
421 2298 488 2321 nocere
503 2287 674 2332 presumpserunt⁴.
704 2281 753 2334 Qui-

52 2340 94 2376 dam
99 2343 122 2376 de
130 2342 235 2377 Saxonibus
242 2340 338 2376 latrunculi
345 2340 369 2375 ad
376 2341 479 2375 nocendum
490 2340 566 2374 incolisl
573 2351 641 2385 pagum
648 2341 679 2376 vbi
687 2352 754 2378 seruus
761 2357 783 2388 4⁰

52 2394 81 2427 dei
89 2395 161 2437 mansit,
169 2395 287 2430 intrauerunt.
310 2394 350 2436 Quo
358 2394 435 2437 cognito,
443 2393 482 2427 suis
490 2393 651 2437 imprecationibus
659 2396 754 2431 excecauit

52 2457 84 2480 eos
91 2460 95 2490 ;
107 2455 175 2482 etcum
183 2459 249 2492 magna
257 2447 362 2482 difficultate
370 2447 462 2482 neminem
470 2447 553 2481 ledentes
561 2447 647 2490 regressi,
655 2458 689 2491 per
696 2454 754 2482 toturn

52 2508 120 2533 annum
131 2501 205 2534 cecitate
215 2500 300 2544 percussi
311 2503 457 2545 permanserunt.
492 2491 537 2534 Rex
545 2498 619 2544 quidam
628 2498 723 2536 Saxonum
731 2502 754 2537 ad

53 2568 204 2639 ⁵{liselruicibus
255 2569 369 2601 metuens.
420 2568 488 2600 ³T.nc.
535 2570 570 2601 ¹T.
579 2579 612 2601 non
619 2576 755 2609 presumpserunt.

83 2618 159 2640 .incoos.

389 2669 418 2693 C2
