1762 2803
108 127 162 170 '440
307 111 387 166 tauta
402 108 519 174 tramea
534 108 627 174 ancta

116 233 206 278 angustiis
217 238 273 276 actus,
280 244 315 278 per
325 233 361 268 iter
371 231 457 278 patientie
468 243 543 278 possem
553 231 671 278 perfectionis
681 231 754 266 culmen
766 229 819 265 attin·

116 298 165 331 gere.
188 286 305 331 Quapropter
317 286 373 320 multo
386 285 445 330 magis
456 285 488 320 tibi
501 297 535 331 pro
546 291 576 320 tua
587 285 636 319 bona
647 284 747 319 intentione
759 289 820 328 grates

119 351 174 385 agere
190 340 253 382 debeo,
266 350 321 385 quam
336 344 356 373 tu
371 340 420 384 apud
433 350 464 374 me
482 338 525 374 inde
538 339 611 375 veniam
627 348 710 383 querere,
722 337 820 382 presertim

117 405 159 429 cum
171 403 265 437 nunquam
272 392 326 428 venia
337 393 371 427 rite
383 397 456 436 petatur
466 392 501 427 nisi
509 393 557 427 vnde
569 391 629 436 aliqua
640 390 717 426 offensio
729 395 821 425 contracta

100 453 159 482 iesse
174 451 252 491 putatur.
280 446 318 480 Sed
334 445 421 489 quoniam
436 450 454 480 te
470 446 611 490 circumquaque
626 445 717 479 oculatum
729 454 771 478 esse
783 454 821 477 non

117 500 187 545 ignoro,
195 498 325 544 perspicaciter
332 504 387 543 atque
396 498 486 534 subtiliter
497 510 533 544 que
541 505 584 534 sunt
591 499 670 534 videnda
677 503 695 533 te
703 497 821 532 considerare

117 553 218 596 perpendo.
238 551 345 595 Eapropter‚
353 552 368 586 si
380 557 434 596 putas
445 558 463 586 te
475 552 542 597 aliquid
554 552 624 597 peccati
635 551 748 586 contraxisse
757 551 776 584 in
786 549 821 584 hiis

118 617 154 650 que
166 610 230 639 contra
241 615 271 639 me
285 605 326 639 fieri
339 605 461 640 consensisti:
474 610 562 649 quantum
575 614 616 639 mea
628 604 709 646 interest,
723 602 782 637 libens
793 602 821 636 in-

113 658 189 705 dulgeo,
202 663 220 693 et
235 657 334 703 indulgens
349 657 408 693 eterni
421 670 478 704 super
492 665 510 694 te
523 658 666 693 misericordiam
681 657 745 692 iudicis
759 656 822 693 venire

91 722 111 743 u>
119 711 197 757 supplici
205 712 302 747 deuotione
310 713 401 757 deposco.’
447 705 502 746 Misit
510 711 572 756 itaque
581 711 690 746 Theodorus
698 710 769 745 Alfrido
777 710 822 754 regi,

120 765 190 810 ngridi
201 765 308 807 successori,
317 765 387 799 litteras
394 770 414 800 vt
425 766 478 799 beato
489 765 574 799 Wilfrido
584 776 607 798 ex
619 766 674 797 corde
685 764 755 797 amicus
763 764 821 804 fieret,

120 828 199 862 eumque
207 817 226 851 in
234 819 278 852 sede
286 819 309 852 de
319 829 355 862 qua
363 817 430 852 iniuste
440 817 535 862 depositus
546 822 589 860 erat,
598 817 681 861 recipere
691 827 727 850 non
736 815 823 851 differret.

120 872 157 914 Qui
169 871 230 905 statim
243 876 326 905 sanctum
340 870 437 912 reuocauit,
450 871 504 904 etad
517 881 570 905 suam
584 880 626 904 cum
641 870 710 904 honore
726 870 822 905 ecclesiam

120 924 196 959 remisit.
217 923 283 968 Sicque
295 935 329 968 per
341 923 486 968 quinquennium
498 923 517 957 in
529 934 563 958 sua
576 924 620 958 sede
632 923 650 957 in
662 934 707 968 pace
717 922 823 968 permansit.

94 987 111 1017 15
120 977 187 1012 Verbis
198 977 272 1011 tandem
284 977 384 1011 delatorum
395 988 428 1012 rex
440 987 533 1019 accensus,
541 977 560 1012 in
572 976 701 1021 possessiones
713 976 752 1012 eius
764 976 824 1011 subita

121 1031 219 1074 cupiditate
231 1035 304 1064 estuare
315 1031 368 1073 cepit,
376 1035 395 1063 et
404 1031 449 1072 [eas]
458 1030 560 1073 postposito
568 1030 598 1063 dei
605 1030 677 1070 timore,
685 1029 770 1064 abstulit:
783 1030 824 1062 cui¹

121 1082 217 1118 Wilfridus
231 1081 330 1127 episcopali
342 1082 447 1118 auctoritate
459 1083 550 1117 contraire
562 1093 599 1118 non
613 1082 685 1125 timens,
697 1083 748 1127 graui
762 1088 824 1118 contra

122 1149 142 1172 se
157 1147 219 1182 regem
234 1136 328 1171 iracundia
343 1137 466 1172 inssanrmauit.
491 1137 546 1171 Vnde
565 1136 632 1171 factum
648 1140 676 1171 est
690 1141 709 1170 vt
724 1147 758 1171 rex
772 1136 824 1171 illum

122 1191 207 1224 omnibus
224 1188 262 1223 suis
278 1189 376 1233 spoliatum
388 1191 412 1223 de
427 1200 484 1234 regno
499 1200 533 1224 suo
546 1189 663 1233 expelleret²‚
678 1188 708 1233 qui
723 1190 746 1223 ad
762 1200 824 1233 regem

95 1251 114 1272 2⁰
123 1242 235 1278 Merciorum
242 1242 362 1277 Ethelredum
367 1242 428 1277 statim
434 1242 517 1277 accessit.
537 1241 695 1276 Cuius³instantia
703 1242 825 1276 Brithwaldus

122 1294 271 1339 archiepiscopus
290 1295 398 1329 concilium⁴
417 1295 528 1335 conuocauit,
547 1295 670 1338 Wilsridoque
692 1305 766 1328 omnem
786 1295 825 1329 fieri

123 1348 213 1382 iusticiam
221 1347 326 1392 spopondit.
349 1346 428 1390 Quidam
439 1352 502 1383 tamen
514 1346 602 1392 episcopi,
610 1347 660 1394 regie
672 1347 754 1383 fauentes
762 1347 826 1382 volun-

123 1401 159 1444 tati,
175 1401 194 1436 in
209 1401 284 1436 concilio
299 1400 359 1436 virum
375 1401 405 1436 dei
420 1401 470 1436 salsis
489 1401 598 1447 calumpniis
616 1402 709 1448 exagitare
727 1407 745 1437 et
760 1401 826 1447 quibus

123 1460 208 1499 poterant
221 1455 365 1489 obiectionibus⁵
376 1456 484 1500 perturbare
497 1460 590 1499 ceperunt.
618 1456 656 1490 Sed
670 1466 711 1490 curn
724 1456 747 1490 ad
762 1460 827 1490 cuncta

97 1520 115 1550 ²5
125 1506 195 1540 obiecta
210 1505 340 1540 rationabiliter
355 1505 486 1548 respondisset,
502 1506 568 1539 horror
583 1510 601 1539 et
616 1505 667 1550 ipsos
685 1506 768 1540 inimicos
787 1506 827 1540 eius

125 1557 197 1599 inuasit,
213 1556 295 1591 dicentes
310 1557 388 1601 impium
403 1567 451 1599 esse,
465 1558 525 1592 virum
541 1561 624 1592 sanctum
643 1558 712 1602 absque
726 1557 763 1592 vllo
778 1562 828 1592 certo

125 1610 202 1645 crimine
213 1609 252 1645 suis
263 1609 348 1645 omnibus
360 1609 439 1653 spoliari.
461 1609 516 1644 Vnde
527 1620 560 1644 rex
571 1615 589 1644 et
600 1610 749 1656 archiepiscopus
760 1623 771 1645 a
782 1623 828 1645 non-

126 1663 180 1698 nullis
188 1662 304 1706 interpellati,
311 1661 442 1697 monasterium
450 1663 498 1707 quod
506 1664 554 1707 apud
561 1663 623 1708 Ripun
630 1669 761 1706 construxerat,
767 1665 799 1710 [ei]
806 1676 828 1700 ea

126 1715 230 1751 conditione
238 1722 372 1759 concesserunt,
380 1721 399 1751 vt
410 1716 459 1750 ἰΗὶοε
470 1716 542 1760 quietus
553 1718 627 1751 sederet
637 1722 655 1751 et
668 1717 744 1762 [absque
753 1717 829 1753 licencia

99 1782 118 1810 50
126 1769 194 1813 regts⁷]
203 1774 256 1812 septa
264 1769 318 1813 [eius]
326 1768 332 1787 ⁸
340 1779 377 1803 non
389 1768 453 1811 exiret,
461 1779 495 1803 nec
504 1778 566 1803 curam
574 1769 683 1814 episcopalis
691 1769 745 1803 officii
753 1770 829 1805 ulterius

126 1821 266 1856 administraret.
290 1821 361 1864 Quibus
370 1821 411 1865 ipse
420 1821 456 1856 ait:
470 1821 524 1866 ‘qu
534 1821 597 1866 inquit,
608 1823 685 1866 gradum
697 1824 829 1858 sacerdotalem

126 1886 164 1909 non
176 1873 270 1918 deiiciam3
285 1874 327 1918 quia
340 1875 398 1909 fateor
410 1875 464 1918 quod,
476 1873 517 1908 licet
528 1874 619 1918 indignus,
631 1885 688 1919 opera
697 1871 759 1910 ta'men
770 1877 830 1922 ponti-

127 1929 181 1963 ficatu
200 1938 237 1963 non
257 1927 373 1963 mediocriter
387 1928 447 1972 digna,
464 1927 536 1963 adiutus
554 1927 623 1971 domini
641 1929 705 1973 gratia,
724 1929 763 1965 feci.
794 1931 830 1966 Per

127 1981 248 2026 quadraginta
261 1992 320 2015 annos
333 1982 400 2026 quibus
412 1981 462 2025 potui
475 1982 532 2016 fidem
544 1982 611 2016 Christi
622 1982 721 2025 predicaui,
733 1987 751 2017 et
763 1984 830 2018 multos

101 2045 119 2076 55
128 2036 150 2068 ab
166 2043 228 2069 errore
240 2034 311 2068 correxi
323 2039 342 2068 et
356 2033 445 2068 membris
457 2033 534 2069 ecclesie
546 2034 635 2078 copulaui.
662 2034 703 2069 Hec
716 2040 778 2069 tamen
793 2047 831 2070 non

128 2098 168 2131 ego,
179 2087 212 2123 sed
224 2088 269 2122 deus
281 2087 321 2131 ipse
332 2097 367 2131 per
377 2097 413 2122 me.
436 2086 500 2122 Ritum
512 2087 635 2122 ecclesiastice
646 2088 785 2133 obseruationis,
797 2101 832 2134 per

129 2140 216 2184 Angliam
227 2141 294 2174 scotica
305 2139 402 2174 traditione
413 2141 540 2184 deprauatum,
552 2141 651 2184 apostolica
659 2141 715 2175 fultus
726 2143 832 2177 auctoritate

130 2191 207 2228 correxi.
237 2193 331 2237 Preceptis
351 2193 415 2227 saltem
427 2193 526 2237 apostolice
545 2193 601 2235 sedis,
617 2203 652 2237 que
671 2203 706 2236 me,
721 2193 758 2228 iam
777 2195 832 2230 simili

130 2246 196 2281 iniuria
204 2250 307 2280 accusatum
318 2245 385 2289 atque⁹
394 2247 519 2289 dampnatum,
527 2256 641 2281 excusauere
653 2251 671 2280 et
679 2247 782 2281 absolutum
790 2260 832 2283 esse

102 2313 123 2345 40
131 2298 247 2339 constituere,
255 2297 386 2340 obtemperetis
391 2298 410 2339 ¹⁰,
418 2297 434 2330 si
442 2308 475 2331 nec
484 2308 518 2340 pro
526 2308 595 2340 amore,
601 2308 635 2332 nec
643 2309 677 2341 pro
685 2298 751 2333 timore
759 2299 794 2343 dei,
802 2312 833 2335 me

131 2350 213 2396 quietum
224 2359 267 2383 esse
278 2348 383 2393 permittere
391 2349 456 2385 vultis:
469 2350 507 2394 sed,
519 2356 539 2386 vt
550 2356 599 2395 puto,
607 2351 637 2386 illa
649 2357 736 2397 precepta
745 2359 775 2387 aut
783 2354 834 2390 obliti

152 2457 183 2488 ¹T.
191 2455 221 2485 Cui
228 2464 271 2491 cunr:
279 2455 333 2486 Eadm.
338 2455 441 2493 cuiquoniam
446 2478 450 2486 .
455 2479 459 2487 .
465 2478 468 2486 .
474 2455 530 2487 timuit.
570 2457 577 2475 ²
584 2457 637 2488 Eadm.
644 2458 725 2496 expellere
732 2463 834 2498 proponeret.

132 2498 138 2516 ³
148 2507 170 2527 sc.
178 2496 228 2533 Regis
235 2495 297 2526 Alsridi.
339 2495 346 2514 ⁴
353 2495 371 2525 E.
379 2496 471 2531 consilium
478 2497 532 2527 Eadm.
541 2498 581 2526 adds
588 2497 604 2526 in
611 2507 667 2535 campo
672 2499 699 2535 qui
707 2499 763 2529 dicitur
770 2500 833 2529 Eastre-

133 2537 170 2567 ield.
201 2535 416 2567 ⁶Eadm.contrarietatibns.
447 2535 525 2567 ⁰E.illuc.
559 2535 660 2572 ⁷soT.;om.
669 2538 685 2568 in
693 2538 711 2569 E.
745 2538 834 2578 ³E.regis;

134 2578 187 2607 Eadm.
195 2575 290 2606 monasterii.
331 2575 337 2593 ⁹
348 2575 366 2606 E.
373 2585 396 2607 ac.
437 2575 449 2594 ¹⁰
459 2575 496 2607 T.E.
503 2576 638 2615 obtemperaretis.
