1762 2803
114 666 233 717 NOVA
257 668 458 719 LEGENDA
483 667 651 719 ANGLIE.

335 826 430 843 ...ῃ-

181 935 238 979 ΙῙΒΕ
249 952 319 977 snncro
331 934 441 978 Gurntaco
452 952 569 977 conressona
574 940 586 976 ¹.

41 1039 133 1116 Dlebus
142 1044 203 1073 autem
214 1039 264 1083 regis
274 1040 386 1074 Merciorum
394 1039 489 1074 Ethelredi
499 1039 566 1073 nobilis
574 1037 649 1084 quidam
661 1037 737 1072 nornine

121 1091 236 1134 Penwafflus,
243 1103 268 1126 ex
280 1093 337 1136 regali
346 1092 435 1136 progenie
448 1096 505 1134 ortus,
514 1103 538 1126 ex
548 1102 607 1126 vxore
617 1102 650 1125 sua
661 1090 737 1125 nomine

38 1144 105 1178 Tecta²
115 1150 198 1179 sanctum
207 1144 321 1185 Guthlacum‚
329 1155 404 1179 seruum
416 1143 445 1179 dei
452 1144 464 1187 ³,
472 1144 576 1188 progenuit.
599 1143 626 1178 Ea
633 1143 684 1178 enim
692 1143 738 1178 hora

39 1208 74 1241 qua
85 1208 126 1231 eum
134 1197 219 1232 dominus
227 1197 299 1232 uocauit
310 1202 328 1231 et
340 1191 444 1242 segiegauit
455 1197 479 1232 de
486 1201 540 1232 vtero
551 1196 615 1232 matris
626 1207 666 1238 sue,
673 1195 737 1231 celesti

39 1251 140 1293 pronostico
151 1250 258 1295 designatus
266 1256 306 1285 est:
319 1250 386 1284 Manus
393 1249 443 1285 enim
454 1249 506 1295 quasi
514 1249 601 1292 hominis,
607 1249 658 1283 rubri
667 1249 738 1290 nitoris,
747 1258 756 1288 5

39 1302 101 1337 celitus
108 1303 164 1338 missa
171 1308 189 1338 et
194 1304 217 1338 ad
223 1303 290 1338 ostium
296 1304 362 1338 domus
368 1308 451 1345 extensa,
459 1302 547 1337 ineffabili
552 1302 622 1346 fulgore
627 1302 739 1337 choruscare

38 1354 78 1389 visa
88 1361 127 1390 est:
142 1366 178 1399 que
191 1356 284 1400 signaculo
296 1355 355 1391 crucis
365 1354 445 1390 hostium
457 1354 549 1397 muniens,
560 1354 607 1390 felici
619 1354 739 1399 prefigurauit

39 1406 740 1453 auspicioquodilleadortumprocederet⁴quifinaliperseuerautiaChristi

40 1469 111 1494 crucem
119 1460 137 1495 in
145 1472 179 1496 suo
187 1471 263 1506 corpore
273 1460 403 1496 circumter-ret.
426 1460 528 1496 Hominum
540 1460 633 1506 siquidem
642 1460 740 1496 multitudo

40 1511 120 1558 miraculi
132 1514 212 1549 nouitate
223 1514 324 1558 stupefacta
338 1524 442 1555 accurrens,
450 1519 487 1548 tam
498 1514 579 1549 inaudite
590 1514 667 1549 visionis
678 1513 740 1558 prodi·
750 1525 769 1547 ιο

40 1564 95 1607 glum,
103 1577 188 1610 magnum
196 1567 258 1602 diuine
263 1566 405 1611 dispensationis
413 1566 453 1601 fore
459 1566 562 1601 misterium
569 1567 668 1601 asserebat.
685 1567 741 1602 Cum·

41 1627 76 1661 que
95 1624 169 1664 stupore
187 1630 255 1665 magno
271 1621 373 1655 secundum
387 1619 449 1655 varios
468 1619 525 1655 animi
544 1625 606 1654 motus
623 1618 741 1664 opinionibus

41 1669 129 1713 ambiguis
138 1673 252 1713 fluctuarent,
263 1684 300 1707 vna
310 1672 430 1707 obstetricum
441 1673 465 1707 de
476 1673 532 1706 domo
543 1672 641 1717 egrediens
652 1672 741 1707 infantem

42 1720 77 1755 iam
89 1729 150 1759 natum
161 1726 267 1770 proclamat.
291 1725 338 1759 Nato
350 1724 411 1769 itaque
422 1735 487 1770 puero,
498 1730 517 1759 et
530 1725 628 1770 baptizato,
640 1725 741 1760 Guthlacus

42 1779 183 1823 vocatur-quod
203 1783 256 1814 sonat
274 1778 327 1814 ‘belli
344 1778 424 1813 donum'
439 1777 479 1813 siue
498 1777 578 1814 ‘bonum
595 1779 677 1814 donum’
691 1779 743 1814 iuxta
752 1790 770 1820 15

43 1827 126 1872 ydioma⁵
137 1831 246 1876 Anglorum.
271 1832 289 1866 A
300 1833 335 1866 deo
345 1832 423 1866 donatus
436 1837 465 1866 est
477 1832 584 1875 parentibus
595 1832 635 1867 suis
647 1838 666 1866 vt
678 1839 742 1866 contra

44 1890 148 1922 opressores
160 1895 224 1919 eorum
236 1885 285 1919 bella
296 1890 369 1929 gereret
382 1895 402 1919 ac
414 1884 438 1919 de
449 1883 521 1919 illorum
530 1883 607 1919 victoria
621 1884 743 1929 triumphales

44 1932 104 1966 titulos
114 1943 226 1978 reportaret;
240 1938 270 1971 vel
281 1938 324 1980 quia
337 1938 388 1971 iuxta
399 1938 471 1971 ‘datum
483 1937 573 1981 optimum
585 1937 691 1981 donumque
702 1947 743 1981 per-

45 1983 108 2017 lectum
122 1986 237 2023 descendens
251 2000 263 2023 a
277 1996 330 2033 patre
344 1989 444 2031 luminum,¹
456 1995 520 2024 contra
533 1989 638 2033 spirituales
651 1989 744 2034 nequitias

46 2034 90 2069 bella
101 2039 157 2080 gessit
168 2046 186 2076 et
198 2042 270 2077 sortiter
282 2052 315 2077 eos
325 2043 374 2077 vicit.
397 2042 441 2077 Erat
454 2041 504 2077 enim
516 2052 563 2086 puer
572 2041 618 2077 facie
630 2052 714 2084 serenus,
725 2047 744 2077 et
753 2053 773 2075 to

47 2087 127 2124 omnibus
135 2098 196 2135 gratus
204 2099 222 2130 et
230 2100 326 2141 acceptus;
338 2100 358 2130 vt
364 2095 421 2131 corda
428 2094 523 2131 hominum
530 2095 570 2131 solo
576 2100 652 2140 aspectu
660 2095 696 2131 sibi
701 2107 744 2131 con·

48 2140 112 2176 ciliaret
126 2142 145 2177 in
159 2148 236 2189 gratiam
252 2155 270 2182 et
285 2148 373 2183 fauorem,
401 2149 448 2183 Cum
463 2149 513 2184 enim
526 2149 635 2183 vicesimum
648 2148 745 2194 quartum⁰

49 2202 112 2230 annum
120 2198 213 2244 attigisset,
221 2206 239 2235 et
247 2201 275 2235 sui
282 2200 357 2245 generis
367 2201 452 2237 inimicos
459 2202 560 2237 inualuisse
568 2203 689 2246 conspiceret,
697 2202 745 2247 cepit

49 2247 73 2304 ad¹
86 2246 172 2305 militares
191 2259 242 2289 actus
261 2259 352 2289 estuare:
372 2255 505 2299 decoratusque
524 2255 610 2300 cingulo⁷
629 2255 708 2296 militari,
727 2261 745 2289 et

50 2299 135 2357 auruncus
146 2302 180 2337 sibi
191 2306 249 2351 copiis
261 2307 374 2348 militaribus,
382 2308 430 2351 cepit
438 2308 458 2343 in
466 2308 543 2343 hostiles
554 2308 633 2353 populos
640 2307 746 2342 immaniter
754 2319 773 2349 σε

51 2354 134 2392 deseurre,
140 2355 195 2391 vrbes
202 2358 317 2404 impugnare,
325 2360 400 2395 castella
409 2361 524 2403 subuertere,
532 2371 553 2395 ac
563 2362 586 2395 de
597 2361 667 2396 bellicis
675 2361 746 2396 actibus

67 2425 72 2442 ¹
81 2423 109 2452 Ed.
117 2423 133 2453 in
141 2426 200 2461 Surius.
221 2434 259 2464 This
268 2435 305 2465 Vita
315 2435 328 2464 is
338 2444 359 2465 an
369 2433 395 2465 old
406 2434 439 2464 free
448 2438 510 2465 extract
519 2436 559 2465 from
568 2435 595 2466 the
601 2434 638 2465 vita
647 2435 668 2473 by
676 2434 721 2465 Felix
730 2426 748 2465 in

52 2467 68 2498 Α·
74 2463 101 2493 55·
109 2463 194 2506 &ll-Am·
200 2472 220 2504 Il.
226 2483 241 2512 p.
247 2476 267 2511 38
275 2475 358 2513 (Mabillon
366 2475 394 2505 111.
400 2475 442 2512 257).
479 2474 485 2491 ²
495 2474 513 2505 T.
519 2479 568 2506 tocco.
604 2474 610 2493 ¹
620 2475 639 2505 T.
645 2475 671 2505 dei
678 2484 748 2515 seruum„

52 2505 183 2540 tuprecederen
223 2513 333 2553 'Rydiama
373 2514 547 2553 “quartumorninl
589 2514 625 2546 lli.
633 2515 700 2553 singulo.
728 2534 732 2539 -

70 2561 132 2587 vomu.
391 2574 402 2597 Β
