1762 2803
168 120 213 175 bt
228 117 328 170 &aaut
345 114 631 168 moturemoture.
708 127 752 170 333

50 251 114 287 pacem
129 249 240 283 componere
255 236 313 282 gauisi
326 242 374 271 sunt.
397 235 441 270 Sola
452 241 514 271 tamen
527 234 595 270 Dacia¹
607 234 666 270 adhuc
678 234 752 279 spirans

50 301 68 329 et
82 292 182 328 anhelans²
195 289 285 334 cede[s]³,
296 289 400 333 Anglorum
415 288 508 323 interitum
524 288 632 323 minabatur.
678 280 701 322 In
717 287 753 322 biis

50 347 135 382 omnibus
143 345 171 379 vir
178 345 243 377 beatus
251 343 270 375 in
278 342 354 387 gloriam
363 352 399 374 non
407 348 436 376 est
444 342 503 375 elatus
511 342 615 382 humanam,
622 341 655 374 sed
664 340 711 373 hanc
719 339 754 373 sibi

50 397 124 434 viuendi
139 397 217 431 sormam
233 404 345 440 proponens,
359 394 398 428 suis
410 403 431 428 se
443 393 549 429 domesticis
561 394 650 438 prebebat
664 392 754 437 equalem,

51 448 174 486 sacerdotibus
193 447 287 488 humilem,
306 445 357 490 plebi
375 450 455 490 gratum,
474 447 616 491 compatientem
638 445 717 485 miseris,
736 450 772 485 et5

50 504 121 547 largum
129 502 198 545 egenis.
222 500 276 534 Nulla
284 499 333 543 apud
341 509 384 532 eum
394 509 516 543 personarum
526 500 613 543 acceptio,
621 500 655 533 sed
663 497 754 533 iudicabat

51 556 70 591 in
83 554 153 589 iusticia
165 562 263 598 pauperes,
275 557 293 586 et
305 552 392 596 arguebat
405 551 423 585 in
436 551 515 596 equitate
528 562 562 597 pro
577 551 678 586 mansuetis
693 556 754 585 terre:

54 609 134 652 Eratque
150 612 203 651 pater
220 605 350 649 orphanorum,
367 609 385 639 et
404 604 471 639 iudex¹
488 604 590 640 viduarum.
621 604 641 639 Si
657 604 754 649 quicquam

51 661 152 705 petebatur,
164 659 264 703 prebebat;
277 658 293 691 si
305 657 432 700 accipiebatur,
444 658 520 692 tacebat.
543 657 608 691 Nullus
618 668 699 701 unquam
711 667 754 690 eum

51 713 96 747 vidit
104 717 135 746 aut
142 711 225 745 inllatum
237 709 329 754 superbia,
337 715 368 744 aut
375 709 402 743 ira
410 709 511 751 efferatum,
519 715 550 743 aut
558 710 601 753 gula
608 709 754 744 dehonestatum.
764 718 783 739 10

52 766 113 810 Supra
121 764 221 799 humanum
232 763 282 797 enim
293 763 368 797 modum
382 762 471 806 pecunie³
483 768 603 807 contemptor,
614 773 649 797 nec
660 764 679 796 in
691 772 754 797 earum

52 818 151 852 amissione
164 815 238 859 tristior,
252 816 316 849 necin
328 815 427 859 adeptione
438 815 535 849 videbatur
546 815 626 849 hilarior.
671 808 755 849 Recum-

52 871 106 905 bente
120 869 218 912 aliquando
233 868 292 912 gratia
306 867 413 911 quiescendi
426 878 471 911 rege
484 866 502 901 in
515 867 587 911 lectulo,
600 869 712 902 camerarius
725 879 755 902 ac-

52 922 108 957 cessit
121 922 144 955 ad
158 921 230 955 thecam
245 920 264 954 in
277 932 313 965 qua
324 931 356 954 aes
367 918 439 963 regium
452 920 566 961 seruabatur,
578 925 596 955 et
609 919 692 963 reposito
706 920 756 954 intus

52 976 101 1019 quod
112 975 190 1016 volebat,
202 980 221 1008 et
232 974 283 1007 illam
296 974 382 1008 claudere
393 972 466 1015 oblitus,
474 972 523 1007 foras
534 983 622 1017 egressus
633 978 667 1007 est.
689 971 783 1012 anim-15

52 1028 130 1063 aduertit
138 1028 172 1062 hoc
180 1028 260 1072 quidam,
269 1032 287 1061 et
295 1027 385 1061 accedens
393 1026 416 1060 ad
424 1026 502 1067 thecam,
510 1024 608 1071 pecuniam
618 1036 656 1061 non
664 1024 756 1060 modicam

52 1081 71 1115 in
83 1081 144 1115 sinum
152 1080 240 1122 recondit,
248 1085 267 1114 et
276 1079 369 1114 absceditl
392 1079 488 1114 Reuersus
495 1079 574 1120 denuo⁷,
582 1089 626 1123 rege
634 1079 756 1123 inspectante,

52 1133 123 1167 lacinus
138 1133 215 1167 iterauit.
242 1132 295 1175 Quod
315 1142 356 1166 cum
375 1131 428 1166 tertio
445 1137 578 1177 attemptasset,
593 1142 673 1166 cernens
688 1142 722 1165 rex
736 1132 755 1166 in

53 1185 118 1229 spiritu
125 1185 254 1218 thezaurorum
262 1185 328 1218 adesse
336 1185 437 1225 custodem,
444 1185 469 1218 ait
477 1197 481 1218 ι
491 1184 608 1229 ‘importune
616 1184 662 1227 agis,
669 1195 680 1217 o
688 1184 755 1218 horno:

53 1239 69 1271 si
84 1237 129 1271 mihi
148 1237 213 1279 credis,
232 1237 276 1271 tolle
295 1237 344 1282 quod
363 1237 425 1277 habes,
441 1242 460 1271 et
477 1236 530 1281 suge3
547 1237 633 1281 quoniam
650 1236 666 1271 si
683 1237 756 1271 venerit
765 1246 784 1266 πο

53 1288 225 1333 Hugolinus’-hoc
244 1288 294 1324 enim
313 1289 418 1324 cubicularii
436 1299 504 1323 nomen
524 1290 630 1324 erat—‘nec
646 1299 704 1324 vnum
722 1289 755 1323 tibi

53 1352 147 1376 nummum
164 1341 265 1387 relinquet!
288 1341 341 1386 Fugit
355 1342 392 1384 ille,
407 1346 425 1375 et
439 1342 471 1376 vix
483 1342 551 1386 pedem
565 1341 668 1376 extulerat:
680 1346 699 1375 et
712 1352 756 1376 ecce

53 1395 136 1428 minister
148 1395 198 1439 regis
209 1395 289 1437 rediens,
302 1400 320 1429 et
334 1395 441 1429 thezaurum
453 1395 534 1429 ablatum
546 1396 647 1438 reperiens,
659 1395 725 1429 timore
737 1400 756 1429 et

53 1452 133 1481 tremore
148 1447 262 1481 concutitur:
278 1447 381 1491 angustiam
397 1447 458 1482 cordis
473 1452 491 1481 et
507 1448 588 1482 furorem
603 1448 671 1482 mentis
686 1447 757 1482 clamor

53 1505 71 1533 et
83 1498 162 1542 suspiria
173 1499 298 1542 prodiderunt.
321 1499 405 1533 Surrexit
419 1509 458 1541 rex,
471 1505 489 1533 et
501 1500 553 1544 quasi
568 1500 654 1534 nesciens
669 1500 713 1543 quid
726 1511 756 1534 ac·
766 1511 784 1541 ²5

54 1551 122 1592 ciderit,
130 1550 274 1594 perturbationis
281 1550 335 1585 huius
346 1562 420 1586 causam
430 1550 510 1596 inquirit.
533 1551 593 1594 Quam
604 1562 646 1586 cum
657 1551 757 1593 didicisset,

54 1603 88 1637 ait:
100 1605 105 1622 ⁴
109 1603 164 1645 Tace,
177 1603 224 1638 sorte
239 1603 270 1638 ille
285 1605 316 1647 qui
329 1604 383 1647 cepit,
396 1604 438 1648 plus
451 1604 505 1638 nobis
518 1604 601 1648 indiguit.
629 1604 702 1639 Habeat
717 1605 757 1647 sibi,

54 1654 107 1689 nobis
120 1654 188 1689 sufficit
201 1656 250 1700 quod
264 1655 364 1690 remansit!
409 1649 502 1690 Proceres
513 1656 576 1698 enim³
587 1662 636 1691 terre
648 1658 671 1691 de
684 1667 758 1692 succes·

54 1708 106 1742 sione
119 1708 196 1750 solliciti,
210 1719 273 1753 regem
288 1710 312 1743 de
327 1720 385 1744 inore
397 1710 481 1744 ducenda
496 1708 613 1744 conueniunt.
636 1709 703 1755 Stupet
717 1720 757 1752 rex,

54 1760 140 1794 thezauro
153 1766 239 1796 metuens
250 1772 289 1802 suo,
301 1761 362 1805 quiin
375 1761 426 1796 fictili
438 1773 483 1797 vase
495 1761 606 1804 reconditus,
619 1762 673 1798 tacite
686 1768 757 1807 poterat
766 1774 785 1804 3⁰

54 1812 114 1846 calore
126 1813 202 1848 dissolui
208 1813 219 1848 ⁹.
242 1813 263 1848 Si
275 1815 377 1849 obstinatus
390 1814 491 1856 resisteret,
503 1815 579 1849 timebat
590 1826 614 1850 ne
625 1814 714 1860 propositi
728 1816 757 1850 sui

55 1867 163 1908 proderetur
181 1867 234 1901 dulce
251 1873 355 1901 secretum:
375 1869 395 1902 Si
414 1868 534 1902 suadentibus
550 1869 636 1912 preberet
653 1879 756 1911 assensum,

55 1918 169 1962 naufragium
177 1919 263 1963 pudicitie
273 1920 381 1955 formidabat
386 1920 403 1954 ¹⁰.
425 1920 509 1955 Tandem
517 1920 622 1965 importune
629 1920 757 1956 insistentibus

55 1971 121 2004 cedere
129 1972 186 2005 tutius
193 1978 249 2014 ratus,
255 1972 360 2006 huiusmodi
365 1973 427 2007 verbis
432 1983 485 2007 suam
493 1972 600 2016 pudicitiam
605 1972 617 1992 ¹¹
623 1972 698 2007 domino
706 1984 756 2007 com·

55 2024 163 2059 mendabat:
181 2024 249 2060 ‘ihesu
264 2025 317 2068 bone,
332 2030 363 2060 tua
378 2026 471 2070 quondam
488 2025 614 2061 misericordia
631 2030 669 2061 tres
688 2036 756 2070 pueros
765 2038 783 2068 35

55 2074 103 2109 inter
121 2076 206 2111 flammas
225 2078 316 2113 caldaicas
330 2078 393 2113 illesos
408 2079 500 2121 seruauit;
518 2089 553 2123 per
567 2083 586 2113 te
603 2078 677 2122 Ioseph,
692 2079 757 2114 relicto

54 2128 110 2170 pallio
128 2129 147 2163 in
167 2132 252 2164 manibus
270 2131 377 2174 meretricis,
397 2142 438 2165 eum
457 2132 509 2165 titulo
527 2131 614 2165 eastitatis
637 2132 707 2172 euasit;
724 2134 756 2166 ad-

55 2180 143 2217 mirabilis
158 2182 245 2218 Susanne
257 2184 359 2219 constantia
374 2189 405 2218 tua
419 2184 486 2219 virtute
499 2185 522 2218 de
536 2183 633 2228 impudicis
648 2184 756 2228 presbiteris

56 2233 185 2276 triumphauit;
199 2242 262 2270 sancte
278 2237 338 2270 Iudith
354 2238 427 2271 castitas
440 2239 463 2271 ab
479 2237 580 2271 Holoferne
596 2248 630 2271 nec
645 2236 681 2271 ledi
698 2238 757 2280 potuit

56 2293 90 2319 nec
104 2287 195 2331 temptari.
218 2288 266 2323 Ecce
279 2299 314 2333 ego
327 2298 393 2324 seruus
404 2293 422 2323 et
434 2289 482 2324 filius
495 2289 561 2324 ancille
574 2293 610 2331 tue,
624 2290 757 2335 qualiscunque
765 2302 785 2333 40

56 2336 131 2371 dilector
143 2345 186 2373 tuus
197 2345 215 2374 et
226 2341 279 2375 vnice
293 2342 356 2375 matris
369 2347 411 2376 tue:
423 2352 510 2376 succurre
522 2342 567 2375 mihi
580 2342 660 2383 domine,
671 2342 758 2387 quatinus

56 2388 82 2423 sic
100 2392 184 2425 maritale
199 2393 298 2436 suscipiam
313 2399 448 2428 sacramentum
463 2399 483 2427 vt
497 2393 584 2437 pudicitie
602 2394 704 2438 periculum
720 2407 757 2431 non

76 2472 170 2507 ¹=Dauia
213 2476 247 2508 ¹T.
257 2477 274 2507 E.
282 2477 362 2508 hanelans.
404 2477 512 2509 ³T.E.cede.
555 2477 660 2511 ‘nuindeutl
700 2480 758 2514 ΒΒοῙΙ.

56 2513 161 2547 pecuniarum.
195 2515 326 2547 ⁶T.E.abcedit.
367 2516 471 2548 ⁷E.devno.
507 2518 543 2548 ¹a1.
551 2522 608 2548 autem.
638 2519 759 2553 ⁹S.Tw.add:

56 2550 88 2580 Sed
95 2553 132 2589 quid
139 2556 203 2592 ageretl
245 2556 255 2574 ¹⁰
265 2555 283 2586 Ε.
291 2556 389 2587 formidaret.
401 2578 403 2581 -
420 2557 440 2581 ³¹¹
451 2557 468 2588 S.
475 2557 566 2595 pudicitiam
572 2567 622 2590 suam.
