1762 2803
183 113 229 168 Dc
244 111 345 165 &aaut
361 111 462 169 choma
478 111 663 175 attbtcutocouo.
729 128 770 171 391

72 235 158 280 episcopo
166 232 184 267 in
193 231 308 267 coronatione
320 231 351 267 iiiii
363 231 392 267 sui
401 232 488 275 fecerant,
496 233 598 268 secundum
609 243 706 268 censuram
716 233 774 268 ecele-

71 287 164 324 siasticam
172 285 212 321 sine
220 285 278 330 ipsius
286 284 356 320 offensa
363 286 428 330 punire
436 284 471 320 sibi
479 285 547 321 liceret.
563 286 586 321 Et
596 288 660 321 annuit
667 298 706 321 rex.
720 286 775 322 Vnde

72 340 226 385 archiepiscopus,
233 338 301 383 gratias
311 350 375 383 agens,
384 338 481 374 confestim
491 340 510 373 in
520 340 578 374 oculis
588 340 670 374 omnium
679 341 774 375 deseendit

73 400 91 429 et
102 393 195 428 humiliter
203 394 225 426 ad
234 394 292 435 pedes
301 393 350 436 regis
358 403 379 426 se
390 392 489 427 inclinauit.
512 392 559 427 Cum
571 403 615 437 ergo
626 393 775 437 archiepiscopus

72 456 139 491 equum
151 445 286 486 reascenderet,
298 455 332 479 rex
346 445 453 480 ascendenti
464 445 589 479 ascensorium
602 445 671 490 aptauit
683 451 701 480 et
712 445 792 488 tenuit5

74 500 96 534 Et
108 498 187 533 addidit:
200 498 269 540 ‘Optas
281 497 345 541 (enim)
351 497 363 538 ¹,
371 504 390 532 vt
402 498 453 540 dicis,
462 498 481 532 in
494 498 561 533 Gallias
572 499 643 533 redire:
655 499 688 533 sed
698 498 776 532 arbitror

73 552 161 596 expedire
169 550 200 585 tibi
209 560 281 585 mecum
289 549 358 594 aliquot
366 551 407 585 dies
417 550 531 592 commorari,
538 556 558 586 vt
569 551 629 595 palam
637 551 720 586 videatur
727 552 775 596 quod

72 605 154 639 nondum
170 603 269 638 estimatur.
297 603 362 638 Sciunt
376 615 442 639 omnes
458 603 562 639 inimicitias
578 610 661 640 nostras:
680 615 717 649 pau<
732 605 777 639 inita

73 657 135 702 paucis
150 656 257 691 innotescit!
278 657 380 700 ‘ingratus
393 657 451 701 inquit
466 657 621 701 archiepiscopus,
634 668 671 691 non
685 657 776 692 immerito

73 710 176 754 reputabor,
189 708 204 743 si
217 708 364 743 benefactoribus
377 709 424 757 meis
436 710 465 744 vel
478 710 518 744 vale
531 720 568 744 non
581 709 646 744 secero.
672 710 704 743 Ibo
716 715 735 743 et
747 720 776 743 re·
786 725 804 745 ro

72 764 144 797 uertar.'
168 761 191 796 Et
201 761 321 796 amicabiliter
328 764 351 796 ab
359 762 438 796 inuicem
446 768 569 798 recesserunt.
615 756 641 798 Et
648 763 734 808 quoniam
743 773 776 797 rex

73 815 168 860 pepigerat
180 816 258 860 quedam
270 815 344 859 predia²
356 815 488 851 cantuariensis
504 816 581 851 ecclesie
592 816 679 861 episcopo
692 817 776 859 reddere,

73 868 122 903 misit
129 870 218 913 quosdam
228 869 251 902 ad
262 879 331 913 regem,
339 869 369 914 qui
381 880 438 914 super
449 870 541 915 promissa
553 869 667 905 restitutione
679 881 721 904 eum
733 881 776 905 cou-

73 922 162 957 uenirent.
186 922 239 964 Quod
251 933 293 957 cum
304 922 415 967 aliquamdiu
426 923 533 965 distulisset,
545 923 620 958 taudem
634 924 657 957 ad
668 923 776 967 magistrum

74 976 174 1008 Iohannem
183 975 346 1017 saresboriensem,
354 980 417 1018 postea
426 981 554 1009 carnotensem
562 977 675 1019 episcopum,
681 975 738 1009 dixit:
750 975 776 1009 ‘O
787 986 803 1015 ¹5

74 1027 171 1069 lohannes,
179 1028 243 1072 inquit,
252 1027 355 1062 nullatenus
363 1027 415 1063 vobis
423 1038 458 1072 que
466 1027 529 1072 petitis
536 1028 606 1071 faciam,
612 1028 647 1064 nisi
653 1027 717 1064 videro
725 1027 777 1072 prius

72 1091 106 1115 vos
116 1080 169 1115 aliter
178 1090 243 1125 gerere
253 1091 296 1125 erga
307 1091 337 1115 me
347 1092 402 1125 quam
414 1081 508 1127 hucusque
520 1080 614 1127 gessistis!
637 1081 660 1116 Et
671 1081 698 1116 sic
709 1080 776 1117 iniecto

73 1134 146 1178 negotio
161 1134 259 1168 redierunt.
308 1126 395 1168 Audiens
410 1140 471 1169 autem
487 1146 520 1169 rex
535 1134 669 1180 archiepiscopi
684 1140 726 1179 post
741 1136 776 1170 hec

73 1188 178 1230 aduentum,
186 1188 276 1231 quosdam
288 1188 311 1222 de
321 1187 383 1222 aulicis
395 1187 414 1222 iu
422 1199 518 1223 occursum
527 1190 567 1223 eius
579 1188 668 1233 premisit,
676 1194 694 1223 et
701 1188 776 1222 demum

73 1240 152 1283 ipsemet
162 1239 253 1273 ciuitatem
261 1240 341 1274 Turonis
352 1240 396 1273 exiit
403 1246 422 1274 et
429 1240 518 1274 occurrit:
530 1251 564 1274 nee
572 1246 634 1274 tamen
642 1246 696 1274 nocte
704 1239 735 1273 illa
742 1250 776 1274 rex
785 1254 805 1274 ιο

73 1291 230 1337 archiepiscopum
242 1291 261 1326 in
273 1291 352 1336 hospitio
363 1303 397 1327 suo
407 1292 495 1337 respexit,
503 1304 536 1328 nec
548 1304 624 1327 suorum
634 1293 704 1337 aliquis.
727 1292 776 1336 Quin

73 1345 134 1388 potius
144 1356 178 1379 rex
188 1356 261 1379 summo
269 1356 323 1379 mane
331 1345 407 1380 missam
415 1346 503 1380 celebrari
514 1346 555 1381 iecit
566 1356 600 1391 pro
611 1346 706 1389 defunctis,
716 1346 777 1391 suspi-

73 1410 123 1440 cans,
130 1405 150 1433 vt
161 1399 261 1441 dicebatur,
270 1399 320 1442 [ne]³
331 1400 347 1432 si
355 1399 401 1432 sorte
409 1399 440 1433 alii
447 1399 504 1434 misse
516 1399 614 1434 interesset
621 1399 777 1443 archiepiscopus,

74 1451 156 1485 osculum
165 1451 215 1496 pacis
223 1451 257 1486 sibi
264 1451 270 1470 ⁴
277 1451 357 1493 offerret,
365 1453 414 1496 quod
422 1452 447 1486 ibi
457 1463 526 1497 negare
534 1463 570 1487 non
579 1458 628 1487 esset
636 1452 736 1495 christiani,
743 1453 777 1487 sed

74 1504 128 1547 plane
141 1504 209 1539 inimici
222 1504 295 1539 Christi.
319 1505 377 1539 Petita
391 1510 432 1548 post
447 1505 523 1539 missam
535 1506 659 1549 predictorum
672 1506 776 1549 prediorum
786 1520 804 1550 ²5

73 1557 193 1597 restitutione,
208 1557 274 1590 iterum
290 1557 379 1590 restitutio
395 1557 498 1591 certissime
515 1557 628 1601 repromissa
643 1562 677 1591 est.
699 1557 778 1591 Volebat

73 1613 135 1643 tamen
147 1619 180 1643 rex
192 1615 211 1643 vt
224 1611 275 1654 prius
289 1609 312 1644 ad
324 1609 421 1644 ecclesiam
433 1620 486 1645 suam
498 1614 626 1653 reuerteretur,
642 1609 714 1655 qualem
726 1609 777 1645 sein

71 1673 131 1706 >regno
142 1663 243 1703 exhiberet,
252 1663 299 1698 scire
310 1663 423 1697 desiderans.
468 1656 519 1698 Cum
530 1664 605 1698 tandem
614 1663 643 1698 vir
653 1663 682 1698 dei
693 1664 715 1698 ad
726 1674 778 1698 mare

74 1716 207 1760 descendisset,
214 1716 292 1751 occurrit
304 1716 321 1751 ei
332 1718 414 1752 decanus
422 1717 504 1760 Bolouie,
512 1728 599 1752 asserens
609 1728 632 1752 ex
643 1722 696 1762 parte
707 1716 778 1752 comitis

75 1769 151 1804 Bolonie
159 1771 200 1813 quia
208 1770 266 1813 parati
272 1776 324 1804 erant
332 1770 350 1803 in
356 1771 424 1813 Anglia
430 1771 461 1813 qui
467 1771 568 1813 querebant
576 1770 656 1804 animam
663 1769 709 1812 eius,
713 1775 778 1813 portus
786 1779 806 1806 30

75 1822 186 1864 obsidentes,
191 1827 210 1855 vt
218 1826 315 1856 exeuntem
324 1832 335 1855 a
343 1822 385 1855 naui
393 1821 464 1866 rapiant
472 1827 490 1855 et
498 1822 588 1856 trucident
596 1822 625 1856 vel
633 1822 777 1865 vincularentill.

75 1875 108 1909 Cui
116 1874 265 1919 archiepiscopus
273 1874 309 1909 ait:
322 1875 396 1916 ‘Crede‚
403 1875 434 1916 fili,
443 1874 488 1908 necfl
496 1874 512 1909 si
520 1874 636 1909 membratim
644 1874 778 1919 discerpendus

75 1928 115 1969 sim,
124 1930 147 1963 ab
157 1929 230 1972 incepto
240 1928 305 1962 itinere
315 1927 408 1962 desistam.
430 1927 514 1962 Sufficiat
526 1927 637 1962 dominicum
648 1938 723 1972 gregem
735 1939 777 1973 pas·

75 1982 120 2016 toris
132 1981 160 2017 sui
172 1981 273 2016 absentiam
287 1981 357 2015 luxisse
370 1982 490 2025 septennem’
534 1974 587 2016 Dum
601 1980 635 2016 hec
647 1981 722 2023 diceret,
734 1991 777 2016 ecce

75 2036 127 2070 nauis
139 2037 162 2070 ab
173 2036 242 2079 Anglia
252 2035 276 2069 ad
287 2040 360 2078 portum
370 2034 433 2073 venit;
446 2034 498 2067 cuius
510 2038 565 2067 nauta
577 2034 631 2068 sociis
645 2033 777 2078 archiepiscopi
786 2043 805 2074 35

75 2088 132 2124 dixit:
145 2088 224 2131 ‘Miseri,
232 2088 275 2132 quid
283 2087 369 2132 queritis?
380 2088 424 2131 quid
435 2086 500 2131 agitis?
511 2097 547 2130 quo
555 2087 671 2131 properatis?
693 2088 748 2122 Certe
759 2087 778 2121 in

76 2147 153 2177 mortem
164 2147 250 2178 vestram.
273 2141 404 2176 Conuenerunt
415 2140 434 2176 in
445 2145 498 2186 portu
511 2140 578 2176 milites
590 2140 647 2183 multi,
658 2146 677 2178 vt
689 2141 707 2177 in
719 2140 778 2178 archi·

76 2197 183 2240 episcopum
195 2201 213 2230 et
224 2206 273 2236 suos,
284 2195 346 2230 statim
357 2206 399 2229 eum
410 2194 537 2239 applicuerint,
547 2205 613 2230 manus
625 2194 714 2230 inliciant.¹
737 2195 779 2237 Quo

76 2249 142 2291 audito,
150 2250 175 2284 ait
184 2249 345 2293 archiepiscopus:
358 2249 446 2282 ‘Terram
454 2247 522 2292 Anglie
529 2248 589 2290 video,
597 2253 615 2282 et
623 2247 696 2283 fauente
704 2248 779 2283 domino

76 2306 144 2335 terram
157 2303 240 2344 intrabo,
257 2303 318 2335 sciens
331 2308 393 2335 tamen
408 2301 510 2335 certissime
523 2302 572 2344 quod
587 2301 612 2334 ibi
627 2301 671 2334 mihi
685 2301 779 2335 immineat
787 2312 807 2340 qo

76 2354 148 2396 passio)
194 2347 239 2388 Hoc
247 2354 300 2396 dicto,
308 2365 375 2387 nauem
382 2354 461 2396 intrauit,
468 2359 487 2387 et
495 2364 584 2398 prospere
595 2354 643 2397 apud
652 2353 780 2388 Saudwicum⁸

77 2407 168 2453 applicuit.
192 2407 215 2442 Et
226 2407 287 2442 statim
297 2407 369 2449 milites,
377 2407 396 2441 in
407 2407 441 2442 alio
451 2413 505 2452 portu
516 2408 556 2443 eius
568 2407 667 2442 aduentum
678 2406 779 2450 audientes,

97 2524 192 2555 ¹om.inT.
235 2524 411 2563 'Rprediaquedam
451 2524 499 2554 ’om
540 2523 669 2561 ⁴E.sibipaeis.
711 2523 779 2554 *une

76 2562 82 2578 ⁸
92 2564 109 2593 T.
118 2565 203 2594 sandicum.
