1762 2803
83 125 86 131 ‚
134 114 178 155 606
196 87 198 89 ¹
397 108 520 171 appannis
537 112 568 157 ΙΙ.

134 231 259 276 creber[r]ima¹
266 233 330 267 fiebant
336 233 423 267 miracula.
444 232 496 267 Cuius
502 233 594 267 translacio
600 244 639 267 cum
645 234 718 268 obscura
726 241 776 269 nocte
784 237 835 282 fieret,

134 284 226 327 columpna
240 284 282 318 lucis
297 294 348 327 super
362 285 442 317 feretrum
455 283 492 318 eius
505 286 528 318 ad
542 285 652 328 depellendas
664 286 744 319 tenebras
757 293 834 329 protendi

134 333 193 367 celitus
203 334 240 367 visa
251 340 283 367 estc
307 336 372 376 Corpus
383 345 423 367 vero
435 335 481 367 beati
494 335 563 367 lurmini
575 336 652 368 similiter
663 337 709 377 apud
721 337 835 381 Blideburgbe

134 392 173 416 cunr
180 388 228 425 patre
236 393 267 416 suo
275 384 326 416 Anna
334 383 388 426 primo
397 383 453 426 iacuit,
462 384 479 417 in
488 385 535 417 cuius
544 386 624 427 plumbea
635 387 690 427 theca,
699 386 759 430 inqua
770 388 835 424 delatus

117 445 124 474 5
134 438 165 472 est,
170 434 204 466 tale
209 433 422 478 epitaphiuminscriptum
430 435 557 470 continebatur:
569 436 617 478 ‘Ego
624 436 709 471 lnnninus
718 439 835 480 com[m]ando

135 484 152 516 in
165 484 234 517 nomine
247 490 306 517 sancte
319 484 400 518 trinitatis
413 491 432 519 vt
446 486 492 519 nulla
507 497 581 528 persona
594 486 656 519 audeat
671 488 766 529 depredare
781 490 835 525 locum

134 534 220 575 sepulture
232 544 270 567 mee
282 545 335 578 usque
347 535 364 568 in
378 535 424 568 diem
438 536 573 569 resurreccionis.
602 536 632 569 Sin
646 543 708 576 autem,
722 544 806 572 remotum
818 553 835 575 se

134 583 195 616 sciata
203 589 248 616 sorte
257 585 364 617 sanctorum?
386 586 418 618 Ex
424 585 497 627 quadum
505 586 549 618 libro
556 587 577 617 de
584 586 676 629 Bliburglt.
704 589 720 619 H
723 587 751 620 inc
759 589 836 623 scribitur

135 633 152 666 in
160 633 230 667 hIstoria
239 644 280 667 sua:
292 639 321 672 Ra
330 635 430 668 ‘Extraneis
441 636 467 668 bis
475 636 554 667 venditur
561 641 578 668 et
589 636 615 668 his
626 642 733 678 asportatur:
745 644 762 670 et
771 639 798 671 bis
807 651 836 682 per

109 694 126 716 ro
135 696 154 718 se
159 683 210 717 rediit
215 696 249 727 quo
255 683 301 727 prius
307 686 380 726 locatum
390 692 416 719 set
421 686 474 719 tercio
479 696 509 728 pro
516 686 573 727 precio
580 686 658 728 ponderis
665 688 738 728 daretur,
744 691 836 724 secundum

135 740 205 778 pactum
216 736 292 777 tercium,
300 737 347 779 quod
358 748 392 770 non
404 742 507 770 mutaretur:
519 737 565 770 Ecce
577 747 639 779 corpus
650 747 689 771 curn
701 738 751 781 copia
761 739 835 775 thesauri

135 790 231 826 stateratur,
239 792 257 818 et
266 786 356 819 thesaurus
365 787 418 827 magis
428 787 461 819 ruit
472 786 511 819 licet
523 788 560 828 plus
571 786 662 819 minuatur.
689 788 706 819 V.
718 788 747 820 Sic
755 791 836 831 paulatim

135 835 216 867 minuitur·
223 835 251 867 dei
259 835 373 877 prouidencia,
382 846 435 877 usque
444 846 505 877 corpus
513 841 530 868 et
538 836 641 878 quadrantes
649 843 684 870 tres
692 837 755 871 librant
765 840 835 881 equalia.

136 887 185 919 Tunc
200 886 271 918 eductus
286 887 308 919 de
323 887 383 928 patria,
397 897 435 919 cum
454 897 517 929 magna
532 887 586 930 piebis
603 887 657 929 gloria
674 889 733 922 Sancti
749 889 835 924 Edmundi

109 946 126 976 15
135 936 209 970 martiris
217 937 317 969 transfertur
326 935 356 979 [in]
366 937 448 970 ecclesia?

195 1025 311 1058 Iucrnancrn
323 1033 348 1058 nu
360 1032 457 1059 cauuaoro
470 1034 589 1059 nrounsranu
601 1035 669 1059 snucsr
681 1028 784 1060 Eorruuor.

137 1092 207 1170 CUm
216 1092 261 1124 enim
270 1092 337 1125 Suanus
346 1103 374 1125 rer
385 1094 475 1126 Danorum
482 1093 562 1135 Angliam
568 1092 600 1126 sibi
609 1093 716 1137 subiugando
724 1094 806 1129 tributum
813 1095 837 1130 in·

193 1143 277 1185 portabile
288 1143 320 1177 sibi
329 1144 371 1177 solui
383 1145 492 1187 precepisset,
507 1144 624 1179 accedebantl
632 1145 740 1188 episcopatus
749 1147 837 1189 Estanglie

135 1193 235 1235 parochiani
253 1201 289 1227 tam
308 1195 330 1227 de
348 1194 468 1227 Northfolchia
482 1205 533 1237 quam
549 1194 571 1227 de
588 1196 696 1228 surntorchia
717 1197 740 1228 ad
760 1204 837 1230 sanctum

136 1242 253 1284 Edrnundum,
266 1244 326 1277 deuote
341 1244 456 1287 supplicantes
472 1244 552 1287 quatinus
567 1256 596 1278 eos
612 1251 690 1288 potenter
703 1252 761 1279 atam
774 1247 837 1280 crudeli

109 1305 128 1327 zo
137 1293 244 1335 depressione
256 1294 341 1328 liberaret.
364 1294 456 1327 Exaudiuit
469 1307 509 1336 ergo
523 1307 570 1328 more
585 1296 635 1328 solito
651 1302 721 1329 sanctus
735 1297 837 1329 Edmundus

136 1350 214 1378 orantem
231 1345 319 1388 populum,
331 1345 417 1378 exaudiuit
436 1351 452 1377 et
468 1346 510 1378 deus
526 1352 603 1378 orantem
617 1346 735 1387 Edmundum,
750 1352 800 1380 nocte
815 1346 837 1379 si·

136 1394 206 1438 quidem
220 1395 253 1428 diei
267 1395 392 1439 purificacionis
407 1397 457 1429 beate
472 1396 527 1429 Marie
539 1396 571 1437 ipsi
585 1397 643 1429 Suano
656 1396 703 1438 apud
713 1398 837 1438 Geynesburgh

136 1446 215 1489 apparuit
226 1453 295 1480 sanctus
306 1447 409 1479 Edmundus
421 1452 438 1479 et
450 1457 489 1479 eum
500 1447 560 1479 lancea
570 1447 711 1479 transuerberans
719 1453 838 1489 mortuumque

136 1496 233 1538 relinquens
252 1496 341 1538 disparuit,
357 1503 373 1529 et
388 1495 461 1537 patriam
476 1497 498 1529 ab
514 1496 611 1538 inportabili
627 1496 689 1528 tiranni
704 1496 768 1529 tributo
782 1496 838 1529 taliter

110 1557 127 1586 ²5
137 1546 214 1579 absoluit.
237 1547 277 1586 Quo
286 1546 356 1588 quidem
368 1546 455 1587 diuulgato
468 1545 556 1585 miraculo,
568 1545 662 1578 incredibili
673 1546 746 1588 populus
757 1546 837 1579 exultauit

137 1595 225 1638 tripudio;
242 1598 301 1628 volens
316 1601 333 1628 et
349 1600 408 1628 sancto
425 1595 518 1627 Edmundo
533 1594 627 1635 rependere
643 1595 739 1636 graciarum
754 1595 837 1636 acciones,

137 1644 212 1680 unanimi
224 1645 301 1679 omnium
311 1656 383 1679 assensu
395 1646 417 1679 de
428 1645 503 1687 qualibet
514 1651 595 1678 carucata
606 1651 650 1678 terre
662 1645 679 1678 in
692 1651 727 1679 toto
739 1646 838 1690 episcopatu

137 1697 225 1739 Estanglie
240 1704 314 1739 quatuor
328 1697 408 1730 denarios
423 1707 489 1729 annuos
505 1695 629 1738 imperpetuum
644 1703 704 1729 sancto
719 1697 747 1729 dei
763 1698 838 1729 conferre

137 1750 254 1780 decreuerunt.
278 1748 328 1788 Quod
334 1758 388 1788 usque
396 1747 448 1778 modo
458 1747 518 1778 eadem
526 1747 548 1777 de
556 1756 608 1777 causa
616 1745 732 1787 ‘carnagium'
740 1748 838 1788 appellatur.

110 1810 128 1839 30
138 1796 204 1839 Quibus
222 1796 247 1829 sic
266 1796 367 1829 auctoritate
385 1794 478 1836 episcopali
497 1795 605 1833 confirmatis,
620 1794 739 1838 uniuersisque
754 1802 794 1828 vota
809 1806 838 1826 sua

136 1845 224 1880 annuatim
232 1846 312 1880 alacriter
319 1846 449 1886 conferentibus,
457 1845 533 1879 accreuit
544 1845 616 1887 pecunie
628 1855 700 1886 summa,
708 1847 730 1879 de
742 1856 781 1889 qua,
790 1852 806 1879 et
818 1846 838 1878 de

136 1896 174 1930 aliis
182 1897 300 1930 oblacionibus
308 1897 377 1930 aliunde
385 1896 529 1939 prouenientibus,
538 1896 606 1938 incepta
614 1902 639 1929 est
648 1895 730 1929 ecclesia³
736 1907 785 1938 noua,
794 1906 838 1929 anno

136 1958 205 1991 quoque
213 1948 314 1980 duodecimo
322 1949 344 1980 ab
352 1947 451 1988 incepcione
457 1947 537 1989 perlecta,
545 1946 563 1978 in
571 1947 636 1979 honore
645 1946 713 1987 Christi,
718 1953 777 1980 sancte
785 1946 839 1980 Marie

137 2005 153 2031 et
165 1998 218 2031 sancti
231 1998 319 2031 Edmundi
331 1999 353 2030 ab
364 1998 462 2038 Agelnotho
474 1996 589 2028 cantuariensi
602 1997 731 2038 archiepiscopo
745 1997 838 2029 dedicatur,

109 2062 128 2091 35
138 2049 204 2088 Postea,
220 2054 296 2090 tempore
311 2047 356 2089 regis
372 2046 453 2079 Willehni
468 2046 544 2088 secundi,
561 2047 656 2080 Herbertus
670 2047 735 2089 primus
750 2046 839 2090 episcopus

137 2098 251 2139 norwicensis,
259 2098 288 2141 qui
296 2099 355 2132 sedem
367 2097 481 2140 episcopalem
486 2098 508 2130 de
514 2097 606 2130 Tneforuia
612 2098 698 2131 transtulit
705 2098 727 2130 ad
735 2097 839 2135 Noruicum,

137 2156 154 2183 et
172 2149 262 2182 ecclesiam
277 2148 386 2192 magnificam
401 2148 465 2181 ibidem
480 2147 584 2181 construxit:
604 2147 664 2181 videns
679 2148 769 2182 ecclesiam
785 2145 838 2180 sancti

138 2200 225 2232 Edmundi
241 2206 383 2239 consummatam,
398 2198 470 2231 accessit
485 2199 507 2231 ad
523 2204 626 2231 conuentum
644 2199 698 2232 sancti
718 2198 805 2231 Edmundi
823 2203 839 2229 et

138 2249 234 2291 impetrauit
240 2250 262 2280 ab
268 2249 297 2288 eis,
303 2254 361 2289 utpote
368 2250 390 2280 ab
395 2248 493 2280 hominibus
499 2248 555 2280 minus
561 2248 621 2288 cautis,
627 2249 707 2290 quatinus
713 2248 811 2289 carnagium
817 2246 839 2277 ad

109 2309 130 2342 4⁰
138 2298 228 2332 ecclesiam
234 2308 283 2330 suam
291 2299 412 2340 perficiendam
418 2297 433 2330 ei
439 2296 610 2340 acc0m[m]oclarent,
617 2304 655 2339 post
663 2298 710 2331 cuius
717 2297 839 2341 perfeccionem

138 2347 237 2391 carnagium
249 2348 344 2391 predictum
358 2348 404 2380 bona
419 2348 452 2382 fide
465 2348 541 2390 promisit
554 2348 586 2380 illis
599 2358 636 2382 esse
650 2348 778 2382 restituendum.
801 2346 839 2386 Quo

137 2399 207 2443 quidem
216 2399 231 2432 ei
239 2400 261 2432 ab
270 2398 349 2439 incautis,
356 2404 427 2439 excepto
435 2398 514 2439 carnagio
523 2397 567 2431 infra
573 2397 670 2431 libertatem
680 2398 735 2431 sancti
746 2394 839 2434 Edmundi,

137 2457 154 2483 et
165 2451 247 2490 carnagio
257 2448 342 2482 hundredi
354 2449 375 2481 de
383 2449 440 2481 Stowe
452 2449 469 2480 in
478 2448 589 2488 Suthfolchia,
598 2455 614 2481 et
625 2449 705 2490 carnagio
717 2450 811 2481 decanatus
819 2446 840 2476 de

138 2498 224 2532 Belihowe
232 2499 249 2531 in
258 2497 382 2537 Nortbfolchia‚
391 2506 483 2530 concesso:
495 2497 517 2529 de
524 2496 562 2539 ipso
570 2497 651 2539 carnagio
659 2508 707 2530 suam
716 2493 840 2531 consummauit

177 2566 181 2584 ¹
193 2566 227 2598 MS.
234 2566 320 2598 creberime.
423 2565 430 2583 ²
440 2566 474 2596 MS.
482 2565 574 2597 accedentes.
676 2567 682 2584 ³
692 2567 725 2597 MS.
734 2564 800 2596 ecclesie.
