1762 2803
126 199 171 254 bt
186 196 285 251 &auctu
302 195 435 247 commun
450 202 507 257 teuc
523 198 547 246 ct
562 198 680 257 matuta
713 208 756 253 325

56 318 132 362 (secum)
146 318 215 361 detulit,
229 323 248 353 et
266 315 379 352 monasterio
394 316 418 351 de
433 315 498 364 Hailes
513 315 609 359 contudit),
624 326 673 350 anno
688 314 757 350 domini

55 371 152 407 millesimo
167 371 293 406 ducentesimo
308 368 466 413 sepftuagelsimo.
489 367 517 403 lbl
534 368 583 403 enim
599 368 686 403 miracula
701 368 758 402 multa

55 425 136 467 uir(tute)
143 423 237 468 sanguinis
243 423 291 457 illius
297 421 376 466 preciosi
382 421 468 456 dominus
474 421 560 463 ostendit,
566 422 586 455 in
592 421 673 466 (quibus)
679 421 757 465 quadra-

55 478 105 523 ginta
115 475 211 520 utriusque
222 487 280 510 sexus
292 486 303 508 a
312 473 377 518 uari(is
387 474 465 518 morb)is
475 474 547 509 liberati
560 475 615 509 deum
625 473 758 519 glorificabant.

56 532 96 565 Hec
105 531 131 572 (in
138 529 216 572 pre)fato
223 527 335 562 monasterio
342 528 413 571 legens,
421 528 479 562 literis
487 528 633 571 commendare)
641 527 709 571 placuit
714 526 733 569 ¹.]
767 539 776 569 5

175 639 190 675 ll
203 631 236 673 DE
248 647 318 673 SANCTO
331 630 429 673 EDMUNDO
440 648 488 673 REGE
500 648 523 672 ET
534 637 635 674 hismael.

58 702 126 780 REx
134 701 207 746 quidam
216 701 234 736 in
242 700 322 736 Saxonie
334 711 391 745 regno
399 701 517 736 Alkmundus
528 701 608 744 nomine,
619 712 643 736 ex
654 711 711 736 virore
724 711 757 735 sua

118 754 189 789 Siwara
202 754 273 799 prolem
285 764 322 788 non
334 753 410 796 habens,
423 755 446 788 ab
458 754 523 799 angelo
535 755 645 789 admonetur
656 754 675 789 in
687 753 757 789 somnis

54 816 74 845 vt
89 810 169 843 Romam
187 807 323 852 peregrinando
338 807 490 851 proficisceretur.
518 807 559 849 Quo
575 818 617 841 cum
634 806 757 852 peruenisset,

55 868 138 898 matrona
153 861 233 904 quedam
248 864 316 904 sancta¹
327 859 392 903 spiritu
407 860 515 904 prophetico
532 860 592 904 plena,
607 870 649 893 cum
665 871 701 904 qua
715 869 758 904 per·

55 921 129 951 noctare
137 914 217 954 solebat3
230 924 271 947 cum
278 912 319 947 vice
327 913 405 956 quadam
413 913 436 947 ad
445 924 487 947 eum
495 912 610 954 accessisset,
619 913 685 956 globus
692 912 758 956 igneus
768 926 786 947 ιο

55 969 74 1001 in
86 972 165 1010 quatuor
175 971 238 1009 partes
249 976 270 999 se
282 965 385 998 extendens
396 965 420 998 ab
431 965 490 1008 ipsius
501 965 551 1007 regis
562 970 637 1008 pectore
647 965 699 998 exire
708 963 758 998 vide·

55 1021 108 1053 batur
113 1018 124 1051 ³.
147 1017 188 1059 Quo
196 1017 241 1058 viso,
253 1026 316 1061 regem
323 1027 334 1049 a
340 1026 385 1050 vero
393 1016 538 1056 illuminandum¹
547 1016 576 1051 vel
584 1016 662 1060 stirpem
670 1015 758 1051 diuinitus

55 1071 160 1114 insignitam
171 1071 194 1103 de
206 1081 240 1103 suo
251 1068 341 1113 sanguine
353 1080 482 1113 processuram
493 1068 579 1113 predixit.
602 1069 685 1103 Rediens
696 1073 758 1102 autem

55 1135 94 1165 rex,
109 1123 182 1166 prolem*
195 1122 267 1156 felicem
285 1121 349 1165 genuit
365 1121 490 1156 Edmundum.
521 1122 559 1155 Illis
578 1121 628 1156 enim
645 1122 711 1155 diebus
724 1131 758 1155 rex

56 1175 186 1218 Estanglorum
198 1174 239 1209 oua
252 1173 327 1209 nomine
340 1173 403 1209 liberis
415 1184 480 1209 carens
492 1173 622 1208 Hierusalem⁴
634 1172 726 1218 proficisci
739 1179 785 1218 et15

55 1228 143 1263 heredem
154 1238 165 1261 a
177 1227 249 1262 Christo
261 1232 325 1271 petere
336 1226 432 1270 disposuit.
455 1227 479 1261 Et
490 1226 583 1261 transiens
593 1226 612 1261 in
622 1226 722 1261 Saxoniam
734 1226 757 1260 ad

55 1285 152 1324 cognatum
164 1291 217 1314 suum
229 1290 292 1323 regem
303 1278 435 1321 Alkmundum,
446 1279 546 1313 honorifice
557 1279 666 1323 susciptum
678 1279 758 1313 duobus-

56 1343 91 1375 que
100 1332 149 1375 regis
159 1331 260 1365 Alkmundi
270 1330 318 1372 filiis,
329 1330 427 1364 Edmundo
438 1337 456 1365 et
467 1331 561 1372 Edwoldo,
572 1330 606 1364 sibi
618 1331 682 1365 sedule
694 1330 758 1365 minis·

56 1384 151 1425 trantibus,
170 1388 218 1418 etate
236 1383 297 1417 iunior
312 1382 421 1417 Edmundus
436 1383 534 1427 specialius
553 1382 588 1417 sibi
607 1382 700 1423 inherens,
714 1394 757 1426 pro-

55 1436 137 1482 pensiori
148 1446 191 1470 cura
203 1436 255 1480 quasi
266 1435 314 1480 patri
325 1436 446 1470 ministrabat.
469 1436 525 1470 Cuius
537 1436 626 1480 obsequio
637 1441 656 1470 et
668 1435 757 1480 colloquio
767 1448 786 1469 πο

56 1500 89 1524 rex
97 1489 139 1523 otta
147 1489 253 1530 delectatus,
263 1488 355 1533 quendam
367 1488 455 1523 annulum
464 1488 483 1523 in
491 1499 566 1523 recessu
574 1500 608 1523 suo
616 1488 650 1523 sibi
660 1487 757 1533 porrigens

56 1542 111 1576 dixit:
128 1542 236 1575 ‘Edmunde
251 1541 277 1575 fili
292 1541 406 1583 charissime,
422 1542 484 1585 accipe
499 1547 563 1575 nostre
577 1547 640 1575 mutue
655 1541 757 1575 dilectionis

56 1593 197 1636 munimentum,
204 1598 223 1627 vt
232 1592 340 1627 memineris
350 1603 380 1627 me
390 1593 453 1628 solerti
461 1599 492 1628 tuo
500 1593 588 1638 obsequio
596 1604 639 1629 esse
646 1592 757 1628 obnoxium:

55 1657 113 1691 super
126 1657 162 1690 quo
175 1646 243 1690 gratias
256 1646 288 1680 tibi
301 1646 367 1689 refero,
379 1652 397 1680 et
410 1648 516 1682 mercedem
528 1652 624 1691 paternam
637 1658 661 1682 ex
674 1646 704 1682 del
717 1657 758 1691 pro-

56 1699 137 1733 uidentia
150 1699 169 1732 in
180 1699 235 1733 corde
247 1699 280 1733 tibi
291 1700 377 1733 reseruo.'
401 1699 425 1733 Et
436 1699 522 1734 iuuenem
534 1700 650 1744 amplexibus
662 1705 680 1734 et
691 1700 758 1734 osculis
768 1712 786 1740 :5

56 1751 144 1792 mulcens
152 1751 240 1785 annulum
248 1751 340 1795 quendam
349 1751 365 1786 ei
373 1752 449 1787 tradens
457 1752 514 1787 dixit:
526 1752 615 1794 ‘Intuere
623 1752 653 1794 ait,
660 1752 758 1787 Edmunde

56 1803 168 1846 charissime,
183 1804 285 1838 cuiusmodi
299 1803 322 1837 sit
335 1804 414 1839 annulus
430 1805 476 1840 iste:
489 1809 514 1846 vt,
529 1805 546 1839 si
561 1805 629 1840 absens
644 1805 712 1849 aliquid
725 1804 758 1839 tibi

56 1867 90 1901 per
97 1856 145 1890 hunc
153 1855 267 1899 intlmauero,
274 1855 323 1891 filiali
330 1856 418 1901 obsequio
426 1857 528 1902 adimplere
535 1869 559 1893 nc
567 1858 651 1893 differas!
674 1858 758 1901 Cumque

56 1920 89 1944 rex
101 1909 143 1943 Offa
153 1910 175 1944 ad
186 1910 281 1944 brachium
292 1909 349 1944 sancti
360 1910 434 1955 Georgii
443 1910 565 1955 peruenisset,
573 1911 637 1945 morbo
646 1909 757 1956 grauissimo

56 1963 147 2004 detentus,
166 1962 265 1997 familiares
283 1963 386 1997 iuramento
405 1963 490 1997 astrinxit
508 1969 528 1998 vt
548 1964 636 1998 annulum
658 1964 785 2003 Edmundo3o

56 2013 117 2048 iuueni
130 2020 264 2057 presentantes,
279 2014 352 2050 eumin
364 2015 451 2059 Angliam
462 2026 525 2050 secum
538 2016 650 2050 adducerent
663 2022 681 2050 et
693 2026 757 2059 regem

56 2066 178 2101 Orientalium
193 2068 296 2111 Anglorum
311 2067 449 2102 constituerent.
476 2068 523 2103 Cum
537 2074 605 2110 autem,
618 2068 683 2102 collato
694 2067 757 2101 iuueni

57 2119 130 2161 annulo,
137 2119 157 2153 in
166 2120 254 2155 borialem
263 2125 334 2164 partem
343 2120 473 2165 Estanglomm
484 2120 558 2155 nomine
567 2121 690 2155 Hunstantori.
697 2120 757 2163 appli-

75 2187 80 2204 ¹
91 2187 152 2218 Collect
159 2189 176 2219 in
183 2189 210 2220 T.:

77 2228 142 2273 (Sauue
154 2240 209 2266 sancta
220 2246 257 2274 pars
269 2236 334 2273 cruoris,
347 2237 382 2267 fusa
394 2237 444 2267 nostri
456 2237 561 2274 redemptoris
572 2237 619 2275 pede,
632 2246 685 2273 manu,
697 2235 757 2266 latere:

57 2273 116 2304 Omnes
125 2275 169 2305 salua
179 2276 231 2314 quite
241 2282 313 2316 querunt,
324 2277 379 2306 delens
389 2278 461 2316 quicquid
472 2277 571 2315 deliquerunt
583 2278 621 2316 nisu,
632 2276 687 2315 uerbo,
697 2286 757 2316 opere3

57 2315 144 2351 propiciare
152 2317 223 2348 domine:
234 2318 269 2347 Tuo
276 2317 350 2347 redemtis
357 2318 439 2355 sanguiue.

68 2403 71 2409 Ι
78 2355 125 2394 Deus
132 2366 159 2403 qui
166 2366 217 2396 locum
225 2368 245 2396 de
253 2367 314 2405 Hcyles
321 2368 397 2404 unigeniti
404 2368 426 2396 tui
433 2368 505 2405 precioso
512 2368 589 2404 sanguine
596 2368 677 2396 uisibiliter
683 2370 757 2398 uenerari

57 2403 129 2449 dignatus
143 2415 165 2442 es,
178 2412 236 2443 presta,
250 2416 340 2444 quesumus,
355 2411 371 2436 ut
385 2408 411 2444 qui
425 2408 492 2437 eundem
506 2407 588 2436 saluatoris
601 2407 651 2436 nostri
663 2407 757 2445 sanguinem

57 2443 142 2479 gloriosum
149 2446 229 2476 adoraturi
239 2446 330 2482 adueniunt‚
338 2450 354 2476 et
363 2446 395 2476 tuis
403 2446 419 2476 in
426 2446 497 2484 presenti
505 2446 584 2484 copiosius
592 2447 682 2476 muniantur
688 2447 756 2486 auxiliis,

57 2486 73 2511 et
80 2483 141 2520 gaudiis
147 2484 164 2514 iu
171 2485 222 2515 futuro
229 2490 320 2516 mereantur
326 2486 386 2523 perfrui
393 2487 499 2523 sempiternis,
506 2495 540 2523 per.

76 2521 83 2539 ²
93 2522 175 2560 Abridged
184 2525 225 2555 from
234 2527 262 2555 the
268 2526 305 2556 Vita
313 2526 335 2562 by
342 2526 388 2555 Abbo
394 2526 412 2554 of
419 2526 477 2563 Fleury
483 2526 547 2555 written
554 2526 588 2563 985,
598 2526 623 2555 ed.
631 2526 647 2555 in
655 2527 721 2559 Suriusz
731 2528 758 2557 the

58 2560 144 2598 beginning
153 2564 166 2592 is
175 2565 228 2594 added
238 2565 277 2594 from
287 2564 372 2594 Gaufridus
383 2565 403 2594 de
414 2565 490 2594 Fontibus
502 2564 526 2593 De
537 2565 605 2595 Infantia
616 2565 632 2595 S.
640 2566 685 2596 Edm.
696 2567 712 2596 in
723 2566 758 2597 lllS.

58 2599 93 2628 Cbr.
101 2600 124 2629 Ff.
133 2611 146 2632 1.
154 2612 178 2639 27,
186 2604 213 2633 the
221 2604 285 2633 miraele
293 2604 333 2632 from
343 2604 378 2633 lllir.
385 2604 402 2633 S.
409 2604 454 2634 Edm.
462 2604 483 2642 by
493 2603 576 2634 Hermann
583 2604 599 2634 in
609 2605 643 2635 MS.
651 2606 685 2636 Tib.
694 2606 735 2642 Bii,
743 2616 756 2636 c.

59 2647 102 2677 1⁰7⁰·
123 2640 186 2672 Similar
192 2648 227 2673 text
234 2644 250 2673 in
258 2644 292 2674 lllS,
300 2643 388 2681 Boo1.240.
439 2644 445 2661 ³
455 2644 474 2675 T.
482 2644 550 2675 videbat.
602 2645 608 2662 ⁴
618 2645 637 2675 E.
644 2645 744 2677 hierusalem.
