1762 2803
124 123 151 164 14
311 110 391 162 mono
406 107 522 170 teutona
537 80 630 170 finctio.

120 229 272 273 peregrinatione,
280 231 303 264 ad
311 242 385 264 omnem
393 229 483 274 pacientie
490 230 571 274 palmam
581 234 661 273 paratus.
684 228 821 263 Illustrissimus

121 287 183 317 autem
194 283 293 327 Adrianus,
305 283 347 327 quia
358 283 449 326 frequenti
460 283 550 326 legatione
561 294 595 326 per
606 281 673 317 Gallias
685 282 766 316 famosus
778 287 822 321 erat,

122 337 145 372 ad
156 337 248 371 cumulum
259 336 372 380 premiorum
383 337 468 371 detentus
480 341 508 371 est
520 347 530 371 a
544 337 589 370 duce
602 336 714 370 Francorum
726 335 806 369 Ebroino
811 334 822 376 ¹,

122 389 174 434 quasi
186 390 256 433 legatus
267 390 382 434 imperatoris
393 391 416 423 ad
430 401 483 434 reges
496 389 589 423 Britannie
602 394 665 424 contra
677 400 760 433 regnum,
774 389 822 432 quod

106 443 163 487 5ipse
179 443 259 476 maxime
273 444 386 486 procurabat,
414 442 452 476 Sed
467 443 541 477 tandem
557 442 645 477 innocens
661 446 751 486 repertus,
767 447 785 475 et
800 442 823 475 ad

123 495 208 538 Angliam
220 494 276 529 libere
288 495 382 537 dimissus,
393 495 475 538 regimen
486 495 592 530 monasterii
603 495 660 530 sancti
669 494 768 537 Augustini
776 493 823 528 Can-

123 547 181 581 tuarie
194 547 280 589 suscepit.
302 547 429 590 ²Congregata
441 553 502 581 autem
515 547 645 590 discipulorum
658 552 735 588 caterua,
747 546 824 580 metrice

108 598 172 640 .artis,
187 599 304 642 astronomie,
319 599 349 633 et³
364 599 478 634 arithmetice
497 599 620 634 ecclesiastice
638 599 758 644 disciplinam,
777 599 825 632 inter

123 662 216 687 sacrorum
232 652 303 696 apicum
316 653 409 686 volumina
424 653 462 687 suis
475 653 562 686 auribus⁴
575 653 700 695 tradiderunt;
719 657 738 686 vt
750 653 824 696 quidam

96 719 115 740 ro
123 716 187 740 eorum
202 705 285 749 discipuli
298 705 373 739 latinam
384 716 495 749 grecamque
508 706 589 749 linguam
604 716 651 749 eque
662 711 681 739 vt
693 705 791 749 propriam,
805 705 824 738 in

123 768 159 804 qua
172 757 210 792 nati
223 763 270 801 sunt,
283 765 379 793 nouerunt.
402 758 440 793 Sed
453 763 472 793 et
485 756 540 793 sonos
554 758 638 793 cantandi
653 757 672 792 in
684 758 766 800 ecclesia,
779 770 825 802 quos

123 816 199 847 eatenus
205 812 224 846 in
230 811 297 846 Cancia
304 817 375 846 tantum
381 817 475 854 nouerant,
481 813 503 845 ab
512 812 546 846 hoc
552 817 636 856 tempore
644 824 678 856 per
683 823 749 846 omnes
755 812 825 855 Anglo-

124 876 165 900 rum
173 864 259 899 ecclesias
268 865 339 899 discere
347 870 440 909 ceperunt.
455 865 511 899 Anno
517 871 578 899 autem
585 865 654 899 domini
660 864 825 909 septingentesimo

124 922 188 952 octauo
199 922 273 951 sanctus
285 922 338 961 pater
348 917 447 959 Adrianus,
458 917 511 951 bouis
522 917 609 961 operibus
621 922 639 951 et
651 918 743 961 exemplis
754 918 826 961 plenus,

99 983 116 1013 15
125 968 208 1012 migrauit
223 970 246 1003 ad
259 970 359 1012 dominum,
372 970 436 1014 quinto
449 970 490 1003 idus
504 970 589 1013 Ianuarii,
603 976 621 1004 et
633 970 652 1003 in
668 970 779 1004 monasterio
792 981 826 1003 suo

125 1022 208 1065 sepultus
219 1027 253 1064 est,
264 1022 404 1066 quadragesimo
415 1023 475 1065 primo
487 1023 556 1056 scilicet
566 1033 614 1056 anno
626 1034 650 1056 ex
661 1034 697 1066 quo
709 1023 727 1056 in
739 1022 826 1066 Anglianr

126 1074 194 1109 missus
212 1074 250 1109 fuit.
281 1074 362 1119 Reliquit
376 1080 437 1109 autem
455 1080 539 1110 sanctum
556 1080 575 1109 et
591 1074 717 1110 doctissimum
732 1075 826 1118 Albinum,

125 1128 236 1171 discipulum
244 1139 303 1170 suum,
312 1128 346 1162 sibi
354 1138 484 1162 successorem.
507 1129 551 1162 Post
561 1134 640 1162 mortem
647 1139 692 1162 vero
703 1129 765 1162 multis
776 1128 827 1162 efful-

125 1191 171 1227 gens
183 1180 280 1225 miraculis,
289 1185 353 1216 nautas
364 1180 466 1226 Anglorum
478 1182 567 1226 quosdam
579 1182 602 1217 ad
615 1180 711 1217 Frisonum
723 1180 784 1217 littora
795 1191 827 1225 ap-

100 1235 195 1280 repulsos,
209 1236 232 1269 ab
246 1235 341 1269 inuasione
355 1235 416 1269 hostili
431 1236 483 1270 citius
498 1235 587 1270 liberauit.
610 1236 657 1269 Nam
673 1247 714 1270 cum
729 1241 791 1270 essent
804 1236 827 1269 ab

126 1289 207 1323 irruente
220 1289 273 1322 turba
284 1288 405 1332 opprimendi,
417 1289 500 1323 inuocato
512 1289 570 1323 sancti
583 1289 675 1333 suffragio,
687 1289 742 1323 celeri
755 1288 828 1322 turbine

126 1342 145 1376 in
161 1341 196 1375 alta
212 1340 271 1385 pelagi
286 1341 406 1385 propellente,
418 1343 441 1375 ad
455 1347 537 1385 optatum
550 1341 597 1376 illesi
611 1348 683 1387 portum
698 1347 827 1387 peruenerunt.

128 1394 221 1428 Mortuum
236 1394 361 1436 resuscitauit3
381 1399 399 1427 et
413 1394 462 1428 inter
476 1405 558 1438 paganos
572 1406 613 1428 cum
629 1394 703 1438 quidam
718 1394 829 1428 christianus

127 1446 237 1491 peregrinus
248 1447 283 1479 sub
295 1446 365 1479 eleuato
377 1446 413 1479 iam
421 1448 536 1489 percussoris
547 1447 607 1489 gladio
620 1448 692 1480 ‘sancte
703 1447 785 1481 Adriane
796 1448 828 1481 ad·

102 1508 119 1539 25
129 1499 171 1534 iuua
178 1500 217 1533 me'
228 1498 348 1533 exclamando
359 1498 455 1541 proferret,
462 1509 561 1542 percussor
572 1499 638 1533 eadem
646 1498 690 1533 hora
698 1498 802 1540 trucidatur,
811 1505 829 1534 et

129 1550 212 1593 captiuus
223 1550 314 1584 liberatur.
359 1544 484 1594 Conssagrata,
491 1551 510 1584 in
517 1563 553 1595 qua
560 1551 664 1595 requiescit,
671 1551 753 1594 ecclesia,
761 1551 780 1585 in
789 1551 829 1585 visu

129 1604 202 1640 cuidam
209 1604 248 1638 viro
256 1602 345 1647 apparuit,
354 1603 417 1637 dicens
424 1616 428 1638 :
436 1604 496 1638 ‘Vade
501 1610 519 1638 et
524 1605 553 1638 dic
561 1604 648 1648 episcopo
657 1605 761 1640 Duustano:
774 1605 829 1639 “Hec

129 1658 162 1693 tibi
177 1658 252 1691 mandat
264 1656 343 1690 famulus
356 1656 425 1691 Christi
435 1657 539 1692 Adrianus:
559 1658 587 1691 Tu
602 1658 622 1692 in
637 1658 721 1692 domibus
733 1658 830 1702 diligenter

130 1710 221 1754 coopertis
229 1708 335 1753 requiescis,
343 1715 361 1743 et
369 1715 428 1743 mater
436 1710 504 1744 domini
512 1711 575 1754 nostri,
586 1716 640 1755 atque
647 1722 681 1745 nos
689 1712 784 1745 domestici
796 1711 830 1754 sui,

102 1778 122 1806 50
130 1764 181 1799 omni
189 1763 223 1797 celi
230 1762 298 1796 iacture
306 1764 418 1805 patemus.”'
435 1764 475 1805 Quo
481 1764 544 1798 audito
550 1764 757 1798 Dunstanusecclesiam
766 1769 830 1798 sancte

130 1816 188 1851 Marie
200 1820 278 1860 reparat,
287 1826 341 1858 quarn
353 1822 417 1849 eterna
428 1816 524 1850 dulcedine
536 1822 599 1860 raptus
611 1816 688 1860 singulis
700 1817 784 1850 noctibus
794 1817 830 1850 sre-

130 1874 218 1914 quentare
232 1868 307 1901 solebat.
330 1867 388 1902 Nocte
401 1873 462 1902 autem
475 1870 553 1913 quadam
565 1869 614 1903 idem
626 1869 723 1913 episcopus
735 1869 831 1903 ecclesiam

129 1924 229 1966 ingressus,
238 1921 334 1955 manifeste
341 1921 386 1956 vidit
397 1928 481 1957 sanctum
489 1922 591 1957 Adrianum
602 1922 651 1957 inter
659 1923 726 1957 choros
736 1922 831 1958 celestium

130 1974 611 2018 cumipsamundidominacollaudantemdominum.
649 1969 831 2019 Cumpuerquidam

103 2040 122 2071 55
131 2027 210 2063 doctoris
223 2026 251 2061 sui
262 2027 340 2060 verbera
351 2027 423 2071 timens,
435 2027 512 2062 Adriani
524 2028 586 2063 tumbe
599 2027 686 2072 fugiendo
699 2028 800 2070 adhereret,
814 2033 832 2062 et

130 2084 218 2117 inuocans
235 2086 318 2114 sanctum
330 2080 396 2115 ictibus
411 2082 527 2125 afficeretur;
544 2083 588 2115 dum
601 2081 656 2116 tertio
669 2082 723 2115 altius
737 2082 832 2116 dexteram

131 2137 195 2170 doctor
213 2133 300 2175 eleuaret,
315 2133 365 2166 stetit
378 2133 482 2168 eleuatum⁵
497 2134 515 2167 in
531 2134 567 2168 alta
585 2133 685 2175 brachium,
701 2133 779 2178 plurima
796 2134 833 2167 diei

131 2193 184 2233 parte
192 2185 313 2220 irreflexumss.
340 2186 420 2220 Demum
428 2189 450 2220 ab
458 2188 504 2230 ipso,
512 2197 567 2231 quem
575 2187 669 2228 afflixerat,
676 2186 752 2229 paruulo
760 2186 833 2220 veniam

132 2240 239 2284 suppliciter
246 2239 304 2283 petiit,
315 2245 333 2273 et
344 2239 384 2283 ipso
396 2239 529 2275 interueniente
541 2240 620 2275 solutum
631 2244 649 2273 et
661 2250 726 2274 sanum
738 2240 833 2274 brachium

104 2307 124 2337 40
133 2296 207 2329 demum
219 2293 293 2337 recepit.
343 2285 450 2327 Offendens
461 2304 508 2338 puer
519 2293 565 2327 alius
577 2293 670 2326 doctorem
682 2303 741 2335 suum,
753 2293 796 2326 dum
809 2293 832 2327 ad

133 2347 215 2382 tumbam
223 2346 281 2380 sancti
289 2346 371 2388 Adriani,
380 2346 420 2380 eius
427 2347 514 2381 auxilium
522 2346 642 2389 implorando,
649 2345 759 2389 confugeret,
764 2345 834 2390 rapitur

133 2412 144 2434 a
150 2400 236 2442 magistro
244 2410 282 2441 suo,
289 2399 320 2443 qui
327 2399 352 2433 ait
359 2411 363 2433 ε
375 2399 424 2433 ‘Nec
431 2400 478 2443 ipso,
486 2400 550 2442 inquit,
557 2399 630 2431 Christo
638 2399 748 2432 adueniente
754 2399 833 2442 impuni-

154 2516 159 2534 ¹
167 2517 184 2546 E.
194 2517 266 2547 Ebronio.
322 2517 328 2536 ²
338 2518 362 2548 Cf.
369 2518 405 2547 Vita
411 2518 497 2547 Theodori.
552 2516 558 2534 ³
569 2516 587 2545 E.
594 2516 692 2546 arithmetice
699 2520 715 2546 et
722 2517 832 2547 ecclesiastice.

134 2556 140 2575 4
150 2565 162 2586 r.
171 2556 271 2587 auditoribus.
332 2557 339 2574 ⁵
349 2558 367 2588 T.
374 2556 443 2588 elatum.
497 2555 503 2573 ⁰
514 2557 532 2586 E.
539 2560 597 2586 tenens
604 2556 698 2588 irreflexum.
