1762 2803
255 124 301 180 wa
316 123 416 177 &auita
432 123 525 176 alienu.
713 138 742 181 43

41 245 82 280 cibo
97 245 161 290 extitit,
173 250 193 281 vt
206 257 248 281 eum
260 257 298 281 non
307 245 406 287 hominem,
414 247 447 281 sed
457 246 541 290 spiritum
552 256 595 280 esse
605 250 684 289 putares.
707 246 744 279 Nu-

42 309 113 333 merum
125 299 256 335 monachorum
271 310 329 345 vsque
340 300 363 335 ad
375 305 448 335 centum
464 299 588 344 quadraginta,
605 304 623 333 et
634 298 744 343 quingentos

42 352 107 386 iratres
115 352 134 387 in
142 353 253 388 monasterio
261 364 294 387 suo
305 353 403 397 ampliauit.
427 353 478 388 Licet
487 353 537 388 enim
549 353 623 395 calculo,
631 358 649 386 et
660 351 745 387 artetica¹

42 406 133 449 passione,
142 412 184 441 ante
196 407 265 441 obitum
277 417 312 450 per
323 407 432 441 decennium
443 412 520 441 vexatus
532 406 602 448 suisset,
613 405 632 439 in
644 405 745 439 humilitate

42 464 104 492 tamen
116 464 134 493 et
146 460 236 503 pacientia
247 470 376 504 perseuerans,
384 459 470 493 iratribus
479 459 543 504 sepius
551 459 585 493 hoc
593 457 654 492 dicere
662 457 744 492 solebat:
753 467 762 497 5

42 511 68 546 ‘F
68 511 118 553 ilioli,
126 512 221 556 loquimini
229 524 265 556 que
272 512 333 554 vultis,
341 518 412 546 tantum
420 524 457 546 non
465 518 519 546 exeat
527 513 550 546 de
558 523 591 545 ore
597 518 660 546 vestro
667 512 744 545 verbum

42 569 100 608 turpe,
113 564 200 600 detractio
214 565 233 600 in
247 566 327 609 fratrem,
339 570 358 600 et
372 565 486 610 blasphemia
501 570 564 601 contra
577 565 643 600 deum.¹
667 563 745 608 Scripsit

42 617 91 651 enim
102 617 158 651 vitam
170 618 228 652 sancti
240 619 326 652 Edwardi
338 618 387 662 regis
399 624 416 652 et
428 618 544 659 confessoris,
555 618 611 652 vitam
623 617 683 651 Dauid
695 616 744 661 regis

43 669 109 710 Scotie,
117 675 180 704 sancte
193 670 296 715 Margarete
307 671 371 716 regine
383 671 455 714 Scotie;
467 670 540 715 triginta
551 676 590 706 tres
601 671 676 706 omelias
688 681 745 714 super

42 733 89 756 onus
98 722 191 757 Babilonis
198 724 217 757 in
225 724 291 766 Ysaia3
303 729 341 758 tres
348 724 404 758 libros
413 724 436 758 de
448 723 537 768 spirituali
547 723 636 765 amicitia;
648 723 672 756 de
680 728 744 756 natura
753 732 772 752 10

42 774 103 809 anime
111 780 129 810 et
137 776 237 820 quantitate
244 788 265 812 ac
276 777 375 812 subtilitate
383 777 439 811 libros
447 778 503 819 duos;
516 776 583 811 multas
590 787 663 820 quoque
671 775 745 819 scripsit

43 828 139 872 epistolas:
157 834 174 863 et
187 830 235 874 quod
250 830 269 864 in
284 830 349 865 litteris
362 830 503 871 commendauit,
518 829 553 863 hoc
568 829 587 863 in
600 829 637 863 vita
651 829 744 873 complere

42 881 117 915 curauit.
162 876 248 926 Digitum
257 888 318 917 autem
327 893 382 916 suum
392 882 412 917 in
422 894 443 917 os
454 882 516 917 fratris
523 882 618 916 cuiusdam
626 882 671 916 muti
678 881 745 925 posuit,

42 939 60 967 et
75 934 136 978 ipsum
150 935 199 979 loqui
214 935 302 981 precepit,
315 935 391 970 dicens:
409 935 510 979 ‘Loquere
524 934 550 969 mi
565 935 625 977 frater,
636 934 656 968 in
671 934 745 968 nomine

42 987 122 1020 domini!
146 988 182 1029 Qui
197 988 259 1023 statim
272 989 358 1023 omnibus
372 987 504 1021 admirantibus
518 987 626 1031 respondit:
644 986 746 1020 ‘Libenter
755 997 773 1026 15

42 1038 107 1082 loquor
114 1044 180 1081 tecum,
188 1040 284 1075 benedicte
295 1041 380 1075 domine!
403 1041 427 1074 Et
434 1039 499 1075 Alredi
507 1039 577 1074 meritis
585 1039 680 1073 confestim
689 1049 746 1073 sanus

42 1092 123 1135 effeetus,
143 1093 207 1128 laudes
226 1094 300 1128 domino
318 1094 413 1129 referebat.
473 1085 574 1138 Sincopis²
588 1092 650 1137 passio
668 1093 744 1126 fratrem

43 1146 135 1188 quendam
150 1157 254 1189 perurgens
268 1148 352 1188 vexabat,
364 1152 384 1181 vt
399 1156 459 1189 neque
471 1156 508 1180 vox
523 1156 583 1189 neque
598 1155 665 1179 sensus
680 1144 699 1178 in
714 1144 746 1178 illo

43 1198 147 1241 apparebat.
170 1198 203 1233 Cui
216 1200 306 1234 accedens
317 1200 374 1234 abbas
385 1198 442 1233 dixit:
462 1198 543 1233 ‘Dileete
554 1198 585 1240 fili,
597 1198 655 1231 saluet
666 1204 685 1231 te
696 1198 745 1231 filius

43 1249 83 1283 dei’
106 1250 145 1284 Nec
153 1262 209 1292 mora,
217 1252 277 1286 omnis
285 1253 362 1286 dolorin
372 1263 394 1286 eo
404 1251 512 1294 conquieuit.
563 1244 646 1296 Quidam
659 1250 716 1284 abbas
727 1250 745 1283 ei
754 1260 773 1280 ιο

43 1302 132 1344 subditus,
140 1304 196 1338 multa
204 1304 288 1346 conuitia,
295 1305 412 1350 improperia,
420 1310 438 1339 et
447 1303 572 1348 blasphemias
580 1303 650 1338 Alredo
658 1303 744 1344 inserens,

43 1366 84 1389 eum
92 1356 171 1391 iniuste³
177 1358 280 1400 commouit,
285 1364 304 1393 et
311 1358 396 1403 spiritum
403 1357 444 1392 eius
451 1357 516 1392 merito
523 1362 586 1391 contra
594 1357 626 1391 se⁴
633 1356 744 1400 prouocauit.

43 1408 100 1442 Cuius
110 1409 201 1445 maliciam
211 1411 292 1453 grauiter
302 1411 369 1451 serens,
380 1411 402 1444 ad
415 1411 479 1444 celum
487 1410 549 1443 oculos
562 1415 579 1443 et
592 1420 658 1443 manus
670 1409 745 1443 eleuans

43 1457 100 1495 dixit:
118 1461 207 1496 ‘Domine
222 1473 256 1497 rex
271 1468 334 1497 eterne
349 1463 411 1507 glorie,
425 1462 497 1503 sentiat,
510 1472 573 1506 queso,
589 1462 624 1495 cito
639 1461 674 1495 iste
689 1462 745 1495 finem

43 1513 115 1549 malicie
127 1525 165 1556 sue,
174 1515 216 1560 quia
223 1521 242 1549 tu
251 1516 287 1550 scis
295 1516 341 1550 falsa
350 1527 392 1551 esse
400 1527 436 1560 que
444 1514 514 1550 nomini
523 1525 564 1549 meo
573 1514 636 1549 nititur
643 1515 746 1549 ascribere?
755 1525 774 1555 ²5

44 1566 127 1609 Cumque
139 1568 196 1601 abbas
208 1568 239 1601 ille
252 1569 348 1617 cenobium
364 1579 418 1602 suum
433 1569 524 1606 intrasset,
534 1567 553 1601 in
568 1568 635 1602 lectum
646 1566 719 1607 decidit,
728 1573 746 1600 et

44 1617 73 1652 die
87 1619 166 1664 septimo
182 1631 223 1654 cum
236 1621 308 1665 magnis
320 1621 429 1656 cruciatibus
441 1621 497 1655 vitam
513 1619 576 1654 finiuit.
621 1613 747 1655 Descendens

43 1670 62 1705 in
79 1671 189 1706 Galwediam
205 1674 290 1715 Alredus,
306 1674 376 1709 inuenit
393 1673 477 1718 regulum
492 1679 540 1711 terre
557 1673 606 1708 illius
620 1678 684 1708 contra
699 1673 747 1707 filios

44 1734 87 1758 suos
95 1725 166 1765 iratum,
175 1726 222 1761 filios
228 1726 247 1760 in
255 1732 326 1770 patrem
334 1727 445 1769 seuientes⁵‚
454 1727 498 1761 etin
507 1738 527 1761 se
535 1726 614 1761 inuicem
622 1727 693 1760 iratres.
713 1725 747 1760 Est

44 1782 104 1811 autem
112 1783 161 1812 terra
169 1778 200 1812 illa
207 1778 251 1820 fera,
257 1780 353 1821 siluestris,
361 1784 379 1814 et
387 1780 475 1821 barbara;
487 1779 573 1815 bestiales
581 1779 671 1820 homines,
680 1785 698 1813 et
705 1779 747 1812 bar·
756 1787 775 1817 30

44 1829 108 1864 barum
116 1842 171 1865 omne
179 1833 227 1874 quod
235 1831 297 1875 gignit.
320 1832 393 1866 Veritas
403 1832 429 1866 ibi
437 1843 475 1866 non
483 1832 580 1873 inuenitur,
588 1832 678 1875 sapientia
686 1832 746 1866 locum

44 1883 154 1918 nonhabet.
177 1884 224 1918 Nam
237 1895 297 1929 neque
310 1885 357 1919 fides
372 1895 432 1929 neque
447 1884 526 1919 charitas
539 1884 570 1918 diu
585 1885 672 1928 perdurat
685 1883 704 1918 in
718 1894 745 1918 ea.

44 1935 122 1970 Castitas
134 1936 201 1971 totiens
212 1937 279 1981 patitur
290 1937 404 1982 naufragium
416 1938 500 1981 quotiens
511 1937 567 1971 libido
578 1937 660 1976 voluerit,
671 1948 705 1970 nec
717 1942 745 1970 est

44 1988 91 2022 inter
104 1994 172 2023 castam
185 1995 203 2023 et
215 1995 295 2024 scortum
307 1990 343 2023 vlla
355 1990 446 2031 distantia,
461 1990 547 2025 mulieres
562 2000 595 2034 per
610 1999 684 2023 menses
695 1989 746 2024 viros

44 2042 139 2076 alternant,
162 2042 213 2076 lnter
224 2043 319 2086 religiosos
329 2048 391 2077 tamen
403 2043 477 2088 quidam
487 2043 563 2077 aliorum
575 2042 651 2077 consilio
661 2049 679 2076 et
690 2043 746 2077 ductu
755 2052 774 2083 35

44 2094 88 2128 satis
103 2095 183 2138 religiosi
198 2095 284 2135 existunt,
298 2096 330 2129 sed
346 2096 421 2140 propria
435 2096 524 2130 industria
539 2106 580 2129 raro
594 2094 676 2140 perlecti.
698 2094 746 2130 Sunt

44 2147 94 2182 enim
110 2148 215 2182 naturaliter
227 2149 319 2189 hebetesfl,
331 2155 349 2183 et
364 2149 462 2184 animalem
477 2149 566 2183 habentes
582 2148 672 2191 spiritum,
682 2148 746 2191 volup·

44 2201 110 2235 tatibus
122 2201 182 2235 carnis
195 2211 270 2246 semper
280 2200 381 2236 intendunt⁴
405 2200 478 2236 Inuenit
488 2200 549 2247 itaque
560 2200 640 2236 Alredus
652 2199 747 2246 principes

44 2254 138 2296 prouincie
149 2255 176 2288 ira
187 2261 205 2289 et
214 2255 338 2289 dissentione⁷
346 2256 434 2297 turbatos,
446 2264 523 2298 quorum
533 2254 574 2289 odia
585 2259 603 2288 et
613 2265 700 2288 rancores
711 2265 747 2289 nec

44 2316 78 2340 rex
93 2307 154 2341 Scotie
173 2307 274 2349 humiliare,
290 2319 324 2342 nec
339 2307 437 2351 episcopus
452 2307 535 2351 mitigare
550 2306 633 2349 suffecit3
652 2307 746 2352 multoque
755 2319 776 2348 40

45 2359 134 2404 sanguine
145 2365 212 2394 terram
223 2360 331 2404 polluerunt.
354 2360 406 2402 Quos
417 2359 498 2394 Alredus
509 2370 546 2393 non
557 2364 627 2393 tantum
638 2360 747 2403 pacificauit,

44 2421 108 2446 verum
119 2418 191 2456 patrem
203 2413 282 2447 filiorum
292 2412 374 2447 habitum
386 2411 480 2455 religionis
492 2411 586 2455 suscipere
598 2412 675 2454 inflexit,
686 2418 704 2447 et
716 2413 747 2457 qui

45 2465 102 2499 multa
115 2465 165 2499 milia
174 2466 269 2500 hominum
281 2466 317 2501 vita
330 2464 439 2510 priuauerat,
449 2464 486 2499 vite
498 2464 618 2509 participem⁸
630 2471 694 2500 eterne
707 2467 747 2501 fieri

65 2538 185 2571 ¹r.arthritica
225 2541 347 2579 ²E.Cineopis.
386 2540 486 2570 ³E.inuste.
526 2539 747 2577 ⁴seom.inT,;Tan.eun.

45 2575 75 2607 5Ε.
82 2579 174 2611 seuientem.
195 2580 291 2611 ⁰T.ebetes.
310 2579 594 2617 ⁷E.discentioue;T.dissencioue.
613 2580 746 2619 ¹E.perticipeur.
