1762 2803
138 168 180 225 146
229 195 230 199 ’
326 164 406 218 Sitifim
421 162 538 226 [28an&
552 162 646 227 fingite.

136 286 171 320 bus
179 284 276 320 institisset
281 285 291 326 ¹,
297 290 335 319 tres
343 286 425 329 angelice
430 285 517 319 claritatis
521 284 618 329 perspexit
625 284 680 326 uiros,
687 293 767 328 superno
775 282 836 326 splen-

136 339 181 373 dore
192 337 289 381 radiantes,
299 348 377 383 quorum
388 337 465 378 medius,
475 342 544 372 statura
554 347 647 382 procerus,
657 337 746 371 cesariem
757 335 837 370 habebat

136 392 199 426 celesti
207 392 249 426 niue
257 392 359 426 dealbatam
366 403 370 433 ;
382 396 468 434 aspectus
476 391 516 424 eius
523 390 581 424 dulcis
589 396 607 424 et
618 389 707 430 amabilis,
714 391 761 424 vltra
769 394 836 423 morta·

136 445 173 479 lem
185 445 264 479 nitorem
276 455 309 479 sua
322 442 391 479 lumina
402 442 505 477 exhibebat.
529 442 593 477 Crucis
606 453 650 477 vero
664 443 738 486 signum
753 442 802 486 quod
817 441 837 475 in

119 510 127 538 5
136 499 201 532 dextra
209 497 282 540 ferebat,
290 496 377 531 ineffabili
385 497 484 540 splendore
492 495 581 531 rutilabat.
604 496 640 539 Qui
648 506 658 530 a
666 494 736 530 dextris
744 494 783 530 eius
791 500 836 538 erat,

136 550 248 584 mediocrem
260 554 347 582 staturam
357 549 470 592 preferebat;
484 548 559 582 sinister
570 554 630 582 autem
641 548 721 582 lateralis
733 548 839 582 Zaeheum²

136 602 240 646 preferebat
248 607 321 636 statura
345 601 433 635 Omnium
440 611 485 636 vero
492 600 599 636 indumenta
607 611 663 646 super
672 601 772 635 humanum
784 599 837 634 intel·

136 655 202 690 lectum
214 660 266 690 erant
277 654 360 699 gloriosa.
383 654 580 698 Appropinquantibus
591 654 626 688 illis
639 665 688 699 egro,
700 654 763 699 quiin
775 653 837 687 medio

136 719 199 742 eorum
211 714 250 742 erat
261 709 317 742 dixit:
330 708 368 742 ‘Ite
377 713 395 741 et
406 708 469 742 solutis
475 708 481 724 ³⁵
491 708 557 742 natiuis
567 718 665 742 neruorum
676 707 754 742 nexibus
764 717 807 742 eum
817 706 836 741 in

110 767 202 797 testatum
214 772 268 795 suurn
280 760 354 805 erigite!
377 760 464 795 Protinus
475 761 541 795 dexter
552 771 563 795 a
575 761 639 805 capite,
651 760 725 795 sinister
736 771 747 795 a
758 760 837 804 pedibus

135 814 215 848 inuoluta
226 815 310 847 membra
319 813 426 848 extricant⁴.
449 813 495 848 Cum
506 819 567 848 autem
578 825 623 858 eger
633 815 749 854 exclamaret,
760 814 837 848 sanitate

135 870 214 910 recepta,
222 866 304 910 singulos
312 871 385 900 sanctos
392 867 473 900 tumulos
481 877 524 899 suos
532 866 600 900 intrare
609 866 729 910 conspicatur.
757 865 837 900 Sanctus

134 925 195 954 autem
205 919 320 963 Augustinus
333 924 372 953 erat
383 918 401 953 in
412 918 478 960 medio,
489 930 500 953 a
509 919 579 954 dextris
589 925 663 955 sanctus
674 919 789 963 Laurentius,
798 924 837 954 eta

135 973 214 1008 sinistris
222 978 296 1007 sanctus
304 972 385 1006 Mellitos
392 972 496 1017 episcopus.

137 1150 139 1152 ·
157 1130 205 1175 [MS
212 1130 252 1164 Tib.
260 1131 306 1165 adds
314 1131 370 1164 here:
454 1129 555 1165 Narratur.

109 1226 126 1258 ¹5
158 1207 198 1250 Illis
206 1214 258 1258 quasi
267 1214 331 1248 diebus
339 1218 413 1249 sanctus
421 1213 489 1249 Paulus
497 1214 590 1249 leonensis
599 1214 697 1260 episcopus
705 1226 746 1250 cum
754 1215 836 1250 uenisset

134 1269 157 1302 ad
165 1269 240 1303 domum
248 1268 317 1302 sororis
325 1278 358 1302 sue
366 1269 401 1302 deo
409 1268 481 1309 deuote,
489 1278 546 1311 super
553 1267 597 1301 litus
604 1267 661 1302 maris
671 1268 768 1302 britannici
776 1269 836 1309 sitam,

134 1326 209 1366 rogatus
220 1321 243 1355 ab
255 1332 277 1355 ea
288 1331 363 1365 precem
375 1321 398 1354 ad
410 1321 464 1355 deum
476 1320 522 1355 fudit
532 1321 618 1365 quatinus
628 1326 694 1356 statuto
705 1322 771 1356 fluctus
781 1322 836 1357 maris

134 1375 263 1417 coherceretur
276 1375 334 1416 alueo,
346 1380 365 1408 et
378 1379 426 1407 terra
439 1379 501 1418 optata
514 1374 575 1418 aliquo
589 1374 623 1408 sibi
636 1374 755 1419 ampliaretur
769 1372 836 1419 spacioss

134 1427 218 1470 Cumque
226 1427 286 1461 subito
292 1437 343 1462 mare
350 1427 409 1461 undas
417 1427 517 1468 retrahere,
524 1432 542 1461 et
548 1432 596 1462 terra
604 1428 651 1462 sicca
656 1439 746 1473 apparere
752 1429 836 1472 cepisset,

107 1493 126 1514 ro
134 1481 157 1514 ab
173 1479 258 1513 oracione
273 1479 342 1524 pariter
352 1479 434 1523 'surgunt
446 1484 464 1513 et
477 1480 500 1513 ad
511 1480 571 1523 ripam
583 1482 677 1515 accedunt.
700 1482 752 1515 Tunc
767 1482 835 1516 Paulus

134 1533 192 1567 sorori
202 1534 280 1576 imperat
290 1538 310 1566 ut
321 1533 340 1566 in
352 1533 436 1566 manibus
448 1532 519 1576 lapillos
530 1534 553 1566 ad
564 1533 621 1567 maris
629 1533 731 1578 marginem
739 1534 810 1568 deierat
818 1540 836 1569 et

134 1586 184 1628 iuxta
191 1585 240 1620 illam
249 1597 282 1630 per
290 1586 395 1630 spaniorum
403 1586 497 1620 interualla
505 1586 588 1620 dimittat.
604 1586 655 1621 Mille
663 1598 742 1631 namque
750 1587 835 1631 passibus

134 1641 164 1674 uel
172 1639 250 1684 amplius
258 1650 293 1683 per
300 1640 340 1674 eius
351 1640 454 1674 oracionem
464 1644 514 1674 terra
525 1640 578 1684 aquis
586 1640 675 1675 exhausta
684 1640 722 1675 suit.
745 1641 836 1676 Oracione

134 1704 179 1736 uero
191 1703 247 1736 super
259 1692 318 1737 ripam
329 1692 395 1726 iterum
406 1693 503 1736 completa,
512 1692 579 1727 Paulus
591 1693 614 1726 ad
626 1704 677 1727 mare
688 1689 788 1729 conuersus
800 1695 835 1729 ait:

107 1758 125 1788 ²5
135 1745 211 1789 ‘Lapilli
221 1756 267 1789 quos
276 1745 296 1778 in
307 1745 375 1778 finibus
385 1745 421 1778 tuis
430 1744 489 1789 posui,
500 1744 536 1779 sint
546 1745 565 1779 in
576 1745 649 1789 signum
660 1745 708 1780 inter
715 1757 745 1781 me
756 1752 774 1781 et
781 1753 805 1789 te,
816 1752 835 1782 ut

134 1799 195 1833 denuo
210 1808 304 1842 nunquam
320 1809 352 1832 eos
366 1798 470 1841 transgredi
486 1809 520 1832 nec
535 1797 569 1831 hec
585 1803 648 1832 nostra
661 1798 752 1833 territoria
763 1799 835 1844 ingredi

110 1856 112 1859 ⁴
133 1852 241 1894 presumas?
265 1850 321 1885 Cuius
329 1850 420 1885 sermonis
427 1852 525 1895 imperium
535 1861 593 1894 usque
605 1851 659 1884 bodie
669 1857 766 1885 conseruat
777 1852 834 1886 horri-

133 1905 177 1953 dum
193 1903 248 1938 maris
264 1904 381 1939 elementum.
409 1903 447 1938 Illis
462 1905 538 1939 domum
553 1904 660 1949 regressis⁵,
675 1904 760 1939 uiderunt
775 1905 834 1940 subito

133 1958 205 2002 lapillos
213 1957 274 1991 diuina
285 1958 352 1991 uirtute
361 1957 469 2001 columpnas
480 1957 562 2002 lapideas
570 1957 616 1992 mire
624 1958 755 2002 magnitudinis
765 1960 833 2002 iact0s;

48 2004 50 2009 ’
106 2022 125 2053 30
133 2016 151 2045 et
158 2010 188 2044 uia
195 2021 250 2055 quam
258 2022 280 2044 eo
288 2010 318 2045 die
326 2021 360 2054 per
367 2010 437 2045 medias
445 2011 486 2044 illas
495 2011 603 2055 columpnas
614 2011 721 2046 incedentes
730 2017 834 2054 tenuerunt,

110 2106 111 2109 Ἴ
133 2064 200 2105 adihuc
208 2065 225 2108 a)
234 2064 339 2098 Britonibus
347 2064 421 2099 ‘semita
430 2064 489 2099 Pauli¹
496 2063 610 2108 uocitatur⁷.]

152 2144 158 2162 ¹
168 2144 200 2174 Vit.
208 2145 245 2175 Huc
253 2149 340 2183 perreptus,
348 2149 384 2183 post
391 2144 470 2182 vigilatum
476 2146 548 2176 triduum.
581 2145 587 2162 ²
598 2146 616 2177 E.
622 2147 704 2176 racheum.
735 2147 741 2164 ³
752 2147 770 2176 E.
775 2146 834 2176 salutis.

132 2183 262 2216 tEextricauit.
316 2184 409 2215 51211111111Δ
419 2185 551 2223 Bell.XXl.123.
574 2185 834 2225 InE.,samenarratiopreeedes

132 2225 149 2255 in
157 2223 174 2253 S.
181 2225 253 2254 ithamar.
294 2224 300 2242 ¹³
309 2223 343 2255 VB.
351 2225 421 2262 Cumque
428 2228 551 2255 reuerterentur⁴

138 2263 154 2276 '¹
169 2264 287 2294 CollectinT.·‚

154 2296 175 2336 ln
181 2304 248 2334 transitu
255 2304 304 2334 incliti
310 2304 358 2343 patris
365 2304 447 2334 Laurencii
453 2304 482 2334 celi
488 2304 589 2334 nobilitantur
594 2305 659 2342 gaudiis,
665 2309 681 2335 et
686 2315 716 2336 nos
722 2314 836 2344 prosequamur

131 2344 207 2375 laudibus.
228 2344 264 2374 Aue
271 2346 325 2381 presul
332 2345 390 2381 inclite,
398 2354 427 2373 aue
435 2344 460 2373 dei
467 2345 526 2374 amice:
537 2345 603 2374 concilia
610 2346 657 2378 ,nobis
664 2355 717 2383 regem
724 2350 800 2383 nostrum,
807 2344 834 2383 qui

132 2388 148 2415 tc
156 2383 201 2413 nobis
208 2384 276 2421 prouidit
283 2388 342 2421 patrem
349 2385 396 2420 pium.
416 2384 436 2412 V.
447 2384 488 2411 Ecce
495 2384 569 2412 sacerdos
576 2394 646 2421 maguus.

140 2446 143 2455 2
153 2419 201 2456 Deus
208 2423 234 2460 qui
241 2424 302 2452 beatum
310 2422 413 2452 Laurentium
425 2444 534 2452 ........
546 2427 573 2452 tuo
581 2424 695 2461 predicatorem
702 2424 756 2454 salutis
763 2422 833 2462 ete(rne]

132 2485 228 2496 ,,,,,,,
242 2463 308 2502 (trilbue
315 2472 400 2501 quesumus
407 2467 425 2492 ut
432 2462 458 2499 qui
466 2462 499 2491 eius
507 2465 672 2494 commemoracionem
683 2486 687 2494 .
699 2488 703 2495 .
715 2488 719 2496 .
731 2487 734 2495 .
746 2488 749 2495 .
761 2487 765 2495 .
776 2488 780 2496 ,
793 2463 833 2503 (eius

131 2505 199 2544 meri)tis
206 2507 222 2534 et
229 2504 300 2541 precibus
307 2513 317 2534 a
323 2508 423 2541 peccatorum
431 2503 535 2542 (nostrorum)
546 2526 550 2534 .
562 2526 566 2534 .
577 2528 581 2535 .
592 2526 596 2533 .
607 2504 673 2534 nexibus
680 2505 699 2534 ab
700 2527 765 2537 .....
