1762 2803
260 134 306 191 bc
321 132 421 188 sanun
436 133 543 203 eodum
709 150 751 194 179

49 258 85 292 vite
93 266 136 301 erga
144 261 228 290 sanctum
233 256 358 300 Augustinum
366 257 462 301 sociosque
471 257 510 291 eius
516 255 640 298 deuotissima,
647 256 753 301 frequenter

50 311 120 350 adesse,
132 319 189 350 orare,
201 309 296 342 luminaria
307 310 413 350 accendere,
424 310 526 353 opertorial
537 315 642 343 sanctorum
654 319 752 353 corporum

50 372 95 408 pura
108 367 127 394 et
139 361 196 396 nitida
209 371 284 396 seruare
296 361 371 396 solebat.
395 361 478 405 Quadam
492 367 553 397 autem
566 362 596 397 die
610 373 651 396 cum
665 362 714 397 sessa
729 363 753 395 ab

50 416 131 449 oratione
141 416 222 448 dormire
232 414 326 459 inciperet,
334 424 398 448 cereus
410 416 477 450 ardens
489 426 550 449 coram
561 420 624 450 sancto
632 414 752 460 Aug[ustino]

50 467 187 512 negligent[ia]²
194 466 286 502 extinctus
294 468 377 503 nidorem
384 468 443 511 dabat,
449 468 514 503 hausta
521 468 562 504 luce
570 467 655 503 fumabat.
678 468 702 502 Et
710 479 753 502 ecce
762 474 771 503 5

50 523 129 556 videtin
141 521 182 555 visu
195 522 269 555 beatum
283 521 373 555 Mellitum
387 522 410 555 de
423 527 542 556 monumento
556 526 668 566 surgentem,
679 525 698 555 et
711 531 753 556 cum

50 585 116 618 magna
127 573 251 618 indignatione
262 574 388 617 increpantem
398 575 448 608 illam
458 580 476 608 et
486 575 589 608 dicentem:
602 574 666 608 ‘Vnde
676 574 708 608 tibi
719 574 754 609 hec

50 628 129 669 audacia,
139 632 158 660 vt
169 626 198 661 hic
208 626 294 668 dormias,
306 632 323 661 et
336 632 434 670 patronum
445 627 538 661 uestrum³
546 627 670 670 Augustinum
682 636 753 669 nosque

50 680 90 712 eius
102 679 183 723 collegas
196 680 236 713 sine
248 680 294 713 lucis
307 680 377 713 honore
390 679 504 724 relinquasl¹
528 678 551 713 Et
563 683 638 714 extenta
650 679 715 714 dextra
726 678 754 714 in·

50 737 124 776 gentem
135 731 232 767 dormienti
244 732 315 776 alapam
327 732 409 767 incussit.
432 732 462 767 Ad
474 733 531 767 ictum
542 743 586 767 vero
598 732 686 767 inflictum
697 732 754 776 euigi-
765 741 783 762 ¹0

50 787 96 827 lans,
104 786 149 820 vidit
158 787 227 829 apertis
237 786 295 820 oculis
305 791 388 819 sanctum
399 796 409 819 a
419 795 440 818 se
451 785 571 819 redeuntem*
579 789 597 818 et
608 785 690 819 tumbam
701 796 754 820 suam

51 839 153 872 intrantem.
175 837 229 872 Adeo
240 838 290 872 enim
300 838 390 872 rubebant
401 837 453 882 signa
462 837 559 881 digitorum
567 843 585 872 et
596 837 656 881 palme
666 838 755 881 ferientis,

51 901 71 925 ac
80 891 95 924 si
103 891 173 924 recenti
181 890 271 934 sanguine
279 890 364 924 distincta
371 896 439 924 essent.
485 883 558 924 Mulier
565 891 650 934 quedam,
657 890 755 935 podagrica

51 950 69 977 et
80 942 167 987 ciragrica
178 943 283 977 infirmitate
294 945 374 985 astrlcta,
383 942 461 987 pedibus
472 943 552 986 prodire,
560 943 584 976 de
595 943 662 977 lectulo
673 954 755 988 surgere,

51 1006 117 1030 manus
125 996 147 1030 ad
155 1005 177 1030 os
185 996 246 1031 leuare
253 1006 291 1030 non
298 995 367 1038 valens,
373 995 414 1031 lusa
422 996 445 1030 ad
453 996 526 1031 beatum
535 996 625 1031 Mellitum
633 1007 694 1041 prece,
700 998 755 1031 mori·
765 1004 783 1034 ¹5

51 1050 112 1083 bunda
122 1049 209 1083 advitam
220 1049 279 1084 subito
290 1049 348 1092 rediit,
356 1060 430 1083 omnem
441 1050 524 1084 dolorem
534 1051 590 1092 exuit,
601 1050 679 1084 salutem
690 1049 755 1089 induit,

51 1102 80 1136 δεῖ
88 1103 111 1136 ad
119 1113 153 1136 sua
160 1103 228 1146 gratias
235 1113 293 1146 agens
301 1102 378 1136 letanter
385 1103 439 1136 rediit
445 1102 457 1137 ⁶.
488 1096 547 1136 Miles
553 1102 627 1146 quidam
633 1103 684 1145 graui
691 1103 755 1136 morbo

52 1156 142 1197 detentus,
150 1155 195 1188 vidit
203 1155 294 1188 Mellitum
301 1154 437 1198 pontificalibus
446 1154 530 1188 indutum
539 1155 573 1188 sibi
583 1159 643 1188 astare
654 1165 674 1187 ac
683 1154 755 1188 dicere:

53 1207 94 1250 ‘Te,
104 1207 166 1250 inquit,
176 1208 211 1242 iarn
223 1207 311 1250 sospitem
322 1208 345 1241 ab
356 1207 391 1241 hoc
401 1206 448 1240 lecto
458 1206 567 1251 egritudinis
578 1206 627 1241 iubet
639 1217 715 1251 surgere
727 1207 755 1241 cui

52 1261 94 1294 data
103 1264 132 1293 est
142 1258 199 1303 gratia
209 1259 308 1295 curationis
318 1263 359 1294 tue?
380 1260 411 1294 Ad
420 1260 467 1295 hanc
475 1270 539 1295 vocem
547 1259 601 1294 miles
610 1270 666 1295 sanus
674 1260 755 1303 effectus,
765 1268 784 1290 ²⁰

53 1314 93 1357 quis
101 1313 136 1348 sibi
144 1324 251 1348 succurrere
258 1313 342 1358 dignatus
350 1313 374 1348 sit
381 1313 481 1357 inquisiuit.
504 1313 527 1347 Et
535 1313 565 1347 ille
573 1325 577 1348 r
589 1313 657 1358 ί[Ιρεεὶ]
663 1313 674 1353 ⁸,
679 1313 709 1356 ait,
714 1324 756 1348 sum

54 1366 139 1409 Mellitus,
147 1366 178 1410 qui
190 1367 242 1400 beato
250 1366 354 1410 Augustino
364 1367 383 1399 in
394 1366 500 1410 pontificatu
511 1366 593 1399 successi
604 1366 679 1399 tertius!
725 1360 757 1400 Iu-

53 1419 105 1452 uenis
120 1418 194 1463 quidam
207 1418 310 1460 Cantuarie,
321 1418 401 1462 simplex
416 1424 435 1452 et
450 1419 544 1452 neminem
558 1418 629 1459 ledens,
641 1423 659 1452 et
674 1418 697 1452 de
713 1430 757 1462 pos-

54 1471 137 1505 sessione
152 1482 186 1504 sua
201 1472 313 1515 pauperibus
328 1471 447 1513 distribuens,
462 1471 535 1504 beatum
551 1470 641 1504 Mellitum
655 1470 674 1504 in
690 1481 758 1515 magna

54 1523 172 1558 veneratione
184 1523 267 1558 habebat.
295 1523 373 1558 Coactus
389 1524 464 1557 demum
478 1523 502 1556 ab
516 1521 580 1557 amicis
592 1534 669 1557 uxorem
685 1524 757 1566 ducere,
767 1533 785 1563 25
811 1566 813 1570 .

55 1586 88 1619 per
106 1580 163 1610 totam
180 1581 253 1610 noctem
268 1576 317 1610 curis
334 1581 352 1610 et
367 1576 468 1620 questubus
486 1576 568 1610 animum
587 1575 658 1610 affecit⁷
673 1587 706 1610 cur
724 1576 758 1611 hec

54 1628 126 1663 vincula
137 1629 227 1663 induerit⁸
234 1629 265 1673 qui
274 1629 321 1663 liber
332 1634 375 1671 erat,
384 1635 402 1663 et
413 1629 453 1662 sine
464 1628 533 1663 domini
543 1630 572 1662 sni
582 1635 600 1663 et
609 1630 681 1673 patroni
693 1629 758 1664 Melliti

56 1682 130 1716 consilio
141 1681 175 1715 hoc
186 1682 255 1716 fecerit.
279 1682 367 1716 intactam
377 1686 437 1716 autem
445 1682 535 1726 virginem
544 1681 643 1724 dimittens,
652 1692 706 1717 mane
716 1689 758 1717 ante

55 1740 138 1769 sanctum
151 1734 241 1769 Mellitum
257 1734 320 1769 multis
335 1735 421 1779 precibus
434 1739 452 1769 et
468 1734 552 1779 suspiriis
568 1735 647 1770 salutare
660 1736 717 1779 exigit
729 1746 759 1770 re-

56 1797 149 1830 sponsum.
169 1787 260 1830 Soporato
267 1788 342 1821 tandem
350 1792 425 1821 sanctus
433 1786 489 1819 astitit
495 1787 581 1827 Mellitus,
586 1788 673 1828 hortatur,
681 1788 759 1830 imperat
768 1797 787 1826 30

55 1843 74 1871 vt
85 1848 172 1883 sponsam
181 1849 239 1880 suam,
247 1838 308 1873 debita
319 1840 361 1872 dote
373 1838 450 1881 reddita,
457 1838 564 1883 parentibus
575 1838 661 1874 intactam
670 1840 758 1881 restituat,

56 1895 73 1924 et
87 1891 128 1935 ipse
142 1890 230 1925 castitatis
242 1892 291 1925 viam
303 1902 362 1935 usque
377 1893 396 1924 in
412 1892 468 1926 finem
484 1897 547 1925 tenere
562 1892 640 1926 studeat.
663 1891 759 1938 Euigilans

57 1950 117 1979 autem
130 1944 208 1987 iuuenis,
223 1945 271 1988 quod
287 1945 358 1979 iussum
372 1944 436 1985 suerat,
450 1944 554 1987 quantotius
568 1945 646 1988 implere
660 1945 759 1980 festinauit.

59 1989 104 2031 Post
112 2003 185 2031 centum
193 1997 243 2031 enim
251 1991 308 2031 lustra
315 1997 403 2030 translato
410 2007 487 2040 corpore
496 1998 554 2031 sancti
562 1997 661 2041 Augustini
671 2004 690 2032 et
700 1999 759 2033 socio·

57 2059 97 2084 rum
106 2052 151 2091 eius,
160 2051 233 2094 quidam
244 2050 303 2092 miles,
311 2050 363 2083 cuius
373 2049 446 2083 oculum
457 2048 579 2083 carbunculus
589 2051 703 2093 possederat,
710 2048 760 2084 int'er
769 2062 787 2091 35

57 2102 125 2136 densos
140 2113 209 2135 cuneos
225 2102 319 2134 brachium
335 2101 432 2144 protendit,
445 2106 547 2135 extremam
562 2106 634 2144 partem
649 2102 707 2136 vectis
723 2113 760 2147 quo

58 2152 105 2188 beati
115 2153 179 2188 Meum
191 2154 278 2190 feretrum
289 2153 399 2198 portabatur,
411 2151 489 2187 summis
499 2153 561 2197 digitis
571 2154 651 2198 contigit,
662 2154 761 2200 ipsumque

59 2211 125 2241 tactum
138 2207 191 2251 quasi
206 2206 295 2241 collirium
310 2212 329 2241 et
341 2206 431 2250 optimum
442 2212 557 2250 unguentum
570 2207 654 2241 morbido
667 2209 720 2242 oculo
733 2208 761 2242 in-

58 2258 116 2294 fricuit
124 2271 128 2295 ς
141 2266 159 2295 et
170 2261 231 2295 statim
242 2260 303 2295 sanies
314 2258 401 2304 pestilera
408 2258 490 2301 defluxit,
499 2265 516 2294 et
527 2270 602 2295 omnem
610 2260 693 2295 dolorem
701 2261 761 2296 subita

59 2313 113 2356 satus,
121 2319 140 2348 vt
151 2314 183 2348 lux
193 2314 284 2356 tenebras,
292 2312 385 2357 effugauit.
407 2311 451 2346 Post
461 2313 560 2348 missarum
567 2324 612 2347 uero
620 2314 761 2349 celebrationem
769 2324 789 2354 4⁰

58 2364 181 2410 adiunguntur
188 2366 292 2410 Augustino
304 2365 353 2409 digni
364 2366 474 2408 sacerdotes,
482 2366 533 2409 prior
543 2365 652 2400 Laurentius
663 2377 674 2400 a
685 2367 760 2410 dextris,

59 2421 150 2453 secundus
159 2419 239 2454 Mellitus
247 2429 258 2453 a
265 2418 350 2454 sinistris.

78 2505 83 2523 ¹
95 2506 113 2538 E.
120 2507 221 2545 opertorium.
294 2508 301 2526 ²
310 2507 329 2537 T.
336 2507 354 2536 E.
362 2506 465 2542 negligenter.
536 2507 542 2524 ³
554 2508 572 2536 E.
580 2511 656 2537 nostrum.
726 2507 732 2525 ⁴
743 2508 761 2538 E.

60 2545 151 2617 irrigffierm'
198 2546 294 2578 tantvm.
341 2543 429 2583 ⁶T.1pse;
440 2545 458 2577 E.
467 2545 506 2584 Ego.
552 2545 652 2579 'Reiecit
699 2548 760 2580 ΓΒΕ.

393 2653 424 2677 ΝΞ
