1762 2803
316 128 453 190 {ptoloma
720 145 734 184 9

34 250 101 285 ‘Veni'
130 250 188 284 Porro
203 249 285 283 attendat
299 250 382 293 prudens
397 249 454 283 lector
471 249 519 292 quod
535 248 554 282 in
569 248 604 282 hoc
619 249 686 289 codice,
702 250 736 283 etsi

34 303 168 348 quamplurime
181 307 223 336 sunt
235 302 373 345 anglicanorum
384 301 421 336 vite
432 307 542 341 sanctorum,
550 311 587 335 non
598 307 660 335 tamen
672 312 736 337 omnes

34 357 63 391 hic
70 356 181 398 inseruntur,
186 355 267 390 maxime
275 365 316 390 curn
323 365 378 389 nemo
385 354 438 388 sacile
446 364 511 388 omnes
517 354 644 398 qualicumque
651 354 737 398 indagine

33 410 92 444 valeat
99 408 188 442 inuenire.

56 461 116 496 Huius
127 459 257 494 nichilominus
269 458 361 500 collector,
369 458 410 493 siue
418 459 444 503 (vt
455 458 480 493 ita
491 459 558 502 dicam)
567 463 630 493 auctor
637 459 705 503 operis,
713 459 737 494 ita
746 471 755 501 5

34 524 86 548 suam
96 512 217 557 compilandis
228 517 333 547 sanctorum
345 513 387 546 vitis
396 512 447 547 dedit
457 522 532 556 operam
537 511 548 554 1,
556 517 575 547 vt
586 518 604 547 et
613 512 654 556 ipse
665 518 701 546 tam
712 513 737 556 pii

34 566 96 611 operis
107 566 185 599 sructum
196 565 302 609 percipiatl,
313 571 331 599 et
342 565 382 600 aliis
394 575 467 609 quoque
478 565 502 599 ad
513 575 577 599 eorum
588 565 674 599 meritum
685 566 738 610 plura

34 620 105 663 aliaque
120 619 143 653 ad
158 619 192 652 hec
207 618 287 652 addendi
302 617 406 652 facultatem
422 618 517 663 relinquat.
545 618 583 653 Nec
595 618 701 663 quempiam
715 619 738 653 de

35 677 96 706 cetero
107 681 183 704 mouere
194 671 250 704 debet
261 670 277 704 si
289 681 367 714 presens
375 672 461 705 volumen
472 671 491 704 in
501 670 603 705 assertione
613 672 700 711 locorum,
707 671 738 705 vbi

36 729 140 760 sanctorum
151 734 229 766 corpora
240 723 281 757 siue
293 724 370 767 reliquie
381 724 483 769 quiescunt,
495 723 582 758 omnino³
593 729 611 757 et
622 724 641 757 in
653 724 738 758 omnibus
747 735 766 757 ιο

34 777 105 812 veritati
117 777 164 810 sorte
178 786 215 810 non
229 776 326 810 conueniat
341 782 371 811 aut
384 777 447 812 verius
459 777 537 811 aliorum
551 776 632 821 opinioni
644 787 681 811 non
695 788 738 811 eon-

35 829 109 871 senciat‚
121 840 164 864 nam
174 829 301 873 unusquisque
315 840 372 864 sensu
387 841 421 865 suo
432 831 518 871 abundat,
534 834 553 864 et
567 830 616 873 quod
630 829 664 863 sibi
680 830 739 874 magis

36 883 111 917 euidens
124 882 197 916 videtur
211 882 250 915 suis
265 882 330 916 inserit
344 883 429 927 scriptis;
446 888 506 927 potest
520 883 575 917 etiam
588 892 629 917 esse
642 887 660 917 et
673 883 697 917 de
708 882 738 917 ali-

35 936 100 983 quibus
108 935 177 970 sanctis
185 935 260 971 dubium
268 946 305 971 non
313 941 341 972 est
348 937 392 982 quin
400 947 463 972 eorum
472 948 548 981 corpora
556 942 574 971 et
582 936 658 981 reliquie
665 937 739 971 suerunt

36 991 58 1024 ad
68 989 141 1023 diuersa
150 989 189 1023 loca
200 995 269 1024 mutata
280 990 320 1025 siue
331 991 431 1025 translata*¹
442 991 492 1025 vnde
504 990 546 1024 licet
557 990 630 1024 diuersa
641 990 685 1024 inde
696 996 738 1025 sunt
749 1001 764 1030 ¹5

36 1041 108 1086 scripta,
121 1047 199 1086 possunt
213 1047 275 1077 tamen
289 1044 391 1078 secundum
404 1043 493 1088 temporis
506 1043 631 1078 diuersitatem
645 1042 739 1078 continere

35 1095 136 1129 veritatem.
149 1095 190 1129 Hoc
198 1100 260 1130 tamen
265 1107 322 1130 vnum
328 1097 358 1140 pie
366 1097 442 1131 credere
449 1107 554 1140 possumus,
560 1096 616 1130 immo
621 1102 639 1130 et
644 1096 739 1139 debemus,

36 1148 198 1191 quodvbicumque
206 1148 287 1182 locorum
295 1159 359 1183 eorum
368 1155 410 1183 sunt
418 1160 499 1192 corpora,
508 1149 569 1183 anime
577 1159 641 1182 eorum
649 1148 668 1181 in
675 1154 740 1182 eterna

36 1200 72 1233 iam
80 1206 154 1243 recepte
159 1206 202 1234 sunt
210 1200 317 1241 habitacula,
324 1212 360 1244 quo
368 1212 402 1234 nos
409 1202 498 1245 perducat
504 1201 534 1245 qui
543 1206 571 1235 est
579 1200 660 1235 omnium
668 1206 740 1234 sancto·

37 1262 77 1286 rum
85 1252 216 1286 iocundissima
222 1253 263 1288 laus
270 1259 288 1288 et
296 1253 353 1298 gloria
361 1264 421 1289 amen.
439 1254 462 1288 Et
467 1255 510 1298 quia
517 1253 576 1288 maior
582 1264 626 1297 pars
634 1258 739 1287 sanctorum
749 1264 767 1285 το

36 1304 55 1338 in
63 1305 98 1339 hac
105 1305 188 1349 presenti
196 1306 275 1349 legenda
282 1306 318 1340 iam
326 1306 399 1341 nouiter
406 1305 497 1351 impressa
505 1304 709 1342 contentorum‘suerunt
717 1307 740 1342 de

37 1357 71 1392 ista
80 1357 139 1402 patria
146 1369 182 1402 que
192 1369 241 1393 nunc
248 1359 316 1403 Anglia
322 1366 403 1401 vocatur,
411 1366 441 1394 aut
451 1371 492 1394 cum
500 1360 600 1395 vocabatur
607 1359 702 1393 Britannia
709 1360 739 1393 vel

36 1416 133 1454 postquam
141 1422 209 1446 nomen
217 1412 285 1456 Anglie
295 1413 359 1446 sortita
366 1419 395 1447 est
402 1413 420 1446 in
429 1424 451 1447 ea
461 1413 498 1447 nati
505 1413 535 1448 vel
544 1412 647 1454 conuersati
655 1425 659 1452 ;
671 1417 690 1446 et
697 1412 739 1456 quia

37 1462 120 1498 similiter
130 1464 213 1508 predicte
219 1465 239 1509 (t)
251 1470 300 1500 terre
313 1465 410 1509 Hffiernie,
418 1465 484 1509 Scotie,
492 1471 510 1500 et
517 1465 585 1500 Wallie
596 1466 620 1500 de
629 1465 670 1500 iure
681 1465 738 1501 subici

37 1517 104 1551 debent
121 1523 139 1552 et
154 1518 262 1554 obedientes
279 1529 322 1554 esse
338 1524 425 1554 tenentur
441 1519 483 1554 huic
498 1530 556 1564 regno
574 1518 646 1563 Anglie,
661 1531 740 1563 presens
749 1529 766 1558 25

37 1571 122 1656 pplumen
130 1572 179 1606 istud
186 1573 212 1614 (vt
217 1572 296 1615 videtur)
303 1583 340 1606 non
346 1572 448 1616 incongrue
453 1572 515 1607 vocari
523 1577 584 1617 potest
592 1572 654 1606 ‘Noua
662 1572 739 1617 legenda

56 1623 115 1667 nglie.’

332 1752 444 1787 TABULA.

201 1797 205 1814 1

78 1840 91 1869 Ε
101 1844 157 1870 saneto
163 1840 235 1872 Adriano
245 1842 301 1873 abbate
311 1846 327 1872 et
337 1851 374 1872 con·
405 1842 430 1871 De
437 1846 492 1872 sancto
499 1841 589 1881 Augustino
596 1842 673 1881 episcopo
680 1847 696 1873 ct
704 1852 740 1873 con·

88 1887 159 1926 sessore‘
445 1891 506 1920 sessore

39 1932 63 1962 De
70 1938 125 1965 sancto
132 1935 174 1965 Aido
182 1935 217 1965 siue
223 1936 287 1966 Aidano
294 1936 350 1966 abbate
406 1936 431 1966 De
442 1940 496 1966 sancto
508 1936 621 1966 Bartholomeo
631 1945 679 1966 seruo
689 1937 714 1967 dei
725 1941 741 1966 et

39 1980 374 2020 DesanetoAidanoepiscopoetconses-
445 1984 522 2013 monacho
564 1990 566 1995 ⁴

78 2038 114 2058 sore
406 2030 431 2059 Dc
444 2034 499 2060 saneto
512 2030 600 2061 Benedieto
614 2030 670 2060 abbate
684 2040 741 2068 cogno·

39 2074 63 2104 De
70 2080 125 2106 sancto
131 2076 193 2106 Albano
201 2081 269 2114 martyre
446 2082 500 2108 mento
511 2077 570 2116 Biscop

40 2121 64 2152 De
75 2128 131 2154 sancto
141 2124 214 2154 Aldelmo
225 2124 301 2162 episcopo
311 2129 327 2154 et
338 2134 374 2154 eon·
406 2125 430 2154 De
437 2125 523 2155 venerabili
530 2125 574 2154 Beda
579 2123 667 2162 presbitero

78 2172 139 2202 sessore
405 2172 431 2201 De
441 2176 497 2202 saneto
508 2172 581 2209 Benigno
591 2172 667 2209 episcopo
678 2176 694 2201 et
704 2180 741 2201 con·

39 2216 64 2246 De
75 2224 130 2249 sancto
143 2219 203 2249 Alredo
215 2220 272 2248 abbate
285 2223 301 2248 et
314 2218 374 2249 conses—
446 2219 507 2248 sessore

80 2274 117 2296 sore
407 2264 432 2293 De
439 2269 494 2294 saneto
503 2264 576 2293 Bernaeo
583 2263 675 2293 consessore

40 2311 64 2342 Dc
71 2318 125 2344 sancto
132 2313 226 2352 Amphibalo
234 2318 302 2350 martyre
374 2351 376 2356 Ι
407 2312 432 2340 De
440 2317 495 2341 sancto
506 2312 562 2340 Birino
571 2312 646 2349 episcopo
655 2315 672 2340 et
681 2311 741 2340 conses·

41 2359 65 2389 De
72 2365 128 2391 saneto
135 2361 212 2391 nnseimo
219 2360 339 2398 archiepiscopo
446 2368 482 2388 sore

40 2406 64 2436 De
70 2413 125 2438 sancto
129 2410 208 2440 Audoeno
213 2410 289 2448 episeopo
294 2412 309 2439 et
314 2407 374 2439 conses-
407 2406 432 2435 De
439 2411 494 2436 sancto
501 2405 583 2435 Bonisaeio
591 2406 668 2444 episcopo
677 2411 694 2435 et
702 2415 742 2435 mar-

80 2465 118 2486 sore
221 2482 223 2484 .
447 2458 483 2490 tyre

60 2537 66 2556 ¹
77 2537 95 2567 E.
102 2547 171 2575 aperam.
302 2554 304 2556 -
337 2535 344 2553 ²
353 2535 371 2566 E.
379 2535 460 2573 parcipiat.
631 2533 638 2552 ³
649 2534 667 2565 E.
674 2536 743 2572 omniuo.

41 2574 46 2592 ⁴
58 2576 64 2606 l
72 2578 117 2607 leave
124 2582 151 2607 out
159 2579 186 2607 the
192 2577 315 2607 solio-numbers.
