1762 2803
113 152 155 182 212
304 140 383 193 mota
399 137 514 201 bromos
530 135 622 199 unalia

113 260 192 305 imperat
200 265 219 296 vt
227 261 323 297 ecclesiam
331 267 393 306 petant
401 267 419 296 et
427 261 520 296 commissi
528 261 603 296 sceleris
613 260 676 305 culpas
686 259 785 304 penitendo
793 270 814 294 ac

114 314 187 348 fletibus
201 315 291 349 abluendo
304 316 371 349 lauent.
393 315 512 350 Currentibus
526 314 561 349 illis
576 315 599 348 ad
615 313 717 355 eeclesiam,
731 318 749 347 et
764 313 814 347 iores

114 367 219 401 obserratas
231 368 369 411 reperientibus,
378 368 462 401 tribunus
475 368 552 401 militum
564 378 605 401 cum
617 367 655 400 suis
663 365 740 408 vestigia
750 375 814 398 eorum

115 421 230 463 sequebatur.
252 420 321 454 Orante
329 431 373 454 vero
382 420 495 455 Columbano
506 421 560 455 deum
568 426 587 454 vt
598 430 631 454 sua
640 419 707 454 virtute
716 429 727 452 a
737 418 814 452 vinculis

97 478 188 515 fiereptos
202 473 300 506 satellitum
312 473 368 506 nerui
380 474 441 507 denuo
452 474 499 507 tradi
511 484 548 507 non
561 472 618 507 sinat:
636 472 674 506 Nec
688 482 744 513 mora,
755 471 815 504 ianuis

114 525 200 558 diuinitus
212 524 304 567 reseratis,
317 530 335 559 et
348 525 412 569 positis
428 524 447 559 in
459 525 543 570 angustia
556 524 650 569 ingressis,
662 524 711 559 sores
724 524 743 558 in
757 524 815 557 oculis

114 577 192 611 militum
200 579 269 622 absque
280 579 360 612 humana
370 589 426 612 manu
434 579 481 612 dicto
489 578 542 613 citius
553 579 655 612 obserrari¹
663 579 753 612 videntur.
776 577 815 610 Nec

114 631 210 675 quisquam
219 641 275 666 ausus
283 637 311 666 est
319 631 403 665 iniun'am
413 631 473 665 facere
484 642 530 676 quos
540 631 602 665 diuina
609 630 666 665 virtus
676 630 746 665 meritis
757 629 815 664 sancti

113 684 148 718 viri
158 685 181 719 ab
189 684 278 728 angustiis
286 685 311 719 sic
320 685 440 729 dignatusest
449 684 532 719 liberare.
578 678 674 729 Regresso
682 689 724 729 post
732 685 765 718 hec
773 694 815 718 cum

87 752 105 773 ιο
115 738 153 771 suis
164 738 187 771 ad
199 738 330 772 monasterium
338 739 377 772 viro
387 738 422 779 dei,
432 738 548 772 Brunchildis
560 743 578 771 et
585 737 716 779 Theodericus,
724 737 815 771 atrocibus

113 790 141 823 ire
148 790 227 824 stimulis
235 791 301 834 agitati,
309 790 387 824 militum
395 791 488 824 cohortem
496 801 570 825 rursum
577 792 637 825 virum
645 790 675 824 dei
683 790 790 824 abstrahere
798 795 816 823 et

115 843 138 878 ad
153 843 251 888 pristinum
266 844 341 878 erilium
357 845 445 879 reducere
461 844 528 878 iubent.
552 844 653 878 Residente
668 844 781 877 Columbano
796 843 815 876 in

115 897 161 930 atrio
176 897 253 930 ecclesie
268 902 286 930 et
301 898 320 930 in
335 897 381 930 libro
395 898 473 939 legente,
487 897 550 940 septal
565 898 670 931 monasterii
686 901 785 940 peragrant
798 901 816 930 et

114 948 182 993 ubique
197 948 310 993 perquirunt.
332 948 368 982 Vbi
383 959 425 982 cum
440 960 486 992 sepe
498 950 593 983 venissent
608 953 626 983 et
640 959 698 993 prope
711 949 770 982 virum
786 947 816 981 dei

89 1010 106 1041 15
116 1004 220 1044 transirent,
226 1004 344 1046 nonnullique
352 1002 370 1035 in
379 1004 418 1036 eius
426 1003 504 1046 pedibus
512 1003 627 1037 offenderent
634 1004 692 1047 pedes
700 1014 749 1044 suos,
755 1001 816 1046 ipsum

116 1054 179 1089 videre
191 1055 296 1098 nequibant.
317 1055 373 1089 Venit
385 1065 429 1098 ergo
440 1054 529 1095 tribunus,
541 1055 654 1099 intuitusque
665 1065 699 1098 per
711 1055 816 1095 fenestram,

116 1108 161 1142 vidit
171 1107 304 1142 Columbanum
315 1109 411 1142 sedentem
423 1108 494 1152 legere:
509 1113 527 1142 et
538 1109 623 1143 virtutem
635 1107 664 1142 dei
676 1107 748 1150 timens,
760 1106 816 1141 dixit:

117 1160 253 1204 ‘Nequaquam
261 1161 324 1204 inquit,
332 1161 412 1204 amplius
418 1161 500 1196 insanie³
508 1172 570 1195 errore
578 1172 609 1195 cor
617 1167 698 1195 vestrum
705 1160 816 1204 decipiatur,

116 1223 153 1246 non
161 1213 211 1246 enim
219 1214 302 1247 inuenire
309 1213 374 1247 valetis
382 1224 437 1258 quem
444 1213 503 1248 virtus
511 1214 573 1247 diuina
582 1214 604 1247 ab
613 1213 670 1247 oculis
678 1215 746 1247 nostris
754 1218 816 1256 tegere

89 1277 108 1298 20
116 1266 205 1310 dignatur.
228 1266 334 1301 Redeamus
342 1277 391 1310 erg0‚
397 1271 415 1300 et
423 1267 471 1310 quod
480 1277 522 1300 eum
530 1266 613 1300 inuenire
621 1277 659 1300 non
666 1276 771 1310 possumus
778 1267 817 1310 regi

116 1320 203 1353 nunciare
215 1321 311 1354 curemus!
335 1320 370 1354 His
381 1319 447 1354 auditis
459 1319 541 1354 offensus
553 1330 592 1362 rex,
600 1321 686 1353 comitem
697 1320 817 1353 Bercharium

117 1376 135 1405 et
147 1371 280 1414 Baudulphum,
291 1383 346 1416 quem
357 1368 409 1415 prius
421 1372 517 1413 direxerat,
528 1366 570 1405 cum
582 1372 644 1406 multis
656 1372 758 1406 destinauit.
782 1372 817 1414 Qui

116 1424 190 1457 beatum
199 1425 289 1458 virum'in
301 1425 379 1458 ecclesia
390 1435 431 1458 cum
444 1425 481 1459 suis
492 1425 600 1468 psallentem
610 1429 628 1458 et
639 1424 716 1459 orationi
726 1424 817 1459 intentum

116 1476 237 1519 inuenientes,
245 1477 341 1513 dixerunt:
354 1478 396 1512 ‘Vir
406 1478 440 1521 dei,
449 1489 546 1522 precamur
555 1482 574 1512 vt
584 1483 621 1512 tam
632 1478 687 1522 regiis
698 1488 752 1521 quam
763 1479 817 1511 etiam

90 1542 108 1573 ²5
118 1530 185 1564 nostris
199 1531 273 1564 obedias
286 1532 384 1574 preceptis,
398 1540 522 1574 egressusque
535 1530 599 1564 itinere
613 1541 649 1574 quo
662 1531 728 1564 venisti
741 1532 817 1575 pergas.¹

119 1583 142 1617 Et
157 1583 198 1618 ille:
215 1584 272 1625 ‘Nom
285 1583 348 1627 inquit,
362 1595 404 1618 reor
419 1584 491 1627 placere
507 1584 546 1625 deo,
560 1583 617 1618 semel
633 1583 687 1618 natali
703 1583 742 1618 solo
755 1583 818 1618 relicto

118 1636 219 1680 repedare.¹
242 1637 309 1671 Comes
325 1648 374 1680 ergo,
390 1637 457 1671 relictis
476 1636 515 1670 aliis
531 1636 597 1681 quibus
614 1647 668 1670 mens
683 1637 759 1670 ferocior
774 1642 817 1679 erat,

118 1689 223 1723 abscessit*¹
247 1689 305 1733 Igitur
319 1690 350 1733 qui
365 1689 423 1723 relicti
436 1690 512 1732 fuerant,
527 1689 608 1733 undique
624 1695 700 1734 vrgente
715 1689 817 1732 formidine,

118 1742 194 1785 pallium
205 1752 241 1785 quo
248 1742 276 1776 vir
283 1742 312 1776 dei
321 1748 359 1776 erat
368 1743 448 1784 indutus,
456 1743 551 1785 attingunt,
559 1747 577 1775 et
585 1743 662 1786 genibus
674 1742 765 1785 prouoluti
776 1753 818 1777 cum

91 1806 110 1837 30
118 1795 217 1840 lachrymis
229 1800 328 1838 precantur
338 1800 357 1830 vt
369 1806 402 1839 pro
414 1795 458 1829 tanti
470 1795 545 1830 sceleris
557 1796 610 1840 culpa
621 1796 657 1829 illis
668 1796 777 1840 ignosceret,
787 1796 818 1840 qui

118 1859 156 1882 non
171 1850 209 1882 suis
221 1848 323 1891 desideriis,
336 1849 369 1883 sed
384 1848 439 1892 regiis
452 1848 612 1893 obtemperarent⁵
627 1850 724 1894 preceptis.
747 1849 818 1883 Videns

118 1907 179 1935 autem
191 1901 220 1935 vir
230 1901 260 1935 dei
271 1901 373 1944 periculum
384 1902 460 1935 aliorum
469 1901 513 1943 sore,
524 1903 539 1935 si
555 1913 587 1936 sue
600 1903 693 1936 seueritati
705 1902 754 1936 non⁶
764 1903 817 1937 satis-

62 1948 64 1950 ’
117 1953 190 1996 faceret,
195 1964 237 1988 cum
243 1954 324 1988 omnium
331 1954 398 1988 eiulatu
406 1959 460 1998 atque
468 1965 540 1989 merore
546 1955 642 1999 egreditur,
648 1955 711 1989 dicens
719 1968 722 1989 :
735 1955 818 1998 ‘Eterne,

117 2007 180 2052 inquit,
190 2008 272 2042 conditor
282 2018 352 2052 regum,
362 2013 381 2041 tu
392 2008 444 2042 nobis
456 2008 516 2042 locum
527 2019 605 2052 prepara
616 2013 732 2052 oportunum,
741 2020 776 2052 quo
786 2008 819 2043 tibi

91 2066 109 2095 35
117 2061 181 2103 plebes
193 2066 223 2094 tue
235 2060 306 2103 possint
318 2061 337 2093 in
348 2062 410 2094 secula
421 2061 513 2095 famulari)
536 2061 628 2105 Additque
639 2067 658 2096 vt
670 2062 701 2104 qui
712 2072 755 2095 eum
767 2062 819 2106 sequi

117 2114 185 2146 vellent
194 2114 217 2145 ad
225 2112 342 2146 sustinendas
352 2123 415 2146 secum
423 2113 503 2155 iniurias,
511 2113 604 2156 venirent;
617 2118 634 2146 et
643 2113 673 2157 qui
681 2114 700 2146 in
708 2114 819 2147 monasterio

118 2170 239 2207 remanerent,
246 2165 281 2200 cito
287 2165 381 2200 dominum
388 2167 410 2200 de
417 2176 480 2200 eorum
487 2176 558 2200 merore
563 2166 660 2201 ultionem⁷
667 2166 752 2201 daturum
757 2166 819 2201 animo

118 2218 207 2253 constanti
217 2222 340 2264 expectarent.
386 2212 480 2263 Egressus
492 2230 535 2263 ergo
543 2218 571 2253 vir
579 2218 613 2261 dei,
621 2218 709 2253 vicesimo
719 2229 767 2252 anno
777 2224 819 2263 post

117 2272 215 2307 incolatum
224 2272 294 2306 heremi
304 2272 357 2314 illius,
368 2272 418 2306 iuxta
427 2273 547 2306 AuallonemE
558 2278 638 2306 castrum
649 2272 720 2305 custodi
730 2283 819 2315 equorum

89 2330 110 2360 40
117 2325 226 2360 Theoderici
234 2325 316 2368 occurrit,
325 2325 356 2368 qui
367 2325 430 2359 lancea
439 2325 490 2359 illum
498 2330 593 2369 percutere
602 2329 689 2368 temptat:
702 2325 735 2358 sed
743 2325 820 2360 dextera

117 2389 172 2422 quam
180 2378 250 2412 leuarat
258 2384 347 2423 torpente,
355 2379 418 2413 lancea
426 2378 495 2421 cecidit,
504 2384 522 2412 et
533 2378 573 2422 ipse
582 2379 660 2412 demone
669 2383 768 2421 correptus,
777 2384 819 2413 ante

118 2430 194 2475 vestigia
203 2431 237 2466 viri
248 2431 278 2466 dei
289 2432 335 2474 ruit;
347 2431 377 2466 die
388 2438 450 2467 tamen
460 2432 539 2467 crastina
551 2442 606 2476 prece
618 2430 675 2464 sancti
685 2431 708 2464 ad
719 2441 819 2466 suasanus

118 2485 175 2517 rediit.
220 2478 326 2519 Duodecim
337 2486 386 2519 viros
397 2497 408 2519 a
420 2486 528 2519 demonibus
539 2490 622 2528 arreptos
631 2494 668 2532 una
679 2484 708 2517 die
720 2495 753 2518 sua
764 2496 820 2528 prece

138 2556 172 2587 1Τ.
181 2556 198 2587 Ε.
206 2557 291 2589 obserrare.
331 2557 366 2589 ²13.
374 2563 423 2597 cepta.
470 2558 504 2588 3Ε.
512 2557 572 2587 insane.
624 2555 658 2587 4Ε.
666 2556 738 2588 abcessit.
784 2558 818 2589 ⁵13.

118 2597 239 2634 obtemptarent.
285 2599 392 2629 ⁶om.inVit.
439 2597 589 2628 ⁷Vitunctionem.
637 2597 812 2629 ⁸T.E.Cauallonem.
