1762 2803
58 185 60 191 ἢ
90 115 119 168 46
282 113 361 168 mona
377 109 493 173 hermon
508 110 601 174 anolo.

91 235 214 279 plexatusest.
238 227 792 280 SingulisautemannissemelautbisapudWithamvenire

92 290 190 331 consueuit,
198 290 229 322 vbi
237 299 288 323 more
296 289 373 323 aliorum
381 289 399 322 in
409 289 455 323 cella
462 289 543 323 solitaria
550 289 641 330 manebat,
648 299 684 332 que
693 298 768 332 semper
776 288 793 322 ei

91 343 161 385 absque
171 342 271 376 habitatore
281 351 339 376 vacua
350 341 469 383 seruabatur3
481 341 500 375 in
513 352 548 384 qua
560 341 683 375 meditabatur
696 345 714 375 et
725 341 793 381 orabat,

92 393 207 428 reficiebatur
215 394 254 428 cibo
262 398 280 428 et
287 404 386 437 sompnum
391 392 479 437 capiebat.
503 393 549 427 lnde
554 395 577 428 ad
582 394 674 439 publicum
682 394 793 438 quandoque

75 446 218 492 5progrediens,
231 447 329 482 celestibus
343 448 477 492 quodammodo
493 448 548 482 radiis
559 459 583 482 ex
595 448 687 482 consortio
699 447 791 482 sermonis

92 500 162 535 domini
169 506 263 535 cornutam
271 512 336 544 gerere
340 501 435 536 videbatur
442 501 513 535 faciem.
548 493 598 536 Cum
606 505 667 535 autem
676 501 755 545 quodam
764 500 793 534 die

92 554 163 588 sabbati
171 555 219 598 apud
227 554 340 588 Bukkedene
345 553 356 596 ¹,
365 553 466 588 manerium
477 564 536 595 suurn,
544 555 621 588 missam
632 553 738 594 celebraret,
746 552 795 588 inter

92 616 158 640 manus
166 607 205 640 eius
213 606 271 640 hostia
279 606 350 640 eleuata
361 606 380 639 in
387 617 452 640 verum
462 617 529 650 corpus
537 606 605 640 Christi
616 616 627 640 a
635 607 714 650 quodam
722 606 794 646 clerico,

93 658 175 693 iohanne
182 659 272 702 nomine²,
279 669 368 693 conuersa
376 658 453 693 videtur.
469 659 561 702 Apparuit
569 658 618 693 enim
626 659 645 692 in
653 659 711 692 forma
720 658 794 691 infantis

66 724 85 746 ιο
93 711 169 757 paruuli,
183 710 244 746 diuino
257 712 336 756 quodam
352 710 411 745 nitore
426 717 481 755 atque
494 712 574 745 candore
589 722 646 756 super
659 711 794 746 estimationem

93 764 173 799 hominis
181 763 257 799 nimium
265 765 331 799 decori.
355 764 414 798 Finita
422 763 484 804 missa,
490 763 567 799 accessit
573 765 596 799 ad
603 764 717 808 episcopum,
724 771 794 798 secrete

93 818 168 851 dicensi
180 817 275 859 ‘Domine
286 817 305 850 in
316 816 395 851 crastino
406 822 448 861 post
460 817 527 851 festum
539 818 621 851 omnium
633 812 744 859 sanctorum,
753 828 794 851 cum

93 870 200 914 psalterium
208 870 227 903 in
233 870 310 904 ecclesia
315 872 393 915 quadarn
399 871 522 912 decantarem,
527 882 564 905 uox
569 870 649 914 quedam
654 869 714 904 subito
720 869 795 903 auribus

93 923 140 958 meis
148 923 224 967 illapsa³
231 928 260 958 est
268 924 342 958 dicens:
355 924 365 943 ‘¹
371 923 436 967 Surge,
448 923 511 967 inquit,
520 923 545 957 lili
556 930 574 957 et
584 924 671 967 episcopo
679 922 795 957 lincolniensi

67 990 85 1021 15
94 987 118 1010 ex
123 981 176 1019 parte
182 976 212 1010 dei
218 975 321 1020 quantotius
327 975 411 1010 intimare
417 977 471 1011 stude
476 976 561 1019 quatinus
568 976 715 1010 cantuariensem
722 980 795 1009 moneat

94 1029 191 1071 diligenter
205 1028 350 1072 archipresulem
363 1034 382 1061 vt
396 1028 466 1072 pariter
483 1038 546 1062 secum
558 1027 663 1072 vigilantius
677 1027 759 1062 intendat
771 1027 793 1061 ad

93 1080 222 1124 corrigendum
237 1087 305 1115 statum
320 1081 364 1115 cleri
379 1086 397 1115 et
413 1081 538 1116 ecclesiarum.
561 1081 620 1115 Nimis
636 1081 685 1115 enim
697 1081 796 1115 offenditur

94 1133 155 1168 diuina
163 1133 249 1168 maiestas
257 1144 291 1178 per
296 1144 318 1168 ea
325 1144 360 1178 que
368 1133 494 1169 indesinenter
502 1134 564 1169 fiunta
571 1133 672 1169 rectoribus
677 1133 795 1168 ecelesiarum

93 1193 111 1221 et
119 1186 208 1221 ministris
219 1198 288 1222 earum.
312 1187 421 1221 Sacerdotes
434 1188 484 1222 enim
497 1193 515 1222 et
528 1188 605 1222 aliorum
613 1188 702 1231 graduum
714 1198 794 1231 persone

67 1255 86 1276 20
94 1239 143 1274 omni
151 1240 236 1274 vitiorum
244 1250 318 1284 genere,
327 1239 407 1274 maxime
414 1240 486 1274 luxurie
494 1240 580 1274 sordibus
588 1240 649 1281 fedati,
657 1245 794 1274 sacramentum

93 1292 168 1336 indigne
181 1297 199 1326 et
210 1292 335 1326 irreuerenter
345 1297 450 1334 tractantes,
461 1292 579 1337 quantumin
592 1303 613 1328 se
625 1298 653 1327 est
663 1292 746 1337 polluere
758 1302 795 1326 non

93 1351 186 1379 verentur.
210 1345 292 1380 Ecclesie
307 1346 330 1380 ad
345 1346 446 1389 regendum
461 1345 542 1389 indignis
560 1345 657 1380 traduntur
675 1344 766 1388 personis,
778 1350 796 1379 et

94 1395 145 1432 more
158 1398 264 1442 prediorum
276 1399 299 1432 ad
307 1398 379 1432 firmam
391 1398 523 1442 relinquuntur,
531 1397 626 1442 turpisque
637 1397 682 1432 lucri
693 1397 751 1441 gratia
762 1398 796 1432 sub

94 1451 231 1486 annuo⁴censu
237 1451 319 1486 locantur
325 1452 348 1486 ad
354 1457 439 1496 questum
446 1463 450 1492 ;
460 1452 483 1487 de
488 1462 531 1486 cura
536 1451 638 1486 animarum
644 1456 662 1486 et
667 1450 796 1485 refocillatione

68 1519 87 1548 25
96 1515 197 1549 pauperum
205 1505 266 1538 nullus
275 1509 303 1538 est
311 1515 377 1538 sermo.
400 1504 441 1538 Hec
452 1509 470 1538 et
477 1504 513 1538 hiis
523 1504 589 1538 similia
597 1509 634 1538 tam
642 1504 734 1538 minorum
741 1515 796 1548 quarn

96 1558 185 1592 maiorum
197 1557 297 1601 precordiis
309 1557 431 1591 dominantur.
454 1557 503 1592 Hinc
514 1557 589 1601 grandis
600 1557 650 1591 furor
658 1563 675 1591 et
687 1557 714 1591 ira
722 1557 751 1591 dei
759 1562 796 1591 tam

95 1611 163 1656 populo
175 1610 263 1651 imminet,
274 1621 329 1654 quam
341 1609 432 1644 vnlnersis
444 1610 512 1653 pariter
523 1610 653 1644 habitatoribus
664 1615 713 1644 terre
726 1609 796 1644 huius.”

96 1664 179 1706 Cumque
187 1663 222 1696 hec
230 1663 310 1696 secundo
318 1662 445 1706 audisse[m]⁵‚
453 1667 471 1696 et
482 1664 505 1696 ad
516 1663 591 1696 domum
599 1673 686 1697 reuersus
694 1662 742 1697 lecto
750 1663 796 1706 [m]e

96 1715 204 1759 dedisse[m]
210 1714 221 1757 ⁰,
226 1715 280 1749 tertio
286 1715 351 1750 eadem
356 1715 440 1759 replicari
446 1715 507 1749 audiui
511 1715 523 1749 ⁷.
535 1715 569 1749 Cui
574 1716 635 1749 statim
642 1716 730 1757 respondi
736 1715 742 1734 ⁸
749 1727 753 1748 :
761 1715 797 1748 “Et

69 1782 88 1812 30
96 1769 188 1812 quomodo
195 1767 256 1802 verbis
264 1766 316 1808 meis
322 1766 353 1810 qui
361 1772 408 1801 etate
416 1772 434 1801 et
442 1767 512 1801 ratione
520 1767 604 1800 infirmus
612 1778 658 1809 sum,
664 1767 720 1800 fidem
728 1767 797 1801 habere

96 1820 162 1865 poterit
169 1821 190 1855 ll
213 1819 265 1853 Tunc
273 1818 289 1853 is
297 1820 327 1864 qui
338 1821 446 1865 loquebatur
457 1820 493 1855 ait:
506 1820 587 1855 “Fidem
596 1821 659 1855 verbis
670 1820 706 1854 tuis
718 1820 796 1863 habebit,

96 1885 137 1910 curn
144 1884 166 1908 ea
171 1884 207 1922 que
214 1884 270 1918 super
276 1874 332 1908 altare
337 1885 399 1908 coram
405 1873 445 1918 ipso
451 1875 555 1909 celebrante
561 1874 680 1919 perspexeris
687 1873 796 1909 intimabis.”

96 1929 142 1962 Cum
150 1927 200 1962 enim
208 1927 262 1961 hodie
270 1927 326 1962 misse
334 1932 396 1962 vestre
403 1927 518 1971 interessem,
526 1928 545 1962 in
557 1928 643 1962 manibus
650 1927 718 1962 vestris
729 1938 796 1971 corpus

96 1980 165 2015 domini
179 1980 237 2014 nostri
248 1980 304 2013 lhesu
316 1980 384 2014 Christi
395 1982 429 2014 sub
441 1980 503 2024 specie
514 1980 589 2014 infantis
600 1980 672 2024 paruuli
679 1981 690 2021 ⁹,
701 1979 730 2013 bis
742 1990 798 2024 supra

69 2044 87 2075 55
96 2033 171 2068 calicem
184 2031 255 2067 avobis
268 2032 364 2075 eleuatum,
376 2032 456 2077 indignis
468 2034 510 2068 licet
522 2033 579 2068 oculis
589 2032 685 2068 euidenter
698 2032 798 2076 conspexi?

97 2086 138 2119 Hec
146 2085 222 2118 clericus
230 2085 260 2117 ille
269 2085 367 2118 ssuentibus
379 2095 413 2128 per
424 2096 480 2128 genas
491 2085 585 2119 lachrimis
592 2085 743 2128 prosequebatur.
765 2083 799 2118 Vir

96 2137 176 2172 autem¹⁰
183 2136 252 2170 domini
259 2137 338 2170 ubertim
349 2136 397 2171 inter
408 2137 442 2171 hec
453 2137 514 2179 flebat,
522 2143 540 2172 et
547 2144 646 2182 extergens
658 2137 721 2171 oculos
731 2137 798 2179 clerici,

97 2189 189 2225 osculatus
201 2195 229 2224 est
241 2200 288 2232 eum,
300 2189 373 2224 dicens:
387 2189 445 2224 ‘Nulli
455 2190 534 2233 omnino,
543 2202 578 2235 que
589 2190 651 2225 vidisti
662 2191 745 2225 reuelare
755 2202 798 2235 pre-

97 2244 170 2278 sumas!
190 2242 433 2286 Pretereadiligentiuseum
440 2244 509 2278 hortari
517 2243 708 2288 studuitvtreligionis
716 2244 798 2278 habitum
817 2258 818 2261 ¹

69 2309 89 2340 40
97 2295 200 2340 suscipiens
215 2296 250 2330 deo
262 2296 332 2330 seruire
343 2301 381 2330 tota
393 2302 455 2331 mente
467 2302 571 2332 maturaret.
593 2297 695 2331 Asserebat
707 2308 744 2331 non
757 2308 799 2331 esse

98 2349 210 2384 conueniens
217 2353 237 2383 vt
245 2348 275 2392 qui
286 2348 329 2382 talia
336 2348 412 2383 vidisset
424 2355 442 2383 et
453 2350 540 2392 audisset,
548 2350 567 2383 in
576 2350 633 2383 seculi
640 2349 720 2384 vanitate
728 2350 798 2384 versari

98 2404 178 2445 deberet,
201 2401 237 2444 Qui
245 2401 319 2436 monitis
331 2402 371 2435 eius
379 2401 497 2445 acquiescens
505 2408 523 2436 et
531 2403 652 2437 monasticum
664 2402 746 2437 habiturn
758 2414 798 2437 sus-

117 2480 283 2518 1=Bugden‚l·1unts.
324 2480 518 2512 llohnom.om.invit.
559 2481 658 2518 uRelapsa.
699 2480 799 2511 ⁴E.animo.

98 2520 241 2597 ioTakllduqitildliesset.
279 2520 396 2551 “sededisset
431 2520 511 2551 'audiuit
548 2519 649 2558 ⁸respondit.
690 2519 799 2559 ⁹E.peruuli.
