1762 2803
103 103 131 145 *a
310 99 390 151 mona
405 95 522 160 deumne
536 98 630 161 fluuio.

120 221 193 258 monitis
201 232 212 256 a
219 222 270 265 lapsu
278 219 410 265 desperationis
416 219 493 264 erigere,
500 219 573 255 dicens:
586 220 644 265 ‘Noli,
650 220 712 266 inquit,
717 220 743 255 fili
751 219 820 255 charis·

120 276 172 317 sime,
185 276 208 310 de
221 274 288 310 Christi
297 274 377 309 bonitate
387 273 481 308 diffideret
493 273 509 308 si
522 273 607 308 dominus
617 274 649 308 tibi
661 276 684 309 ad
696 279 768 318 tempus
779 274 820 308 abs-

121 330 161 365 tulit
169 329 289 364 substantiam
296 328 420 372 temporalem,
426 332 484 360 totum
491 327 526 360 hoc
534 326 565 360 tibi
572 327 639 360 cedere
646 327 699 361 faciet
706 329 729 360 ad
737 327 820 360 salutem.

122 381 199 417 Celestis
212 382 297 425 equidem
310 380 391 415 medicus
404 390 441 414 non
454 389 528 423 semper
541 379 609 421 dulces,
617 379 651 412 sed
662 390 735 413 amaras
746 378 822 423 porrigit

105 434 211 479 5potiones.
238 433 258 468 Si
269 439 287 468 te
299 433 384 477 corripuit
395 433 484 475 dominus,
494 432 565 466 sustine
576 432 672 475 patienter.
694 432 776 466 Viriliter
787 442 821 475 age

123 493 141 522 et
149 487 260 521 confortetur
268 492 367 522 cortuum:
380 487 439 520 bonus
446 491 475 520 est
480 485 565 519 dominus
573 484 689 529 sperantibus
696 485 715 519 in
721 495 746 519 se.
770 485 822 519 Scias

123 541 165 585 quia
173 540 224 574 oraui
231 551 265 584 pro
273 545 301 574 te:
314 545 332 575 et
339 540 358 574 in
365 539 449 583 proximo
457 538 510 574 faciet
518 537 603 573 dominus
611 538 634 572 de
642 538 796 582 persequentibus
804 543 822 572 te

124 592 221 636 iudicium3
234 604 272 627 non
286 594 305 627 in
321 603 363 626 arcu
376 603 411 626 nec
427 592 446 625 in
460 591 525 636 gladio,
539 593 571 626 sed
586 591 605 625 in
621 590 650 625 dei
662 591 733 633 virtute,
750 601 787 625 non
803 590 822 623 in

125 645 222 680 sudoribus
229 645 304 687 bellicis,
312 646 345 680 sed
353 645 372 679 in
380 644 471 679 lachrimis
481 650 499 679 et
507 644 618 679 orationibus
626 644 672 678 meis
680 655 726 687 quas
733 643 765 678 tibi
773 653 823 677 com-

99 712 117 732 ro
125 698 234 742 patiendoin
243 698 299 732 oculis
304 698 385 732 altissimi
392 698 452 740 effudi,
458 698 483 731 tui
489 697 541 741 regni
549 697 614 731 solium
620 702 638 731 et
645 696 721 741 gloriam
727 694 824 730 obtinebis.

126 750 214 785 Morietur
225 750 244 784 in
257 750 340 794 proximo
351 750 382 793 qui
395 755 413 784 te
426 751 547 793 persequitur,
557 755 575 784 et
588 750 674 793 superbia
686 760 750 783 eorum
761 748 793 792 qui
806 753 824 782 te

126 804 203 838 oderunt
210 803 233 837 ad
241 802 317 837 nihilum
323 803 413 847 deueniet,
419 808 506 847 tanquam
512 813 559 847 aqua
566 803 671 838 decurrens.
693 802 721 837 Tu
727 813 777 844 vero,
783 812 824 836 eum

126 858 157 890 tibi
173 856 283 890 benefecerit
297 858 348 898 deus,
363 856 400 889 noli
414 867 456 889 esse
475 857 566 900 ingratus!
610 849 778 899 Appropinquante
796 854 825 890 die

126 910 185 943 obitus
197 909 230 949 sui,
237 914 301 943 vocato
312 908 415 942 Bertelino¹
424 910 447 941 de
455 919 490 950 quo
502 908 614 941 mentionem
625 913 668 941 ante
679 908 760 946 fecimus,
769 906 824 940 dixit:

100 973 118 1002 15
126 961 167 994 ‘Ad
175 961 257 994 laborum
264 970 351 1000 meorum,
358 960 390 1001 fili,
397 959 486 1002 stipendia
490 960 537 993 vado
544 971 548 1001 ;
561 960 629 993 bonum
637 964 665 993 est
672 958 717 992 mihi
725 958 799 992 dissolui
807 964 826 993 et

128 1024 169 1047 esse
177 1023 217 1046 cum
226 1012 308 1045 Christo)
332 1011 355 1044 Et
362 1017 404 1054 post
413 1012 469 1044 multa
476 1012 533 1045 verba
540 1011 617 1045 iniunxit
629 1011 645 1044 ei
653 1016 672 1045 vt
680 1021 762 1045 sororem
773 1021 825 1045 suam

128 1064 208 1108 Pegam²
215 1063 331 1097 affectuosius
343 1064 441 1104 salutaret;
452 1069 470 1097 et
482 1063 557 1098 adiecit:
570 1063 667 1107 ‘Rogabis
675 1063 739 1108 inquit,
747 1063 798 1098 illam
806 1069 825 1097 vt

127 1126 193 1161 corpus
205 1126 266 1150 meum
278 1116 359 1160 sepeliat.
382 1116 426 1150 ideo
434 1115 484 1150 enim
492 1115 547 1151 vitaui
558 1122 653 1160 aspectum
661 1116 701 1152 eius
713 1116 732 1152 in
742 1117 776 1151 hac
783 1117 826 1158 vita,

127 1175 145 1203 vt
152 1170 171 1203 in
180 1175 243 1203 eterna
250 1179 284 1203 nos
292 1169 371 1203 inuicem
378 1169 484 1203 videamus!
508 1169 531 1203 Et
539 1168 563 1203 ait
575 1170 598 1203 ad
609 1180 652 1204 eum
663 1170 765 1214 discipulus
774 1170 825 1204 eius:

99 1233 118 1255 20
127 1221 206 1256 ‘Adiuro
215 1226 238 1263 te,
246 1222 309 1266 inquit,
317 1227 375 1266 pater,
383 1232 417 1266 per
425 1221 569 1256 misericordiam
578 1222 651 1264 Christi,
658 1228 678 1257 vt
689 1222 734 1257 mihi
745 1223 827 1267 apertius

126 1275 209 1309 reuelare
221 1275 302 1318 digneris
309 1275 354 1318 quid
366 1275 389 1308 sit
399 1276 448 1319 quod
462 1286 473 1308 a
485 1275 545 1319 prima
558 1275 691 1310 cohabitatione
699 1287 754 1320 quam
767 1282 827 1311 tecum

127 1327 187 1370 habui,
203 1327 279 1370 singulis
295 1328 359 1362 diebus
378 1338 433 1362 mane
450 1332 468 1361 et
483 1339 561 1371 vespere
576 1333 594 1362 te
609 1339 650 1362 cum
667 1328 702 1362 alio
716 1329 827 1372 loquentem,

128 1386 239 1422 mutuosque
254 1390 350 1413 sermones
365 1380 431 1420 audiui,
444 1385 462 1413 et
477 1390 518 1413 eum
531 1390 567 1423 quo
580 1381 637 1413 verba
650 1380 721 1414 faceres
736 1380 828 1425 ignoraui!

127 1435 131 1452 ‘
139 1432 203 1472 instat,
211 1431 270 1474 inquit
281 1432 317 1473 ille,
325 1431 350 1464 fili
359 1431 472 1475 charissime,
481 1431 593 1466 nouissimus
604 1432 648 1466 mihi
660 1432 705 1475 dies,
713 1442 747 1468 nec
755 1433 828 1468 mentiri

101 1498 118 1527 ²⁵
129 1484 209 1529 expedit,
217 1485 248 1528 qui
261 1495 272 1518 a
287 1485 347 1528 prima
358 1484 479 1519 conuersione
490 1494 532 1518 mea
545 1494 599 1519 omne
611 1484 724 1519 mendatium
733 1485 828 1522 declinaui.

130 1538 183 1573 Scias
191 1543 252 1571 autem
260 1549 264 1572 ε
276 1549 300 1571 ex
308 1548 344 1582 quo
352 1538 375 1571 ad
382 1538 430 1571 hanc
441 1538 536 1572 heremum
544 1548 575 1572 me
582 1538 654 1580 contuli,
663 1549 738 1582 semper
748 1549 803 1574 mane
811 1546 829 1574 et

130 1601 209 1634 vespere
217 1591 303 1633 angelum
310 1601 351 1624 mee
357 1590 486 1624 consolationis
492 1590 551 1632 habui,
557 1590 588 1634 qui
593 1591 665 1625 labores
673 1597 691 1625 et
699 1592 829 1636 temptationes

131 1653 182 1677 meas
191 1643 254 1676 celesti
266 1643 329 1677 solatio
340 1644 438 1678 releuabat.
461 1643 568 1678 Predicebat
579 1643 644 1687 futura,
652 1645 788 1680 demonstrabat
799 1648 829 1681 ab·

133 1696 204 1736 sentia,
216 1700 235 1729 et
246 1696 326 1729 archana
338 1696 417 1736 celestia,
428 1706 464 1739 que
478 1706 512 1729 nec
525 1696 567 1729 licet
582 1707 616 1730 nec
630 1696 704 1740 expedit
717 1697 762 1731 mihi
774 1699 829 1742 loqui,

104 1760 123 1788 3⁰
133 1747 197 1781 celitus
205 1746 301 1780 indicabat.
324 1747 364 1780 Hec
372 1753 438 1791 autem,
446 1748 477 1790 fili,
485 1749 519 1781 sub
527 1748 600 1782 silentio
611 1748 679 1790 claude,
687 1759 721 1784 nec
731 1755 830 1793 attemptes

133 1810 155 1832 ea
163 1798 259 1842 cuiquam³
267 1800 376 1841 mortalium,
384 1799 419 1834 nisi
430 1799 488 1834 sorori
496 1810 538 1834 mee
546 1799 595 1844 Pege
604 1806 622 1835 et
630 1800 710 1844 Egberto
718 1803 830 1846 anachorite,

133 1853 170 1884 vllo
182 1861 262 1894 vnquam
276 1857 359 1895 tempore
371 1852 463 1886 reuelare.’
492 1852 538 1886 Cum
551 1853 584 1888 hec
596 1858 615 1887 et
629 1853 664 1888 alia
677 1855 735 1889 multa
748 1855 830 1898 dixisset,

133 1909 183 1938 tanta
194 1904 217 1936 de
228 1914 259 1936 ore
267 1904 325 1946 ipsius
333 1904 394 1938 odoris
402 1905 483 1939 suauitas
490 1906 573 1948 exaiauit,
580 1917 600 1940 ac
607 1906 622 1940 si
630 1907 695 1951 aliquis
703 1907 759 1942 flores
766 1919 830 1944 roseos

134 1955 233 2000 sparsisset
247 1962 277 1991 aut
289 1957 390 1991 balsamum
402 1957 500 1992 effudisset.
522 1959 540 1992 Α
551 1960 611 1993 media
623 1971 696 2005 quoque
707 1967 761 1996 nocte
772 1973 831 2007 vsque

106 2022 124 2053 35
135 2011 159 2045 ad
174 2020 259 2044 auroram
273 2014 329 2045 totam
345 2010 419 2044 domum
432 2012 499 2046 candor
510 2012 555 2047 lucis
566 2014 693 2047 inestimabilis
706 2015 830 2051 circumfulsit.

134 2062 210 2096 Oriente
217 2073 262 2096 vero
273 2062 319 2105 luce,
327 2062 369 2097 dicit
381 2064 403 2097 ad
412 2063 519 2109 discipulum
527 2076 580 2099 suum
589 2066 726 2102 Berthelinum:
739 2068 831 2113 ‘Tempus

135 2121 168 2154 est,
174 2114 238 2158 inquit,
243 2115 274 2158 fili,
279 2121 299 2149 vt
306 2116 329 2149 ad
337 2115 430 2150 Christum
435 2120 537 2152 transeam!
560 2119 583 2153 Et
589 2120 671 2154 extensis
676 2120 699 2154 ad
707 2121 767 2155 celum
773 2122 831 2157 oeulis

135 2173 153 2201 et
165 2166 254 2209 manibus,
262 2167 315 2202 tertio
326 2167 367 2203 idus
379 2169 446 2212 aprilis,
459 2171 568 2205 obdormiuit
579 2172 597 2206 in
609 2173 689 2207 domino,
710 2173 760 2207 Vidit
770 2181 832 2209 autem

135 2220 191 2254 frater
202 2220 232 2253 ille
243 2220 360 2254 Berthelinus
368 2221 419 2264 quasi
430 2223 495 2256 turrim
506 2223 578 2267 igneam
589 2236 600 2258 a
611 2230 660 2258 terra
667 2236 726 2268 vsque
737 2227 761 2259 ad
772 2228 832 2260 celum

106 2284 126 2314 40
135 2277 220 2312 erectam,
229 2271 280 2305 cuius
288 2277 338 2306 tanta
345 2273 417 2308 claritas
424 2280 468 2318 erat,
476 2277 525 2319 quod
536 2276 555 2311 in
566 2278 702 2321 comparatione
710 2277 759 2313 illius
767 2280 832 2314 solaris

134 2325 222 2368 splendor
228 2324 267 2358 luce
272 2325 381 2360 illainferior
388 2327 503 2370 pallescebat.
525 2329 607 2364 Veniens
615 2341 659 2375 ergo
667 2330 690 2364 ad
697 2330 776 2365 insulam
783 2332 832 2377 Pega

135 2386 187 2412 soror
199 2377 233 2412 uiri
244 2377 274 2412 dei
286 2378 341 2414 sentit
354 2384 409 2415 totam
421 2380 549 2418 habitationem
561 2394 617 2428 supra
628 2395 702 2419 omnem
714 2384 832 2429 fragrantiam

135 2436 238 2466 aromatum
246 2432 335 2466 suauitate
342 2432 507 2477 incomparabiliter
514 2438 639 2472 redolentem:
652 2438 760 2482 sepultoque
768 2445 831 2473 sancto

137 2483 226 2518 Guthlaco
237 2483 256 2517 in
264 2483 303 2518 eius
313 2485 395 2529 oratorio,
403 2488 426 2521 ad
434 2488 508 2532 propria
516 2491 610 2525 remeauit.
653 2483 748 2526 Vicesimo
756 2492 832 2536 quarto⁴

155 2542 282 2575 1T.beccelin0.
313 2543 413 2583 ²E,pagam.
444 2546 545 2585 'Reuique
573 2549 833 2589 *Infelixheleavesoffataa
