1762 2803
292 141 338 198 bc
352 139 452 194 &anau
468 139 564 197 mocio.
736 153 780 198 255

78 263 130 297 labor
142 274 195 298 meus
210 263 299 308 dirigitur,
313 268 331 298 et
346 262 401 297 michi
416 261 447 306 qui
462 262 545 297 nondum
560 266 655 297 natusest
668 261 781 305 preponitur,

78 317 144 351 vadam
152 321 171 351 et
178 318 209 351 tali
217 317 275 351 labori
282 317 348 351 amodo
356 326 387 349 me
397 325 435 349 nou
446 314 551 349 subiiciam.'
575 314 626 348 Misit
637 319 698 348 autem
706 315 730 347 ad
738 324 780 348 eum

79 369 165 405 dominus
180 370 265 415 angelum
281 380 341 413 suum,
353 374 373 403 vt
388 368 439 403 illum
454 368 517 403 verbis
531 367 650 403 familiaribus
663 367 782 402 blandiretur.

79 422 113 456 Cui
128 428 146 457 et
161 423 196 458 ait:
209 423 284 458 ‘Patrici
289 423 301 465 ¹,
315 423 378 463 letare,
392 421 477 456 dominus
490 421 539 456 enim
551 421 601 455 misit
617 420 675 464 [me]²
690 420 713 454 ad
726 426 750 462 te,
762 425 782 454 vt

79 476 176 510 ostendam
190 476 223 511 tibi
237 480 295 511 totam
310 474 401 511 Hibernie
417 474 502 510 insulam.
524 474 553 510 Tu
567 473 618 510 enim
633 473 671 510 eris
687 472 801 519 apostoluss

79 527 128 563 illius
140 529 200 565 insule
212 541 267 575 quam
278 541 348 572 cernes,
359 530 452 573 multaque
461 534 538 574 propter
548 539 616 563 nomen
629 527 699 563 domini
712 528 742 562 dei
756 527 782 562 tui

79 580 99 614 in
109 592 132 615 ea
141 583 222 626 patieris,
233 585 267 617 sed
277 583 363 617 dominus
375 583 409 616 erit
420 588 480 616 tecum
491 582 510 615 in
520 581 605 616 omnibus
615 592 650 626 que
659 582 740 616 facturus
750 581 782 615 sis.

81 633 110 668 Ibi
125 635 214 678 prodesse
229 636 292 679 debes,
304 636 330 670 ibi
342 636 413 680 parauit
428 635 460 669 tibi
475 635 560 669 dominus
575 635 645 678 sedem,
656 634 682 669 ibi
694 634 752 679 signis
764 639 783 668 et

80 686 176 723 virtutibus
190 689 274 732 radiabis,
287 694 380 734 totamque
393 694 467 733 gentem
481 689 516 723 deo
528 688 640 732 subiugabis.
662 688 691 723 Sit
702 688 735 722 tibi
747 687 782 723 hoc

80 740 166 783 signum:
179 742 226 776 Ecce
238 747 295 776 totam
305 742 338 776 tibi
349 742 428 776 insulam
440 742 542 776 ostendam.
565 741 694 775 Curuabuntur
703 746 782 782 montes,
793 749 812 771 ro

81 793 205 829 humiliabitur
215 794 302 839 pelagus:
314 793 389 830 ocutus³
400 799 451 829 trans
462 793 525 829 omnia
536 798 616 835 euectus,
628 804 652 828 ex
664 793 704 828 loco
714 793 733 827 in
745 804 782 838 quo

81 852 119 880 stas
127 847 239 890 promissum
246 847 326 883 videbit!
349 847 385 882 His
393 847 452 889 dictis,
460 847 563 891 erectisque
571 846 634 888 oculis,
641 847 665 881 de
673 847 713 880 loco
720 846 739 880 in
747 857 784 890 quo

82 899 181 935 stabat-et
196 906 235 935 erat
249 901 302 936 vallis
317 901 362 935 satis
377 911 449 945 magna,
463 899 482 934 in
498 911 534 944 quo
549 905 578 934 est
592 898 646 944 lapis,
659 910 716 943 super
728 910 784 944 quem

82 952 137 997 stetit,
152 959 194 989 ante
211 954 291 990 hostium
309 954 404 989 cuiusdam
419 953 490 998 capelle
505 953 590 997 antique;
606 963 662 998 quem
677 963 712 997 ego
727 952 785 988 oculis

82 1005 120 1040 vidi
132 1013 151 1040 et
163 1007 247 1041 manibus
258 1007 412 1051 palpatui-totam
423 1006 520 1050 prospexit
530 1006 616 1041 insulam.
638 1006 692 1041 Tunc
703 1006 785 1050 placatus
795 1013 813 1044 15

82 1058 111 1095 vir
121 1059 155 1102 dei,
166 1066 230 1104 parata
241 1060 289 1104 naui,
300 1060 395 1095 suscitauit
404 1059 424 1094 in
435 1065 489 1104 portu
500 1059 592 1104 quendam
602 1070 668 1094 senem
680 1070 715 1104 per
726 1070 785 1094 annos

82 1114 179 1148 duodecim
198 1114 267 1149 ibidem
286 1114 390 1158 sepultum;
406 1124 461 1158 quem
480 1124 544 1148 secum
562 1112 582 1147 in
601 1112 710 1147 Hiberniam
726 1113 785 1148 duxit.

85 1158 169 1200 Peractis
176 1172 237 1201 autem
248 1166 322 1211 triginta
332 1166 391 1208 annis,
400 1177 435 1201 rex
445 1165 522 1201 ceretice
532 1165 614 1209 regionis
625 1165 737 1209 Demeciam,
750 1176 786 1210 que

83 1230 132 1254 nunc
151 1219 270 1255 Northwallia
292 1219 361 1262 dicitur,
382 1230 468 1265 pergens,
486 1218 557 1254 inuenit
575 1217 732 1254 sanctimonialem
751 1218 786 1254 sibi

84 1273 162 1313 obuiam,
173 1274 248 1307 nomine
260 1273 365 1313 Nonnitam‚
377 1272 468 1316 virginem
481 1273 577 1316 pulchram
588 1272 649 1306 nimis.
671 1272 731 1314 Quam
745 1283 786 1306 con·
796 1279 815 1301 2⁰

84 1324 182 1368 cupiscens
193 1330 211 1359 et
221 1324 259 1359 vim
271 1324 358 1366 inferens,
368 1324 461 1369 oppressit
474 1335 521 1359 eam.
544 1323 585 1367 Que
596 1323 654 1358 filium
667 1324 755 1369 concepit,
768 1331 787 1359 et

84 1390 118 1413 nec
128 1385 170 1413 ante
180 1390 214 1413 nec
224 1385 266 1423 post
275 1378 335 1414 virum
345 1379 425 1423 agnouit,
435 1380 468 1413 sed
478 1379 498 1413 in
507 1379 589 1413 castitate
600 1379 667 1414 mentis
677 1383 696 1413 et
704 1379 787 1423 corporis

85 1441 209 1475 perseuerans
224 1431 296 1466 felicem
311 1431 367 1465 vitam
382 1431 433 1466 duxit
445 1436 463 1465 et
475 1431 498 1465 ab
513 1431 554 1475 ipso
567 1431 691 1475 conceptionis
704 1436 788 1476 tempore

85 1494 133 1529 pane
144 1490 215 1518 tantum
223 1490 241 1518 et
249 1495 296 1529 aqua
303 1484 353 1519 vixit.
377 1484 399 1518 In
406 1485 447 1518 loco
456 1490 517 1519 autem
525 1484 544 1518 in
552 1494 588 1528 quo
598 1495 689 1529 oppressa
699 1485 787 1530 concepit,

85 1543 169 1581 tempore
181 1538 222 1581 ipso
236 1537 360 1580 conceptionis
372 1538 408 1571 duo
420 1537 492 1581 lapides
505 1538 585 1581 grandes
597 1544 728 1582 apparuerunt,
740 1549 788 1572 vnus
797 1547 816 1578 ²5

85 1590 108 1623 ad
120 1595 179 1634 eaput,
191 1591 237 1624 alter
247 1591 270 1623 ad
281 1590 345 1635 pedes,
356 1589 387 1634 qui
398 1595 453 1624 antea
464 1589 499 1624 visi
511 1600 548 1624 non
561 1588 639 1624 fuerant.
683 1582 788 1625 Crescente

85 1647 147 1677 autem
158 1647 216 1686 vtero,
225 1648 285 1676 mater
295 1643 318 1676 ad
328 1643 433 1676 offerendas
443 1653 478 1686 pro
487 1648 542 1686 partu
553 1642 665 1678 oblationum
677 1642 789 1678 elemosinas

86 1697 178 1740 quandam
197 1696 299 1740 ingreditur
314 1695 417 1738 ecclesiam,
432 1696 455 1729 ad
470 1694 613 1740 predIcatiouem
628 1696 744 1731 audiendam.
766 1696 790 1731 Et

86 1760 129 1783 ecce
141 1748 201 1783 subito
213 1748 277 1784 Gildas
287 1748 423 1792 obmutescens,
434 1749 486 1792 quasi
499 1748 561 1783 clauso
572 1754 646 1793 gutture
659 1749 719 1784 tacuit.
741 1748 790 1784 Vide

86 1802 121 1836 hoc
136 1802 244 1837 miraculum
260 1812 315 1846 supra
330 1802 349 1836 in
363 1801 401 1836 vita
416 1802 474 1836 sancti
486 1801 539 1836 Gilde
553 1802 670 1837 confessoris.
714 1795 790 1838 interea
798 1812 818 1842 30

87 1854 161 1899 quidam
169 1854 253 1889 tirannus
261 1866 285 1889 ex
292 1866 388 1899 magorum
396 1854 481 1889 vaticinio
490 1855 572 1889 audierat
581 1856 638 1890 filium
649 1856 688 1890 suis
695 1856 713 1890 in
722 1856 790 1891 finibus

87 1907 199 1942 nasciturum
212 1906 264 1942 cuius
277 1912 360 1952 potestas
374 1912 431 1942 totam
446 1913 545 1951 occuparet
559 1908 662 1952 patriam⁴;
682 1908 713 1942 et⁵
728 1914 790 1943 notato

88 1971 112 1994 ex
119 1970 215 2003 magorum
227 1960 305 1992 oraculis
315 1961 355 1993 loco
366 1959 385 1992 in
396 1970 433 2003 quo
443 1960 491 1992 filius
500 1965 612 2003 nasceretur,
620 1960 656 1994 ait:
668 1960 790 2002 ‘Quemcum-

88 2023 124 2057 que
137 2013 162 2046 ibi
172 2013 202 2047 vel
214 2012 306 2047 modicum
318 2012 469 2056 [quiescentem]⁵
477 2012 576 2053 inueniam,
584 2012 644 2056 gladio
654 2023 696 2048 meo
706 2013 790 2057 protinus

89 2065 181 2100 occidam!
203 2065 285 2109 Vrgente
293 2065 367 2100 tandem
377 2071 441 2109 partus
451 2070 540 2109 tempore¹
548 2070 608 2100 mater
617 2066 719 2110 predictum
727 2066 790 2112 petiuit
799 2078 819 2110 35

88 2120 153 2154 locum.
173 2118 216 2162 Ipsa
222 2130 266 2153 vero
271 2119 301 2153 die
306 2124 356 2153 tanta
362 2119 411 2153 aeris
417 2123 518 2163 tempestas
522 2119 604 2162 inualuit,
610 2124 629 2154 vt
635 2120 696 2154 nullus
703 2121 734 2155 vel
742 2120 791 2156 foras

89 2171 152 2216 egredi
159 2177 228 2215 posset.
251 2171 312 2206 Locus
322 2178 384 2218 autem
393 2172 412 2207 in
423 2183 460 2216 quo
469 2177 528 2207 mater
539 2173 656 2217 parturiebat,
665 2173 735 2217 ingenti
746 2174 792 2210 lucis

89 2225 187 2260 serenitate
199 2224 289 2269 prefulsit.
312 2225 398 2259 Habebat
409 2226 513 2270 parturiens
525 2231 597 2271 petram
610 2227 661 2261 iuxta
673 2238 694 2262 se
707 2228 791 2272 positam,

89 2280 108 2313 in
119 2289 161 2322 qua,
172 2283 248 2322 urgente
260 2278 328 2319 dolore,
339 2278 423 2312 manibus
434 2278 509 2312 inniuaT
522 2280 591 2314 fuerat:
604 2289 681 2323 quarum
694 2280 791 2324 vestigium

89 2331 146 2366 veluti
158 2342 200 2365 cera
211 2330 327 2374 impressum,
339 2335 391 2374 petra
403 2331 517 2366 intuentibus
529 2331 619 2374 ostendit,
631 2331 697 2376 quein
710 2333 791 2369 medium
800 2345 820 2377 4⁰

90 2384 149 2418 diuisa
157 2384 225 2418 dolenti
233 2383 286 2417 matri
295 2383 392 2418 condoluit.
415 2384 437 2417 In
445 2384 476 2418 illo
484 2384 534 2418 enim
541 2385 581 2418 loco
589 2385 701 2419 construitur
708 2386 792 2429 ecclesia,

90 2438 110 2471 in
125 2437 177 2471 cuius
190 2436 252 2471 altaris
264 2436 383 2470 fundamento
394 2436 428 2470 hec
441 2441 494 2480 petra
505 2442 553 2470 tecta
565 2436 614 2470 latet.
636 2436 720 2481 Cumque
731 2438 793 2475 infans

90 2490 113 2525 ab
124 2489 212 2534 episcopo
223 2489 351 2534 baptizaretur,
362 2487 382 2522 in
393 2488 434 2533 ipso
444 2489 484 2523 loco
497 2489 539 2524 fons
549 2488 662 2524 lucidissime
673 2501 720 2534 aque
733 2491 793 2527 subito

110 2557 219 2591 ¹T.Patrice.
266 2557 361 2589 1οιιιᾸιιΕ.
407 2558 508 2588 ³Boculus.
560 2557 657 2597 ⁴E.patria.
697 2559 793 2594 ᾗοιιιὶηῒ.

91 2596 185 2628 ⁶om.inT.
193 2598 211 2629 E.
271 2597 379 2629 ⁷E.innixta.
