1762 2803
257 117 303 175 Dr
318 118 417 172 &aucto
434 117 549 170 couno.
710 132 754 176 ³57

52 247 70 281 id
83 249 111 280 est
122 242 217 287 speculum
227 225 341 284 argenteum,
353 245 371 273 et
381 239 474 283 pectinem
483 239 571 274 eboreum
581 237 694 273 inauratum:
706 239 755 283 quod

52 297 132 343 petimus
138 299 158 329 vt
166 306 188 329 eo
199 291 317 337 benignitatis
328 292 389 327 animo
401 291 458 336 gloria
465 297 527 327 vestra
537 291 629 336 suscipiat,
637 302 674 336 quo
683 290 756 325 anobis

53 350 133 386 noscitur
148 346 269 382 destinatum!
319 338 370 381 Cum
385 350 447 379 autem
461 344 533 380 videret
549 343 636 379 Paulinus
651 343 756 389 episcopus,

53 402 149 438 difficulter
166 410 223 444 posse
241 397 372 433 sublimitatem
389 397 445 432 animi
464 398 531 442 regalis
549 398 572 432 ad
590 397 710 432 humilitatem
726 396 756 431 vie

53 453 136 491 salutaris
147 457 166 486 et
176 450 312 495 suscipiendam
324 451 380 485 fidem
391 450 479 494 inclinari,
487 462 522 495 pro
532 450 591 485 salute
601 450 649 485 illius
662 461 683 485 ac
695 449 773 496 gentis5

53 508 155 552 Anglorum
163 504 244 540 dluinam
252 503 339 548 pietatem
350 503 443 539 exorauit:
456 503 554 549 didicitque
561 503 580 538 in
588 503 653 548 spiritu
661 503 755 539 oraculum

53 561 145 605 quondam
151 559 214 592 celitus
222 557 262 601 regi
268 562 369 592 ostensum.
392 557 436 591 Erat
444 563 505 591 autem
512 557 559 592 tale:
572 549 623 592 Cum
630 557 703 591 autem¹
711 567 755 600 per-

53 617 141 656 sequente
153 610 204 644 illum
212 608 318 651 Ethelsrido,
328 609 359 654 qui
369 620 453 643 sororem
463 609 502 644 eius
513 609 583 644 Accam
595 610 672 645 duxerat
682 615 700 644 et
711 615 754 644 ante

54 675 95 699 eum
102 663 191 707 regnauit,
199 672 233 706 per
241 662 314 695 diuersa
321 662 402 695 occultus
409 662 449 695 loca
455 663 485 696 vel
493 672 550 705 regna
557 662 656 696 multorum
664 671 755 695 annorum

53 724 136 760 tempore
148 715 236 759 profugus
247 719 349 757 vagaretur,
362 714 437 747 tandem
449 713 500 747 venit
513 714 536 747 ad
551 713 678 755 Redwaldum‚
690 725 754 757 regem
764 725 783 746 ro

54 767 173 806 Orientalium
184 767 292 811 Anglorum,
300 767 399 802 obsecrans
406 772 425 801 vt
433 766 488 801 vitam
498 778 551 802 suam
559 778 569 801 a
577 766 622 802 tanti
630 766 755 812 persecutoris

53 822 124 858 insidiis
131 822 207 855 tutando
214 825 303 855 seruaret.
322 820 357 862 Qui
365 820 469 864 [libenterP
477 831 519 854 eum
528 819 637 864 suscipiens,
642 819 726 864 promisit
734 831 755 854 se

54 887 89 920 que
104 875 177 919 petebat
192 884 234 908 esse
249 873 344 908 facturum.
366 873 391 907 At
402 878 500 916 postquam
512 871 625 907 Ethelsridus
636 872 655 906 in
667 872 700 906 hac
712 883 754 907 eum

54 925 146 972 prouincia
154 925 262 970 apparuisse
270 930 288 960 et
296 926 344 968 apud
354 935 417 968 regem
427 924 509 959 habitare
519 923 610 968 cognouit,
617 924 667 958 misit
678 924 756 958 nuncios

54 979 84 1024 qui
96 979 198 1013 Redwaldo
209 977 306 1022 pecuniam
317 977 394 1011 multam
406 987 440 1020 pro
448 987 494 1011 nece
504 976 544 1010 eius
552 976 650 1018 offerrem
661 980 680 1010 et
687 976 755 1010 bellum
764 988 782 1020 ¹5

54 1033 129 1076 insuper
141 1031 171 1072 illi,
185 1031 201 1065 si
216 1042 253 1064 non
266 1030 397 1074 acquiesceret,
411 1029 482 1065 indixit.
505 1029 540 1071 Qui
555 1028 610 1062 minis
626 1034 722 1073 corruptus
737 1035 756 1063 et

54 1084 165 1125 muneribus,
180 1083 288 1128 deprecanti
303 1083 358 1118 cessit
373 1088 391 1118 et
407 1082 505 1117 Edwinum
520 1081 604 1117 occidere
618 1082 648 1117 vel
663 1081 756 1127 legatariis

54 1138 126 1172 tradere
133 1137 223 1181 promisit.
246 1136 299 1178 Quod
304 1136 335 1170 vbi
343 1135 443 1170 fidissimus
452 1135 526 1178 quidam
536 1135 606 1169 amicus
615 1134 664 1169 illius
673 1134 756 1168 animad-

54 1195 134 1225 uerteret
139 1189 150 1232 ³,
158 1189 231 1224 intrauit
243 1190 266 1223 ad
278 1200 320 1223 eum
334 1194 393 1232 nocte,
405 1193 423 1223 et
437 1187 480 1233 quid
492 1199 536 1232 erga
547 1198 589 1222 eum
600 1198 656 1232 agere
668 1198 701 1221 rex
713 1198 756 1231 pro-

55 1242 133 1277 misisset
141 1242 218 1285 edocuit,
226 1248 244 1276 et
251 1242 328 1285 insuper
338 1241 414 1276 adiecit:
427 1240 457 1275 ‘si
465 1252 509 1285 ergo
516 1240 550 1281 vis,
558 1241 634 1274 educam
642 1245 661 1274 te
668 1241 691 1274 ad
699 1240 755 1274 talem
764 1253 784 1274 πο

54 1296 118 1336 locum,
129 1295 160 1329 vbi
171 1305 236 1329 secure
247 1294 328 1328 habitare
339 1294 411 1338 possis!
434 1293 469 1335 Qui
483 1293 519 1327 ait:
535 1292 618 1327 ‘Gratias
631 1304 665 1337 ago
679 1293 755 1327 beniuo-

54 1348 109 1382 lentie
116 1353 158 1390 tue3
170 1359 208 1382 non
219 1353 280 1382 tamen
292 1348 326 1382 hoc
338 1348 398 1382 facere
409 1356 485 1391 possum
493 1346 542 1390 quod
553 1345 642 1389 suggeris,
649 1352 668 1380 vt
680 1351 754 1389 pactum

54 1401 102 1444 quod
114 1410 155 1434 cum
166 1410 210 1444 rege
221 1400 259 1442 inii,
270 1400 311 1443 ipse
322 1400 393 1444 primus
404 1399 476 1433 irritum
487 1399 558 1440 faciam,
566 1408 609 1432 cum
620 1398 650 1432 ille
662 1398 717 1432 michi
729 1398 755 1432 nil

55 1452 97 1486 mali
108 1451 176 1495 fecerit,
184 1452 210 1486 nil
221 1452 280 1487 adhuc
292 1451 426 1487 inimicitiarum
438 1451 528 1492 intulerit;
541 1450 584 1494 quin
596 1451 662 1494 potius,
671 1450 687 1485 si
699 1450 755 1484 mori-

54 1511 106 1539 turus
112 1516 158 1548 sum,
165 1505 195 1540 ille
202 1517 232 1539 me
238 1505 296 1549 magis
303 1516 357 1548 quam
363 1504 459 1549 ignobilior
465 1504 517 1549 quis‘
525 1504 579 1537 morti
584 1505 654 1538 tradat?
669 1504 755 1538 Abeunte
765 1517 783 1546 25

55 1558 109 1602 igitur
117 1559 181 1601 amico,
189 1558 277 1593 remansit
286 1558 374 1593 Edwinus
384 1558 440 1600 solus,
449 1557 570 1601 residensque
579 1562 650 1591 mestus
657 1561 700 1590 ante
707 1556 756 1601 pala·

54 1611 104 1653 tium,
119 1611 181 1647 multis
196 1611 245 1656 cepit
259 1610 389 1656 cogitationum
404 1610 474 1645 estibus
489 1610 543 1652 affici,
555 1609 598 1654 quid
611 1615 679 1654 ageret,
694 1620 755 1654 quoue

54 1665 121 1707 pedem
131 1670 211 1700 verteret
223 1664 300 1699 nescius.
323 1665 406 1708 Cumque
419 1664 450 1699 diu
461 1665 527 1699 tacitus
540 1663 597 1697 multa
608 1663 700 1708 cogitaret,
711 1663 755 1697 vidit

55 1717 114 1750 subito
128 1717 239 1761 intempeste
252 1717 311 1751 noctis
325 1717 397 1751 silentio
412 1718 590 1761 appropinquantem
603 1716 638 1750 sibi
650 1716 755 1750 hominem:

55 1769 85 1812 qui
96 1770 182 1804 salutauit
193 1781 235 1804 eum
247 1774 265 1803 et
278 1770 397 1814 interrogauit
411 1780 467 1813 quare
480 1769 510 1802 illa
522 1769 572 1811 hora,
584 1768 650 1802 ceteris
661 1768 755 1812 quiescen-
764 1784 784 1813 30

55 1822 108 1865 tibus,
114 1823 164 1857 solus
172 1823 213 1867 ipse
223 1828 293 1857 mestus
304 1822 323 1856 in
334 1823 395 1867 lapide
402 1822 479 1866 peruigil
487 1822 570 1863 sederet;
583 1826 601 1855 et
609 1822 685 1856 adiecit:
697 1821 755 1862 ίὃείο,

55 1873 117 1919 inquit,
125 1876 178 1920 quis³
188 1887 214 1919 es,
222 1881 241 1911 et
251 1886 308 1920 quare
316 1886 383 1918 meres,
391 1880 452 1920 etque
461 1880 539 1910 ventura
548 1873 580 1909 tibi
588 1873 607 1908 in
615 1873 700 1919 proximo
707 1874 756 1908 mala

55 1928 146 1964 formidas.
169 1930 207 1964 Sed
219 1929 272 1963 dicito
283 1929 339 1963 michi
350 1929 393 1973 quid
405 1929 496 1962 mercedis
508 1929 553 1962 dare
564 1927 611 1962 velis
623 1928 640 1962 ei
652 1927 683 1972 qui
695 1927 724 1961 his
737 1933 755 1961 te

55 1981 157 2016 meroribus
167 1982 255 2024 absoluat,
263 1986 281 2016 et
293 1981 394 2016 Redwaldo
405 1981 481 2015 suadeat
492 1986 511 2015 vt
523 1980 548 2014 nil
559 1980 601 2014 mali
613 1980 645 2014 tibi
658 1979 711 2014 saciat
720 1990 755 2014 nec

55 2033 90 2068 tuis
97 2034 129 2078 [te]
135 2034 218 2070 hostibus
224 2034 352 2079 perimendum
358 2035 426 2068 tradat.¹
449 2033 485 2075 Qui
491 2044 532 2068 cum
538 2043 559 2067 se
565 2031 627 2067 omnia
633 2032 679 2077 que⁸
686 2037 755 2076 posset,
764 2046 783 2077 35

55 2086 86 2118 tali
99 2098 133 2129 pro
147 2089 233 2121 mercede
246 2088 331 2121 daturum
343 2098 386 2121 esse
398 2088 524 2130 responderet,
537 2085 601 2119 adiecit
614 2084 655 2119 ille:
667 2084 727 2126 ‘Quid
739 2085 755 2119 si

55 2137 109 2171 etiam
120 2148 184 2182 regem
194 2145 213 2173 te
224 2139 304 2173 futurum
316 2139 400 2173 extinctis
410 2137 493 2173 hostibus
504 2138 523 2172 in
534 2137 610 2172 veritate
621 2136 721 2181 promittat,
731 2136 756 2171 ita

54 2195 74 2223 vt
85 2202 122 2225 non
135 2192 195 2227 solum
207 2203 272 2227 omnes
284 2197 325 2227 tuos
337 2192 470 2237 progenitores,
483 2191 516 2226 sed
529 2196 547 2224 et
559 2200 624 2224 omnes
636 2189 666 2234 qui
682 2195 724 2223 ante
737 2195 755 2223 te

55 2252 108 2287 reges
114 2244 133 2278 in
139 2251 193 2288 gente
199 2245 302 2289 Anglorum
308 2244 385 2287 fuerant,
391 2249 482 2289 potestate
487 2244 618 2279 transcendas?
628 2243 707 2287 Insuper
712 2242 756 2287 [si]⁷

56 2301 73 2329 et
85 2297 180 2334 consilium
188 2298 220 2333 tibi
228 2303 259 2333 tue
270 2297 334 2333 salutis
345 2310 366 2333 ac
374 2297 411 2333 vite
420 2297 486 2332 melius
497 2302 551 2341 atque
558 2296 619 2331 vtilius
627 2307 682 2341 quam
690 2295 755 2341 aliquis
763 2309 784 2339 40

55 2348 78 2383 de
89 2350 125 2384 tuis
136 2351 243 2395 parentibus
254 2356 285 2386 aut
296 2351 378 2397 cognatis
385 2361 466 2395 vnquam
476 2350 545 2385 audiuit
555 2349 652 2384 ostendere
663 2349 755 2394 potuerit:

56 2410 100 2435 num
111 2403 128 2436 ei
140 2405 268 2448 obtemperare
277 2409 296 2437 et
307 2404 377 2438 monita
387 2404 427 2438 eius
438 2403 524 2437 salutaria
535 2401 629 2445 suscipere
641 2401 756 2436 consentist’

57 2452 94 2488 Nec
110 2455 179 2492 distulit
195 2456 284 2491 Edwinus
299 2457 342 2500 quin
356 2455 441 2492 continuo
460 2455 577 2499 polliceretur
594 2453 613 2487 in
631 2454 717 2488 omnibus
735 2464 757 2489 se

74 2529 148 2562 ¹al.om.
186 2532 324 2570 ²SoT.;0m.in
332 2532 351 2563 E.
389 2530 566 2562 'Bedanimaduertit
606 2529 757 2570 ⁴Bed.quisquum.

55 2567 129 2609 ⁵alqui.
169 2573 243 2611 tuqui.
284 2571 331 2603 ⁷0m.
