1762 2803
241 131 287 187 we
301 129 402 184 sancto
417 129 539 193 1111111111.
697 132 740 186 283

38 252 101 287 niuem
109 258 127 287 et
135 253 192 297 frigus
202 253 225 287 ab
233 252 348 288 hominibus.¹
372 252 438 298 Magus
448 252 484 287 ait:
496 251 550 287 ‘Non
560 260 637 298 possum
647 251 741 296 deponere

38 317 98 350 usque
107 317 148 341 cras
158 307 177 341 in
187 307 220 341 hac
231 306 287 341 hora!
310 306 399 341 Patricius
410 306 466 343 dixit:
479 306 545 342 ‘Potes
556 305 624 340 malum
634 304 701 343 iacere,
708 304 742 338 sed

39 369 77 394 non
88 360 168 394 honum!
191 359 214 394 Et
228 360 299 395 eleuata
311 371 367 395 manu
380 360 474 396 benedixit
486 370 583 404 campum:
599 364 618 393 et
629 357 690 393 statim
702 357 743 392 sine

39 412 101 456 pluuia
109 418 127 447 et
135 418 190 447 vento
198 415 272 447 euanuit
280 413 317 448 nix.
340 413 364 447 Et
371 413 497 448 clamauerunt
504 424 570 448 omnes
577 418 596 446 et
603 411 687 446 admirati
694 415 743 444 sunt.

39 465 92 499 Tunc
99 465 171 501 induxit
179 477 245 511 magus
253 466 373 501 densissimas
380 467 467 501 tenebras
475 477 531 510 super
538 472 617 500 terram:
629 470 697 499 etcum
705 474 743 497 non
751 467 760 498 5

40 524 103 561 posset
109 529 141 552 eas
149 519 245 563 repellere,
250 524 314 554 orante
320 524 383 553 sancto
388 518 467 554 Patricio
474 518 556 562 expulsis
562 517 643 552 tenebris
651 517 679 551 sol
686 526 744 560 super

40 576 108 605 terram
122 571 198 606 refulsit«
221 571 245 605 Et
258 571 384 606 clamauerunt
398 582 464 607 omnes
474 577 493 606 et
503 571 571 616 gratias
582 575 664 615 egerunt,
691 569 744 604 Tunc

40 622 85 658 inito
97 624 174 658 consilio
184 630 204 659 vt
215 625 300 660 venirent
311 625 365 660 simul
377 636 442 670 magus
453 631 471 660 et
482 635 529 671 puer
537 625 609 660 Patricii
618 624 713 667 Benignus
724 623 743 657 in

40 687 95 712 vnam
104 678 184 718 domum,
191 683 209 713 et
217 683 320 713 statuerunt
325 684 344 715 vt
352 679 419 715 domus
426 679 457 714 illa
464 679 595 714 accenderetur
602 677 650 723 igne,
656 682 674 712 ct
682 676 744 711 casula

41 730 115 765 Patricii
123 737 173 766 esset
181 732 229 765 circa
237 742 317 775 magum,
325 738 343 766 et
351 732 412 767 casula
421 732 470 776 rnagi
478 733 526 766 circa
533 741 611 776 puerum
620 731 698 765 Patricii.
720 729 744 763 Et
753 736 773 759 ιο

41 782 102 818 missis
114 782 149 818 illis
160 783 179 818 in
187 784 255 827 ignem,
264 795 320 828 rogus
328 795 403 828 magum
411 786 525 829 consumpsit
532 790 551 819 et
558 783 663 818 dimidiam¹
671 788 744 828 partem

41 836 112 878 domus,
120 841 139 871 et
150 837 231 871 casulam
244 836 316 872 Patricii
326 837 374 883 ignis
382 848 420 872 non
430 837 499 883 tetigit;
510 847 589 883 puerum
596 847 642 872 vero
653 836 693 872 eius
702 845 744 871 cum

42 889 113 933 [altera]
123 890 198 926 dimidia
211 895 263 936 parte
273 891 339 926 domus
351 890 426 926 ssamma
440 902 477 926 non
490 890 595 934 combussit,
607 890 669 926 casula
681 895 744 925 tamen

41 943 90 988 magi
102 944 150 978 circa
161 954 204 978 eum
215 949 280 979 exusta
290 949 323 979 est.
347 944 371 979 Et
378 945 436 979 iratus
444 950 472 980 est
479 955 512 980 rex
520 955 554 989 pro
562 950 621 978 morte
629 943 677 987 magi
685 943 719 984 sui,
727 947 745 977 et

42 1001 125 1030 sanctum
139 995 223 1032 occidere
236 997 303 1032 voluit:
321 998 354 1033 sed
366 1003 416 1033 terra
428 997 499 1042 aperuit
514 1008 535 1032 os
550 1008 605 1032 suum
618 1002 637 1032 et
650 995 745 1031 deuorauit
754 1001 772 1033 ¹5

41 1059 128 1093 magnam
136 1055 206 1094 partem
216 1051 239 1085 de
247 1050 325 1094 populo;
338 1056 356 1085 et
366 1051 420 1095 pauci
430 1056 548 1086 remanentes
558 1051 581 1085 ad
592 1051 648 1085 fidem
659 1048 745 1084 conuersi

42 1108 90 1136 sunt.
117 1102 170 1137 Tunc
181 1113 215 1138 rex
227 1105 293 1138 timore
304 1105 412 1148 perterritus
427 1104 511 1149 promisit
526 1104 575 1148 quod
587 1103 695 1146 omniaque
709 1103 744 1137 sibi

42 1154 132 1189 Patricius
140 1155 214 1198 diceret,
222 1155 318 1200 impleret:
331 1157 364 1191 sed
372 1161 434 1191 tamen
442 1157 530 1201 baptizari
537 1157 603 1191 renuit.
626 1156 660 1191 Cui
669 1160 745 1190 sanctus

42 1207 77 1242 ait:
90 1207 140 1252 ‘Ego
148 1208 252 1253 relinquam
256 1215 274 1243 te
282 1208 357 1243 arbitrio
362 1215 399 1253 tuo,
403 1210 516 1254 quia²valde
521 1210 602 1245 restitisti
609 1209 691 1244 doctrine
697 1219 745 1251 mee,

42 1267 60 1295 et
68 1261 160 1296 afflixisti³
168 1272 203 1297 me.
227 1262 292 1298 Nullus
300 1264 323 1297 de
331 1263 403 1297 semine
410 1268 441 1298 tuo
450 1263 533 1308 regnabit
543 1269 585 1308 post
593 1269 611 1297 te
621 1265 640 1297 ln
648 1263 744 1297 etemum.’
753 1271 772 1293 πο

43 1316 116 1362 Regina
121 1327 165 1351 vero
173 1317 249 1353 credidit
255 1316 327 1353 Christo
335 1323 354 1352 et
361 1317 451 1362 baptizata
459 1323 492 1353 est.
537 1310 588 1354 Cum
595 1322 657 1352 autem
662 1317 744 1351 venisset

43 1369 132 1404 Patricius
140 1371 163 1404 ad
171 1370 285 1404 Conaldum*
292 1370 368 1404 fratrem
377 1371 471 1415 Leogaire,
479 1370 568 1405 conuertit
573 1381 615 1404 eum
625 1369 648 1403 ad
656 1369 718 1409 fidem,
726 1373 745 1403 et

43 1423 118 1455 domum
133 1423 177 1456 eius.
201 1422 224 1456 Et
237 1423 301 1456 obtulit
314 1422 392 1456 Patricio
405 1432 480 1456 omnem
492 1423 567 1457 domum
580 1426 664 1456 suamet
677 1419 745 1455 habita-

43 1474 109 1517 culum,
122 1479 140 1509 et
153 1474 198 1509 dixit
212 1474 239 1511 ei:
257 1474 303 1510 ‘Fac
318 1474 350 1510 tibi
365 1475 456 1510 ciuitatem
471 1475 495 1510 de
510 1474 545 1510 hoc
558 1474 666 1515 habitaculo,
677 1478 696 1508 et
710 1484 745 1519 ego

43 1527 109 1561 faciam
121 1527 165 1562 mihi
177 1528 226 1563 aliud
235 1528 357 1563 habitaculum
367 1539 401 1573 pre
411 1528 480 1564 foribus
491 1528 570 1564 ciuitatis
580 1529 621 1563 tue?
644 1527 668 1562 Et
677 1527 745 1562 sactum
754 1538 773 1569 ²5

43 1586 72 1615 est
80 1581 110 1615 ita.
133 1581 156 1616 Et
164 1581 189 1615 ait
197 1581 297 1617 Patricius:
310 1582 342 1616 ‘In
351 1582 385 1617 hoc
393 1582 496 1617 habitaculo
506 1582 551 1627 [tuo]
559 1581 612 1616 multi
621 1591 676 1625 reges
686 1585 745 1622 erunt,

43 1640 61 1668 et
68 1634 87 1668 in
93 1645 115 1669 eo
122 1635 197 1678 sanguis
205 1646 242 1669 non
250 1635 355 1670 effundetur
363 1647 367 1677 ;
379 1641 422 1670 ettu
431 1635 467 1671 eris
475 1636 588 1677 benedictus,
594 1640 612 1668 et
620 1635 685 1668 solium
694 1639 745 1667 tuum

43 1687 118 1720 firmum
126 1687 145 1721 in
153 1693 249 1729 eternum3
261 1692 280 1722 et
289 1697 353 1722 semen
362 1688 438 1722 fratrum
446 1693 519 1723 tuorum
529 1686 596 1722 semini
606 1692 637 1721 tuo
648 1685 717 1720 seruiet
727 1685 746 1720 in

43 1741 137 1775 eternum!
179 1733 226 1776 Post
234 1741 268 1777 hec
278 1741 334 1777 voluit
342 1741 431 1778 Patricius
439 1743 466 1778 ire
474 1743 497 1777 ad
502 1742 587 1787 regiones
595 1740 716 1777 Connactie⁶:
728 1746 746 1776 et

43 1793 117 1838 reliquit
124 1793 143 1828 in
150 1805 183 1828 sua
190 1795 262 1829 ciuitate
270 1796 326 1829 altare
334 1807 388 1830 suum
396 1796 494 1840 lapideum,
498 1802 517 1830 vt
523 1801 573 1830 esset
581 1795 616 1829 illic
624 1795 647 1828 ad
653 1795 746 1829 sanandos
755 1805 775 1835 30

44 1847 142 1891 languores
150 1847 236 1891 plebium.
259 1848 282 1882 Et
290 1859 331 1883 cum
340 1854 430 1893 pergeret,
438 1860 481 1883 ecce
492 1848 537 1883 illud
548 1849 605 1882 altare
616 1852 658 1892 post
670 1858 690 1882 se
701 1846 746 1881 exiit

43 1900 63 1933 in
76 1900 129 1942 viam,
142 1901 207 1935 nolens
222 1911 233 1935 a
248 1912 282 1935 suo
297 1902 371 1936 domino
386 1903 475 1945 separari.
497 1902 568 1936 Videns
583 1907 644 1935 autem
657 1900 746 1934 Patricius

44 1953 106 1994 altare,
112 1963 208 1997 regressus
216 1959 244 1987 est
252 1954 324 1988 iterum.
348 1954 377 1988 Ex
384 1954 415 1987 illo
423 1960 484 1988 autem
491 1953 521 1988 die
529 1953 599 1987 stabilis
606 1953 642 1986 illic
649 1957 747 1996 permanet

44 2005 92 2049 lapis
102 2005 139 2048 ille,
146 2006 170 2040 ad
178 2006 280 2050 proiectum
290 2006 377 2050 plebium,
385 2006 470 2050 usquein
478 2006 587 2041 hodiernum
596 2006 650 2039 diem.
695 1997 746 2040 Cum

44 2064 106 2093 autem
117 2058 189 2094 videret
200 2058 289 2094 Patricius
300 2060 376 2103 ydolum
388 2060 437 2104 regis
448 2059 537 2104 Leogaire
549 2070 573 2093 ex
584 2069 628 2093 auro
640 2063 658 2092 et
669 2064 746 2103 argento
755 2072 774 2103 ³5

45 2117 175 2156 constructum,
183 2111 240 2147 orauit
248 2112 272 2147 ad
280 2112 385 2148 dominum:
397 2119 415 2148 et
422 2113 483 2148 statim
491 2113 624 2148 comminutum
632 2117 666 2147 est.
704 2105 747 2157 Ap·

45 2166 181 2211 propinquante
193 2166 271 2201 Patricio
282 2167 305 2201 ad
317 2167 401 2210 regiones
413 2166 517 2209 Connactie,
528 2167 624 2201 audierunt
636 2165 703 2200 samam
715 2165 748 2200 ad-

45 2224 112 2253 uentus
124 2219 163 2253 eius
175 2220 211 2253 duo
222 2219 276 2263 magi,
286 2219 352 2254 fratres
363 2220 406 2253 dicti
417 2219 478 2263 regis:
491 2225 509 2253 et
520 2220 647 2263 cogitauerunt
657 2219 748 2262 impedire

45 2282 88 2306 eum
102 2282 126 2306 ne
139 2272 181 2306 illuc
196 2272 266 2307 intrare
279 2277 347 2317 posset,
363 2277 381 2306 et
394 2272 510 2307 adduxerunt
524 2272 611 2307 tenebras
627 2271 748 2306 densissimas

45 2336 103 2370 super
113 2330 170 2360 totum
181 2336 267 2370 campum
277 2325 337 2361 tribus
347 2325 412 2360 diebus
423 2331 442 2360 et
453 2325 512 2360 tribus
523 2326 612 2360 noctibus.
635 2324 673 2360 Sed
684 2330 748 2359 orante
756 2340 776 2370 ro

46 2378 124 2413 Patricio
138 2383 157 2413 et
171 2377 270 2421 ieiunante,
282 2380 359 2415 tenebre
371 2379 402 2414 ille
417 2379 478 2423 fugate
493 2384 542 2414 sunt.
565 2379 673 2414 Nutricrunt
686 2383 748 2413 autem

46 2432 95 2476 magi
103 2432 128 2465 illi
135 2432 182 2465 duas
189 2432 236 2466 filias
244 2432 293 2475 regis
302 2431 401 2476 Leogaire:
413 2442 449 2476 que
457 2442 512 2467 mane
520 2438 610 2467 exeuntes
618 2433 641 2466 ad
649 2431 748 2465 lauandum

46 2485 69 2518 ad
84 2484 158 2525 fontem,
171 2485 256 2519 viderunt
272 2485 369 2519 Patricium
384 2495 426 2519 cum
441 2485 480 2520 suis
495 2485 629 2527 ambulantem
649 2483 715 2528 quibus
730 2488 749 2517 et

59 2548 72 2576 ,²
81 2548 118 2577 ΤΕ.
126 2548 198 2579 mediam,
269 2547 276 2565 ²
286 2548 330 2585 Colg.
338 2548 367 2578 sed
374 2548 416 2587 quia,
423 2552 460 2586 etc,
467 2548 525 2587 nulius,
533 2553 564 2580 ele.
635 2548 641 2567 ³
652 2547 670 2578 E.
679 2546 748 2578 ailisisti.

46 2587 51 2605 ⁴
63 2588 82 2620 al.
91 2588 179 2619 conanum.
240 2587 246 2606 ⁰
256 2588 274 2619 Ε.
283 2588 361 2620 conaccie.
