1762 2803
75 164 189 195 asom-1³.
198 173 212 195 2.
220 164 241 204 a
262 153 410 210 ortatiano
425 152 462 207 e.
477 151 599 211 outotott'.
736 165 778 210 723

75 273 148 308 colenda
160 279 192 316 est,
207 275 230 309 ad
245 275 313 310 laudem
325 279 342 309 et
357 275 428 318 gloriam
444 275 488 310 illius
501 276 529 320 qui
541 275 558 310 in
573 274 638 309 sanctis
649 273 684 307 suis
696 272 780 307 mirabilis

75 330 92 358 et
103 325 187 367 gloriosus
201 332 238 360 est:
252 325 279 359 cui
290 325 312 359 sit
323 326 378 360 honor
388 333 406 360 et
416 326 512 369 graciarum
522 326 573 368 actio,
581 326 598 359 in
610 326 668 359 secula
678 324 780 359 seculorum.

75 375 138 409 Amen.

79 458 116 533 IN
119 464 152 492 stat
160 460 209 493 nobis
217 460 306 493 cuiusdam
314 460 390 494 miraculi
398 466 483 503 oportuna
488 453 561 500 relacio:
569 461 611 494 illud
619 460 671 502 enirn,
679 466 696 494 et
704 459 778 503 quedam

122 509 161 550 alia,
176 510 214 543 sine
228 517 270 542 nota
284 509 347 543 inuidie
361 522 396 543 non
411 522 480 553 possem
495 511 603 544 dissimulare
618 510 694 544 silencio.
724 511 796 548 Beate5

75 558 199 593 recordationis
207 559 284 601 Ingulsus
292 559 368 593 eiusdem
376 559 474 593 monasterii
483 561 537 594 abbas
543 559 554 602 ¹,
561 567 606 594 totus
614 560 687 594 orationi
698 566 715 593 et
723 558 779 593 medi·

76 611 137 643 tationi
151 620 213 643 uacare
229 611 333 651 decreuerat,
348 611 411 653 unique
427 611 449 644 de
462 612 543 645 iratribus
557 612 591 645 suis
606 622 664 645 curam
680 612 743 645 domus
762 610 779 643 in

76 660 193 700 exterioribus,
201 666 253 704 atque
258 660 386 703 peregrinorum
392 666 409 694 et
414 671 508 703 pauperum
515 661 657 695 sustentationem
665 661 780 695 commiserat.

77 712 131 743 Porro
138 710 164 743 sic
171 710 189 742 in
197 712 249 743 domo
257 711 286 743 illa
296 710 393 744 defecerunt
402 710 483 744 uictualia
491 712 549 744 omnia
556 722 591 744 vna
598 711 631 750 die,
639 718 658 745 ut
665 722 700 745 non
707 713 779 745 haberet

77 761 105 793 ille
113 760 221 802 dispensator
231 761 253 793 ad
262 771 333 792 nrauum
343 761 385 803 quid
396 762 423 793 uel
435 761 538 802 pauperibus
550 766 609 802 posset
619 761 647 792 uel
658 761 693 792 suis
699 761 780 793 fratribus
790 770 809 792 to

78 820 153 851 erogare.
179 810 220 843 Loci
232 816 290 843 autem
302 809 348 843 illius
360 810 432 853 paludes
444 809 468 843 ita
480 810 542 852 frigore
554 809 622 852 glaciali
637 810 683 852 rigor
697 809 781 852 hyemalis

78 859 185 901 astrinxerat,
193 865 211 893 ut
216 860 257 893 nulli
265 859 335 902 nauigio
343 861 449 900 locusesset,
455 870 559 903 omnemque
566 860 665 893 facultatem
673 859 780 902 ingrediendi

78 911 106 943 uel
113 909 211 952 egrediendi
220 910 280 952 insula,
288 920 352 953 uorago
360 910 440 954 palustris
448 910 466 943 in
474 910 564 954 superficie
572 910 662 953 congelata
669 909 782 953 precluderet.

79 962 180 993 Procurator
190 960 252 1004 itaque,
260 966 325 1003 quanta
336 967 353 994 et
364 971 416 1004 quam
427 961 498 1003 inopina
509 961 580 1004 penuria
591 961 688 995 laborarent
700 960 782 994 indicauit

78 1010 147 1044 abbati:
163 1010 192 1053 qui
203 1011 250 1044 omni
262 1011 360 1043 diffidencia
371 1012 452 1053 relegata,
464 1011 557 1053 cogitatum
567 1022 617 1044 suum
629 1010 699 1045 iactauit
710 1011 728 1044 in
741 1019 810 1051 eum15

79 1061 108 1103 qui
120 1060 178 1093 celesti
193 1071 238 1103 pane
253 1060 300 1103 pauit
312 1061 395 1102 populum
407 1061 460 1092 lsrael
472 1060 490 1092 in
505 1061 579 1093 deserto.
607 1061 709 1101 ‘confidite
722 1059 783 1102 inquit,

79 1111 149 1151 fratres3
166 1120 201 1144 non
214 1110 260 1144 enim
272 1109 377 1153 derelinquet
388 1109 468 1144 dominus
480 1117 567 1153 sperantes
580 1109 597 1144 in
610 1120 635 1143 se.
661 1111 701 1153 Ipse
714 1108 782 1152 estqui

80 1160 132 1193 dicit:
145 1159 212 1193 ‘Petite
220 1166 237 1193 et
245 1159 342 1202 accipietis,’
350 1166 367 1193 et
375 1159 466 1203 ‘quicquid
474 1160 559 1202 pecieritis
565 1166 631 1202 patrem
636 1159 653 1193 in
661 1160 730 1193 nomine
737 1169 783 1199 meo,

80 1210 173 1244 fietuobis’
181 1221 185 1244 :
197 1210 234 1253 ipse
240 1208 450 1243 necessariaministrabit.
465 1211 506 1243 Non
512 1217 538 1243 est
545 1221 617 1253 regnum
624 1210 697 1244 deiesca
703 1216 720 1243 et
726 1215 783 1252 potus,

81 1262 112 1294 sed
119 1261 176 1303 gracia
184 1267 201 1294 et
213 1272 246 1303 pax
254 1261 271 1293 in
281 1260 342 1302 spiritu
351 1267 422 1300 sancto;
433 1272 466 1294 nee
474 1271 507 1294 nos
518 1261 559 1304 quid
569 1260 694 1294 manducemus
704 1267 734 1293 ant
742 1259 783 1302 quid
793 1268 812 1289 20

81 1311 165 1351 bibamus,
179 1310 255 1353 cogitare
268 1315 339 1352 oportet.
365 1310 402 1344 Scit
413 1309 459 1344 enim
472 1317 521 1352 pater
535 1316 594 1344 noster
606 1309 647 1351 quia
658 1310 691 1343 hiis
703 1309 784 1343 omnibus

81 1360 182 1403 indigemus.
211 1360 286 1394 Primum
298 1366 355 1394 autem
368 1360 474 1404 querendum
486 1366 513 1394 est
523 1371 595 1403 regnum
605 1360 638 1400 dei,
652 1366 669 1393 et
681 1360 714 1407 hee
726 1359 784 1393 omnia

81 1412 176 1445 adicientur
189 1411 250 1445 nobis!
278 1411 367 1445 Profectus
379 1410 436 1454 itaque
449 1410 466 1444 in
478 1410 569 1445 ecclesiam
584 1410 607 1444 ad
622 1410 723 1446 memoriam
737 1410 784 1444 beati

82 1462 167 1503 Guthlaci,
179 1461 203 1495 ibi
216 1462 302 1495 ‘animam
316 1473 365 1495 suam
377 1462 425 1505 quasi
436 1472 500 1505 aquam
512 1462 530 1495 in
541 1461 620 1495 oratione
631 1462 703 1496 deuotus
715 1461 784 1502 effudi&

81 1512 161 1544 fratribus
168 1512 220 1545 etiam
229 1512 265 1545 suis
273 1512 352 1554 precibus
363 1512 450 1544 humiliter
459 1511 583 1545 insistentibus.
605 1513 695 1554 Completa
702 1511 785 1551 oratione,
794 1521 813 1551 ²5

82 1562 153 1595 surrexit
171 1568 223 1605 atque
240 1561 346 1595 sermonibus
361 1561 478 1595 consolatoriis
497 1563 568 1594 fratrum
585 1562 684 1595 mesticiam
698 1560 786 1594 releuauit.

82 1611 160 1654 Expletis
175 1618 233 1645 autem
247 1617 298 1645 nocte
312 1611 342 1644 illa
354 1611 434 1645 laudibus
445 1611 540 1652 matutinis,
554 1622 592 1646 cum
607 1612 664 1646 adbuc
679 1611 697 1645 in
712 1611 786 1645 oratorio

82 1663 174 1705 psallentes
186 1669 203 1695 et
215 1668 283 1695 orantes
293 1661 326 1694 deo
337 1672 410 1704 pensum
421 1661 479 1695 debite
490 1661 577 1695 seruitutis
588 1661 674 1702 offerrent,
685 1660 741 1704 angeli
754 1672 786 1695 uox

82 1716 105 1749 ab
112 1716 147 1748 alto
155 1715 213 1749 audita
221 1722 247 1748 est
258 1715 275 1748 in
287 1715 329 1748 celle
340 1715 414 1748 confinio
424 1715 556 1758 proclamantis:
569 1714 647 1756 ‘Venite
655 1716 720 1748 deserte
727 1725 786 1747 mona·

82 1765 119 1798 chis
127 1765 189 1805 cibum,
198 1772 256 1807 parate
266 1764 346 1796 iratribus
356 1765 379 1796 ad
389 1764 504 1797 uescendum)
527 1764 568 1796 Hiis
578 1764 646 1803 auditis,
654 1765 709 1796 abbas
719 1764 737 1795 in
746 1774 785 1796 eam
794 1770 814 1800 30

83 1821 149 1857 partem
164 1825 199 1856 qua
213 1825 247 1847 uox
264 1814 323 1846 audita
341 1814 401 1854 luerat,
416 1813 516 1846 celerarium
535 1814 652 1856 quosdamque
671 1814 714 1847 alios
728 1813 786 1847 mittit.

84 1865 118 1908 Qui
126 1865 166 1898 dum
175 1874 206 1907 per
213 1865 289 1898 locorum
301 1863 411 1906 asperitatem
419 1863 459 1897 illuc
470 1863 545 1905 ueniunt,
553 1863 596 1897 duos
604 1873 664 1897 saccos
671 1864 761 1905 frumento,
769 1869 787 1897 et

84 1916 127 1949 duos
138 1914 193 1948 farina
208 1915 268 1957 plenos
282 1914 375 1947 inueniunt.
404 1914 516 1947 Admirantur
528 1914 555 1947 dei
567 1914 701 1948 misericordiam
712 1921 729 1948 et
741 1913 787 1947 beati

84 1965 164 2000 Guthlaci
182 1965 287 2008 suffragium,
302 1964 362 2008 suique
377 1964 445 1998 abbatis
460 1965 522 1998 metita
535 1971 635 2008 pensantes,
650 1975 686 1998 non
701 1964 786 1998 sufficiunt

83 2023 151 2049 tantum
165 2026 226 2057 capere
241 2016 328 2058 gaudium,
342 2026 375 2048 nec
390 2016 469 2047 dubitant
484 2017 555 2056 angelos
568 2015 643 2047 affuisse.
674 2015 729 2057 Rigor
741 2014 787 2047 enim
795 2026 814 2055 35

84 2065 171 2107 temporis,
185 2071 202 2099 et
215 2063 347 2098 incommoditas
359 2064 398 2106 loci,
412 2064 477 2097 nullum
489 2064 565 2097 hominis
577 2064 680 2098 admittebat
694 2073 788 2098 accessum.

86 2115 151 2158 Quinta
159 2115 202 2149 seria
211 2121 247 2149 erat
257 2114 326 2158 quando
335 2125 394 2148 seruos
404 2124 445 2147 suos
453 2114 533 2147 dominns
543 2114 567 2147 ita
577 2113 669 2157 magnifice
680 2121 698 2148 et
709 2114 789 2148 munifice

85 2166 165 2199 uisitauit.
188 2167 239 2199 Vnde
248 2172 265 2199 et
278 2166 355 2207 ingulfus
365 2167 420 2198 abbas
431 2165 504 2199 instituit
515 2171 534 2199 ut
545 2165 568 2198 ad
579 2166 663 2199 honorem
673 2165 701 2199 dei
713 2172 730 2199 et
742 2163 789 2199 beati

85 2216 165 2251 Guthlaci
173 2216 244 2259 singulis
252 2215 352 2258 septimanis
360 2216 420 2259 quinta
425 2215 468 2249 feria
472 2216 533 2250 ceteris
541 2216 602 2249 diebus
610 2216 693 2250 celebrior
699 2216 788 2250 habeatur.

88 2308 201 2383 PRocessu
214 2307 296 2350 temporis
311 2307 427 2340 Huliketellus
442 2306 508 2340 abbas¹
523 2317 581 2340 curam
597 2306 675 2341 eiusdem
690 2306 788 2340 monasterii
796 2319 816 2348 4⁰

146 2363 241 2400 acceperat,
249 2357 278 2401 qui
286 2356 346 2391 uidens
354 2357 400 2401 quod
408 2356 481 2390 orationi
489 2364 506 2391 et
513 2353 583 2391 lectioni
592 2367 624 2402 pro
634 2364 675 2391 uoto
686 2367 717 2390 suo
727 2366 789 2390 uacare

86 2419 121 2441 non
132 2409 312 2450 posset—exercitium
322 2409 369 2441 enim
382 2407 475 2451 spiritualis
486 2409 554 2450 milicie,
565 2415 583 2442 et
595 2408 670 2451 quietem
683 2408 789 2451 contempla·

86 2458 144 2498 tionis,
150 2459 222 2491 exterior
229 2470 285 2491 rerum
293 2458 419 2492 administratio
425 2459 618 2492 molestabat-cuidam
624 2457 709 2500 prediuiti‚
714 2458 789 2491 Assordo

86 2508 160 2548 nomine,
172 2508 232 2550 predia
243 2508 315 2542 ecclesie
326 2510 358 2542 sub
368 2520 426 2543 annua
437 2509 520 2552 pensione
531 2508 606 2542 tenenda
617 2507 708 2541 commisit.
731 2508 789 2541 Huius

107 2583 112 2601 ¹
123 2582 193 2623 Ingulfus
200 2592 232 2614 uos
238 2583 286 2614 abbot
294 2581 389 2625 1076-1109.
453 2583 459 2600 ²
470 2582 575 2615 Hulsstctellus
581 2592 612 2614 uus
619 2582 667 2614 abbot
675 2589 768 2622 roga-1075.

422 2656 432 2689 3
443 2654 456 2679 a
467 2655 477 2679 2
