1762 2803
134 134 177 178 2⁷⁶3
324 132 404 185 uacua
420 128 536 193 termut
552 129 645 192 annio.

258 292 273 328 il
286 284 319 326 DE
330 301 400 325 SANCTO
412 283 504 326 Oswuto¹
515 301 564 326 REGE
576 301 599 325 ET
610 290 710 325 ummah

171 366 227 402 Eatus
239 365 288 401 enim
299 364 386 400 Oswinus
397 375 421 400 ex
433 365 549 411 antiquorum
560 365 661 400 clarissima
672 375 737 410 regum
749 369 835 412 prosapia

192 419 295 462 Anglorum
314 419 402 453 oriundus
421 419 485 453 extitit.
515 420 559 453 Post
579 425 658 452 mortem
676 418 768 462 siquidem
786 422 836 464 regis

134 471 338 507 Northanhumbrorum
349 471 426 512 Edwini,
434 471 499 516 primis
509 472 549 506 eius
560 470 701 512 successoribus,
710 470 775 505 Osrico
785 472 835 508 vide·

133 524 175 557 licet
186 534 230 567 rege
242 523 339 557 Deirorum
351 528 369 556 et
381 524 468 557 Eanfrido
480 523 611 564 Berniciorum,
624 524 711 567 apostatis
722 534 733 556 a
744 524 836 559 Cedwalla

116 582 176 619 trege
190 574 286 609 Britonum
297 574 344 610 iusto
356 575 386 609 dei
397 575 462 610 iudicio
474 575 545 618 deletis,
556 576 603 610 filius
615 575 674 609 Osrici
685 574 778 618 Oswinus,
789 587 814 611 ne
825 588 836 612 a

133 628 226 664 Cedwaila
233 627 359 673 perimeretur,
365 639 402 664 non
408 640 465 674 paruo
471 633 554 675 tempore
562 628 611 674 apud
618 628 746 664 Occidentales
752 628 836 666 Saxones

133 682 219 725 exulauit,
232 693 347 726 regnumque
360 682 458 717 Deirorum
474 687 492 716 et
508 682 634 716 Berniciorum
649 682 751 724 Oswaidus,
764 682 836 717 Edwini

133 735 182 779 regis
196 745 255 779 nepos
268 746 292 770 ex
306 746 369 769 sorore
382 735 443 769 Acca³
455 734 567 779 progenitus,
581 733 662 769 obtinuit.
684 735 724 777 Quo
738 736 813 771 tandem
825 747 836 771 a

79 793 81 798 '
133 787 211 832 paganis
223 787 338 829 martirizato,
347 787 434 822 successit
446 788 501 822 irater
511 798 555 821 suus
565 787 622 830 Oswi,
631 792 649 821 et
655 786 719 831 viginti
730 792 771 821 octo
783 789 836 823 annis

107 852 126 872 ιο
135 840 225 874 laboriose
245 840 333 885 regnauit.
361 840 445 874 Audiens
460 839 514 884 igitur
529 840 617 874 Oswinus
636 840 719 881 exulans,
734 839 783 874 filius
798 841 836 876 scil.

135 894 200 937 Osrici,
212 893 255 938 quia
267 894 352 928 defuncto
364 893 450 928 Oswaldo
465 899 553 937 regnaret
564 894 616 927 Oswi
627 904 661 938 pro
673 894 728 927 fratre
741 904 780 936 suo,
792 894 836 929 inito

134 958 176 981 cum
190 947 228 981 suis
242 947 321 988 consilio,
334 947 357 981 ad
369 957 447 990 regnum
459 946 557 981 Deirorum
570 957 672 990 regressus,
684 947 706 980 ab
719 946 769 980 omni
782 948 836 990 plebe

134 999 212 1033 letanter
226 999 318 1043 recipitur,
334 1004 352 1032 et
368 999 387 1032 in
402 1010 470 1042 regem,
483 999 557 1033 nemine
570 999 711 1041 contradicente,
723 999 836 1041 sublimatur,

134 1063 182 1086 anno
193 1051 261 1086 domini
272 1051 407 1087 sexcentesimo
417 1051 558 1096 quadragesimo
568 1052 654 1094 secundo,
662 1057 681 1085 et
691 1051 786 1096 prouincie
795 1052 836 1086 Dei·

107 1114 125 1143 15
134 1115 196 1138 rorum
210 1115 277 1137 nouem
291 1104 344 1138 annis
359 1104 378 1137 in
392 1105 472 1138 maxima
485 1104 567 1138 omnium
581 1114 643 1138 rerum
656 1103 753 1146 affluentia,
767 1109 785 1137 et
796 1105 836 1148 ipse

133 1157 216 1192 amabilis
222 1157 312 1199 omnibus,
318 1156 391 1202 prefuit.
415 1156 459 1192 Erat
465 1157 515 1191 enim
522 1157 585 1191 oculus
591 1167 640 1201 ceco,
644 1167 679 1202 pes
686 1156 756 1200 claudo,
761 1157 836 1192 baculus
856 1188 858 1193 .

133 1212 218 1255 tremulo,
233 1212 358 1256 orphanorum
377 1216 395 1246 et
409 1210 505 1246 viduarum
521 1210 639 1255 omniumque
657 1210 777 1255 indigentium
795 1211 836 1256 pius

134 1271 191 1309 pater.
207 1265 300 1308 Pauperes
309 1270 327 1299 et
336 1265 417 1298 maxime
423 1264 532 1308 peregrinos
537 1264 618 1308 benigne
624 1264 728 1307 recipiebat,
735 1264 837 1298 esurientes

134 1318 198 1359 alebat,
214 1317 273 1351 nudos
288 1317 388 1352 vestiebat:
408 1322 426 1351 et
441 1317 526 1351 omnibus
543 1318 583 1351 eius
598 1316 688 1351 beneficia
702 1317 836 1361 postulantibus

107 1382 126 1402 zo
135 1371 216 1404 hilariter
224 1371 346 1412 impendebat.
391 1364 442 1404 Cum
450 1371 505 1413 igitur
511 1371 540 1404 vir
548 1372 577 1403 dei
585 1370 658 1412 pietatis
665 1375 738 1403 vacaret
745 1370 837 1412 operibus,

134 1422 214 1458 humane
225 1422 288 1456 salutis
299 1422 383 1457 inimicus
394 1422 450 1465 Oswi,
459 1433 522 1466 regem
534 1421 665 1464 Berniciorum,
677 1420 736 1465 magis
746 1433 767 1455 ac
778 1421 837 1466 magis

135 1476 224 1510 aduersus
237 1486 280 1509 eum
292 1474 383 1518 excitauit,
395 1480 413 1510 et
426 1475 484 1509 donec
496 1475 611 1519 congregatis
623 1474 733 1509 exercitibus
746 1475 769 1509 ad
782 1475 837 1518 preli·

135 1530 208 1569 andum,
218 1528 237 1561 in
247 1528 286 1562 loco
296 1528 327 1572 qui
339 1528 495 1562 ‘Wilfaresdoun'
505 1528 571 1563 dicitur
581 1533 702 1571 occurrerent,
712 1527 837 1563 inflammauit.

136 1582 232 1616 Piissimus
240 1587 301 1615 autem
309 1592 343 1615 rex
349 1581 436 1616 Oswinus
444 1581 509 1616 videns
517 1592 566 1623 suos,
574 1581 616 1615 licet
624 1581 680 1614 multo
688 1580 789 1625 pauciores,
796 1591 837 1615 cum

109 1645 126 1675 ²5
135 1634 218 1668 hostibus
230 1633 314 1668 volentes
326 1635 443 1676 contendere,
455 1638 473 1667 et
486 1644 520 1677 pro
533 1644 577 1678 rege
591 1644 625 1667 suo
638 1640 712 1677 paratos
723 1634 837 1674 occumbere,

135 1687 181 1721 dixit
196 1687 219 1721 acl
234 1697 276 1721 eos:
295 1686 432 1730 ‘Congratulon
447 1698 457 1720 o
471 1686 565 1730 principes
580 1692 598 1721 et
613 1686 677 1720 fideles
692 1685 764 1727 milites,
775 1692 837 1721 vestre

135 1739 221 1785 probitati
233 1745 251 1774 et
263 1738 334 1783 milicie,
343 1744 361 1774 et
372 1738 440 1784 gratias
452 1750 486 1784 ago
498 1740 546 1774 bone
554 1738 642 1774 voluntati
652 1744 719 1774 vestre.
741 1739 779 1774 Sed
791 1737 838 1773 absit

135 1806 146 1827 a
157 1805 187 1826 me
194 1798 214 1826 vt
226 1794 262 1825 mei
275 1792 330 1826 solius
342 1803 397 1826 causa
408 1792 450 1826 belli
462 1792 561 1826 discrimen
573 1803 637 1827 omnes
648 1792 751 1833 incurratis,
759 1791 790 1835 qui
801 1802 837 1833 me,

135 1856 247 1891 quamquam
258 1846 298 1878 iure
309 1845 409 1887 dominum,
417 1856 519 1889 pauperem
529 1850 591 1879 tamen
602 1851 620 1880 et
630 1845 704 1880 exulem
711 1845 763 1880 vobis
774 1853 837 1888 regem

134 1937 184 1968 saneti
191 1936 233 1966 serui
240 1935 263 1965 tui
270 1935 341 1964 Oswaldi
350 1934 462 1972 solempnitate
469 1936 569 1971 consecrasti,
577 1936 597 1965 da
604 1936 676 1965 cordibus
684 1934 742 1965 nostris
749 1934 772 1965 tui
779 1933 838 1964 amoris

134 1977 235 2013 caritatisque
240 1979 347 2013 augmentum,
352 1978 369 2003 ut
375 1975 419 2005 cuius
425 1975 440 2003 in
446 1975 491 2004 terris
496 1976 546 2004 sancti
551 1976 632 2012 sanguinis
638 1976 730 2005 effusionem
736 1975 837 2012 celebramus,

134 2017 177 2045 illius
184 2016 200 2044 in
208 2015 242 2043 celo
249 2015 306 2043 collata
313 2014 401 2050 patrocinia
407 2015 501 2049 senciamus,
508 2024 541 2051 per.
562 2016 597 2053 <Ba
606 2014 647 2051 San,
654 2015 673 2044 cf.
682 2015 709 2045 Br.
716 2014 782 2050 Aberd.)

154 2057 160 2074 ¹
171 2054 205 2085 MS.
212 2054 237 2091 T,
244 2058 261 2083 at
268 2054 295 2082 the
302 2053 368 2089 bcttom,
376 2053 421 2090 gives
428 2053 456 2082 the
463 2053 544 2091 following
551 2053 649 2092 genealogy:

293 2103 390 2132 Ethelsridus
476 2103 532 2132 iratres
621 2103 682 2133 Eirieus

325 2152 356 2171 rex

236 2282 446 2331 Oswaldumssuansridum.
650 2326 653 2332 ,

580 2340 662 2371 Oswinum
670 2349 728 2378 regem.

156 2388 191 2419 Elle
200 2397 230 2418 rex
240 2387 323 2417 Deirorum
334 2388 389 2425 genuit
400 2387 483 2418 Edwinum
494 2398 548 2426 regem
558 2393 575 2418 et
584 2387 667 2426 martirem,
678 2392 694 2418 et
704 2387 762 2418 Accam
773 2389 837 2417 matrem

136 2430 187 2460 sancti
194 2428 265 2457 Oswaldi
272 2428 319 2464 regis.

156 2469 162 2487 ²
172 2468 201 2498 Ed.
210 2469 226 2498 in
233 2467 269 2497 Act.
277 2467 306 2497 SS.
314 2467 354 2496 Boll.
362 2466 402 2505 Aug.
410 2467 437 2498 lv.
444 2478 459 2506 p.
467 2469 491 2504 63.
511 2468 592 2506 Abridged
601 2468 641 2498 from
647 2468 684 2498 Vita
691 2468 707 2497 in
718 2467 752 2498 MS.
760 2466 802 2496 Cott.
810 2464 838 2494 lul.

135 2510 154 2541 A.
165 2509 186 2547 X,
193 2509 240 2546 Corp.
249 2507 286 2537 Chr.
294 2507 334 2537 Coll.
342 2507 378 2536 Oxi.
387 2517 415 2545 134
423 2508 450 2547 (12
457 2507 511 2547 cent).
518 2509 542 2538 ed.
553 2509 618 2539 Surtees
629 2509 665 2538 Soc.
676 2508 719 2538 Misc.
730 2507 784 2545 Biogr.
793 2507 836 2542 1834.

135 2560 156 2580 an
169 2548 281 2586 amplification
293 2547 333 2577 from
345 2547 390 2577 Beda
402 2548 431 2578 lll.
445 2558 468 2585 14.
490 2547 506 2578 S.
520 2549 576 2579 Oswin
589 2559 623 2580 was
637 2548 694 2578 buried
708 2553 724 2578 at
737 2544 838 2586 'synemouth

137 2589 231 2628 [translated
242 2589 313 2626 1065,1r
325 2587 392 2627 March).
452 2588 458 2605 ³
469 2587 486 2617 E.
494 2588 539 2618 Acta.
