1762 2803
134 135 187 191 580*
399 132 523 196 antennis
540 135 571 180 ΙΙ,

132 268 181 292 suum
194 256 292 291 venientem
305 257 393 300 prouenit!
415 259 439 292 Et
451 269 481 301 pre
492 258 557 300 gaudio
568 268 597 291 rex
608 267 668 291 canem
681 258 771 301 diligenter
781 263 832 304 pauit,

131 318 203 349 sperans
214 318 245 349 per
256 318 294 339 eum
306 307 342 340 eius
354 309 443 341 dominum
454 309 573 341 aduenturum.
600 310 629 342 Set
642 319 690 341 secus
702 310 774 351 contigit
782 321 832 352 quarn

132 357 218 399 sperabat.
241 358 288 389 uam
301 357 346 390 illico
360 368 399 390 cum
411 358 505 400 leporarius
519 358 593 391 saciatus
604 357 670 399 suisset,
681 369 760 392 reuersus
771 367 797 394 est
810 364 832 397 ad

131 405 220 439 dominum
231 417 281 439 suum
292 414 309 440 et
318 407 365 440 iuxta
376 418 437 450 corpus
447 408 484 441 eius
494 414 584 441 consuetas
592 408 673 441 excubias
681 409 776 443 celebrauit.
800 411 831 452 Qui

114 458 192 500 5iterum
203 463 242 500 post
253 458 334 500 triduum,
345 459 391 491 fame
403 460 515 501 conpellente,
527 459 549 492 ad
562 469 640 492 mensam
653 458 698 501 regis
710 457 796 502 ingressus
807 469 832 497 est

131 508 187 541 denno
202 508 309 543 reficiendus.
339 511 376 543 Rex
390 510 501 543 vehementer
515 510 602 542 admirans
618 509 667 543 iussit
683 509 749 553 insequi
762 511 832 553 vestigia

131 557 178 590 canis
187 558 201 590 si
209 559 295 591 recederet
303 560 325 591 ab
336 560 380 600 aula,
388 565 405 592 et
416 559 508 601 diligenter
517 570 550 602 quo
560 565 638 601 pergeret
647 560 739 601 explorare.
761 562 832 596 Factum

131 613 157 642 est
172 614 229 641 autern
242 619 253 641 a
263 609 346 644 ministris
361 616 379 644 vt
392 610 416 644 eis
430 621 440 643 a
453 620 493 651 rege
504 610 558 643 fuerat
571 609 678 652 imperatum.
700 611 724 643 Et
735 620 796 644 canem
806 623 832 646 re-

131 659 222 692 cedentem
237 659 366 703 subsequentes,
378 661 401 695 ad
415 661 506 695 Lothbroci
522 671 583 703 corpus
600 660 678 695 exanime
697 667 736 695 sunt
751 662 831 705 perducti.

104 719 122 739 10
132 711 210 752 Cumque
217 710 249 742 hec
257 711 291 752 regi
303 712 390 744 declarata
396 711 473 752 fuissent,
482 712 590 753 perturbatus
601 717 627 744 est
638 711 755 752 vehementer,
763 717 780 745 et
787 712 832 747 facta

131 759 242 801 inquisicione
254 760 275 793 de
287 767 341 795 morte
349 762 391 802 eius,
399 763 474 794 Bernum
481 766 581 794 venatorem
592 760 614 794 de
626 771 677 803 opere
688 761 782 803 nephando
793 773 831 797 con·

131 808 177 841 uicit.
194 810 217 842 Et
225 809 272 843 iussit
280 821 291 842 a
298 810 381 843 militibus
389 812 410 843 de
418 811 465 843 curia
473 821 504 843 sna
511 810 605 844 adiudicari
613 820 635 843 ac
642 811 685 852 legis
694 811 756 853 peritis,
763 812 803 853 quid
811 813 832 846 de

130 858 217 893 homicida
231 860 275 894 soret
289 862 380 903 agendum.
408 861 431 893 Et
446 871 506 894 omnes
521 860 538 893 in
553 861 587 893 hoc
601 860 665 903 pariter
680 867 801 894 consenserunt
815 869 832 896 vt

131 916 201 943 venator
209 910 226 943 in
234 910 264 943 illa
271 911 351 944 nauicula
359 912 376 945 in
384 922 418 955 qua
425 912 531 945 Lothbrocus
538 910 555 944 in
561 910 641 952 Angliam
648 911 730 954 applicuit
736 918 831 954 poneretur,

105 965 148 1000 15et
162 961 180 993 in
195 961 252 994 medio
267 962 320 995 maris
336 963 382 995 solus
397 963 434 996 sine
449 962 496 995 omni
512 962 624 995 instrumento
639 961 696 995 nauali
716 961 831 998 dimitteretur.

131 1012 192 1052 ltaque
203 1018 275 1044 venator
286 1010 333 1045 iuxta
346 1012 393 1054 quod
407 1012 528 1045 sententiatum
541 1013 595 1045 fuerat
608 1012 625 1045 in
636 1023 684 1045 mare
696 1013 782 1054 dimissus,
794 1021 831 1055 post

130 1059 167 1092 dies
178 1071 241 1102 paucos
256 1060 274 1093 in
289 1062 362 1094 Daciam
374 1069 400 1094 est
412 1062 502 1104 proiectus.
525 1062 609 1104 Quicum
621 1073 632 1093 a
643 1068 722 1104 portuum
734 1064 831 1097 custodibus

130 1111 209 1143 inuentus
217 1110 281 1152 suisset,
287 1118 403 1154 cognouerunt
411 1112 508 1145 nauiculam
514 1111 566 1151 Dani,
573 1112 619 1154 quod
627 1111 645 1144 in
653 1111 682 1144 illa
690 1111 832 1147 dominuscorum

131 1160 237 1194 Lothbrocus
251 1167 362 1196 consueuerat
374 1163 466 1205 aucupari:
483 1167 500 1195 et
511 1163 626 1205 perduxerunt
639 1172 679 1194 eurn
692 1162 715 1195 ad
729 1164 803 1204 lnguuar
816 1171 832 1197 et

104 1210 199 1244 20Vbbam
212 1210 255 1244 filios
268 1211 366 1253 Lothbroci,
378 1213 423 1245 viros
436 1218 515 1254 potentes
527 1217 544 1244 et
556 1212 638 1245 crudeles
661 1212 695 1254 Qui
707 1212 788 1244 continuo
802 1215 831 1246 ad-

130 1259 189 1291 hibitis
197 1261 289 1293 tortoribus
297 1268 389 1302 exegerunt
395 1264 468 1294 aBerno
476 1262 517 1303 quid
525 1262 547 1293 de
556 1267 604 1302 patre
615 1271 646 1292 suo
654 1261 683 1303 qui
691 1260 709 1293 in
717 1260 746 1293 illa
753 1262 831 1295 nauicula

130 1310 152 1342 ab
163 1308 188 1342 eis
198 1310 252 1343 fuerat
264 1312 361 1344 subtractus
372 1318 430 1344 actum
441 1311 506 1344 suisset.
529 1312 595 1343 Bernus
609 1321 676 1353 quoque
688 1310 762 1351 grauiter
773 1317 791 1344 et
803 1311 831 1345 din

130 1358 202 1394 diuersis
213 1360 286 1395 afflictus
298 1361 392 1403 tormentis,
400 1362 466 1404 fingens
478 1360 587 1395 mendacium
598 1359 640 1394 dixit
652 1360 697 1403 quod
709 1367 758 1404 pater
769 1371 830 1403 eorum,

130 1421 169 1444 cum
177 1421 217 1444 casu
225 1411 335 1454 applicuisset
341 1413 359 1445 in
365 1412 467 1455 Angliam,a
473 1422 512 1454 rege
520 1411 643 1453 Estanglorum
649 1412 742 1445 Edmundo
748 1412 831 1451 inuentus,

103 1469 121 1499 25
130 1466 147 1494 et
155 1461 193 1502 ipso
201 1461 270 1494 iubente
277 1462 332 1494 suerat
340 1463 443 1495 interiectus.
466 1463 489 1495 At
499 1462 521 1494 iui
534 1462 556 1494 de
567 1467 622 1494 morte
633 1461 687 1503 patris
698 1461 724 1494 sui
734 1462 831 1503 perturbati,

130 1517 147 1543 ct
158 1511 200 1542 alias
211 1523 232 1543 ex
243 1517 315 1553 paterna
326 1513 459 1554 exprobracione
470 1518 487 1545 et
498 1511 563 1543 inuidia
574 1511 681 1550 inflammati,
693 1510 791 1543 iurauerunt
803 1522 831 1552 per

130 1559 257 1603 omnipotentes
266 1562 307 1594 deos
316 1571 355 1594 suos
363 1562 410 1604 quod
419 1561 570 1603 exprobracionem
581 1560 627 1592 illam
639 1566 655 1592 et
663 1560 716 1602 patris
727 1559 752 1592 sui
760 1567 831 1592 mortem

130 1620 165 1644 non
177 1610 292 1653 relinquerent
304 1611 396 1653 inpunitas.
415 1612 490 1643 Bernum
499 1620 566 1653 quoque
576 1615 674 1642 venatorem
686 1610 714 1653 qui
726 1611 743 1643 in
755 1610 831 1642 nauicula

130 1660 183 1703 patris
191 1661 217 1693 sui
225 1662 324 1702 aduenerat,
332 1662 455 1695 constituerunt
462 1661 550 1694 ductorem
558 1670 607 1693 suum
615 1665 632 1693 vt
640 1671 659 1693 se
666 1660 683 1693 in
691 1670 749 1702 regem
754 1660 831 1693 Edmun·

103 1717 122 1746 30
130 1710 172 1744 dum
180 1710 290 1744 vindicarent.

129 1796 144 1832 u
152 1798 183 1829 Du
190 1804 283 1829 anvnuru
291 1797 394 1829 Dauouuur
402 1804 423 1828 ru
433 1798 563 1835 Esrauotmu,
569 1802 618 1833 Quos
628 1802 712 1828 saucrus
721 1797 830 1828 Ennruuous

251 1852 380 1878 axruouaunr
391 1853 415 1879 ac
425 1853 450 1878 aa
461 1846 572 1878 Esrnuonra
583 1852 711 1876 anrnnnnnnr.

252 1911 284 1942 Ex
290 1910 362 1943 cronicis
374 1910 448 1950 Weslm,
456 1909 496 1951 Ely,
505 1908 592 1949 madata,
601 1911 618 1941 et
624 1907 712 1941 Mariani.

169 1974 210 2005 Nno
221 1973 272 2014 igitur
283 1973 305 2006 ab
317 1972 437 2006 incarnacione
449 1972 519 2013 domini,
528 1972 578 2004 dccc⁰
586 1972 626 2012 lxv0,
634 1977 651 2004 et
661 1982 708 2004 anno
718 1972 766 2014 regni
778 1968 829 2003 sancti

191 2022 278 2054 Edmundi
293 2022 365 2064 decimo,
385 2023 453 2064 inguar
471 2027 487 2054 et
504 2022 555 2053 Vbba
574 2031 613 2053 cum
632 2022 693 2061 Berno,
712 2020 830 2054 comitantibus

129 2072 198 2114 regibus
207 2071 279 2114 paganis
289 2073 381 2112 Halidene,
391 2072 463 2112 Oskitcl,
475 2072 548 2112 Bagseg,
560 2071 633 2110 Hostem
643 2069 710 2111 Eowils,
721 2069 803 2103 Hamund
814 2072 829 2100 et

130 2123 214 2164 Guthrun,
230 2132 269 2155 cum
283 2121 343 2164 viginti
358 2121 426 2155 milibus
442 2126 546 2153 annatorum
558 2130 605 2153 mare
621 2129 660 2152 cum
674 2120 747 2153 nauibus
760 2116 829 2160 ingressi

103 2178 188 2207 35versus
200 2172 287 2214 regionem
301 2172 390 2215 Estanglie
405 2172 443 2205 vela
458 2171 555 2204 direxerunt
569 2176 586 2204 et
602 2180 655 2211 anna,
670 2176 689 2203 vt
704 2181 723 2203 se
742 2171 759 2203 in
773 2177 829 2211 regem

130 2224 247 2263 Edmundum,
260 2223 282 2255 de
294 2229 349 2255 morte
361 2223 390 2255 illa
402 2221 470 2264 penitus
482 2222 574 2260 insontem,
587 2221 641 2254 vitum
657 2220 705 2254 irent.
734 2222 764 2254 Set
777 2217 830 2252 ventis

130 2272 147 2305 in
163 2271 266 2304 contrarium
280 2272 353 2304 classem
369 2272 495 2314 inpellentibus,
510 2272 527 2303 in
543 2270 604 2303 Scocia
622 2271 669 2312 apud
688 2271 766 2303 Berwike
782 2275 830 2309 super

130 2323 212 2355 Tivedam
224 2322 308 2363 compulsi
322 2327 362 2354 sunt
374 2321 466 2364 applicare,
477 2320 505 2353 vbi
518 2320 649 2363 premeditatum
663 2321 744 2354 seuiendo
757 2320 829 2360 depopu-

129 2373 215 2407 laciouem
225 2371 352 2413 inchoauerunt,
360 2382 423 2415 pueros
433 2377 450 2404 et
458 2382 508 2404 senes
516 2381 592 2414 quosque
600 2371 632 2404 sibi
640 2371 701 2404 obuios
709 2370 828 2414 iugulanerunt‚

101 2431 121 2459 40
130 2422 267 2456 sanctimoniales
283 2421 356 2464 virgines
372 2427 389 2454 et
404 2428 491 2454 matronas
506 2421 580 2454 ludibrio
593 2421 686 2455 tradendas
701 2422 829 2456 mandauerunt,
849 2427 851 2431 ⁴

129 2474 210 2507 ecclesias
222 2479 238 2506 et
250 2471 355 2506 monasteria
366 2478 382 2505 et
394 2471 480 2504 ministros
493 2471 560 2504 illorum
571 2473 614 2505 ferro
626 2478 643 2505 et
655 2472 729 2505 flammis
740 2475 829 2508 consump-

129 2529 192 2556 serunt.
222 2523 284 2554 Omnis
300 2522 363 2564 quippe
378 2521 432 2562 nacio,
448 2522 503 2554 omnis
519 2522 604 2562 condicio,
620 2522 676 2554 omnis
694 2521 783 2564 professio,
798 2525 829 2557 que

130 2572 217 2606 Christum
225 2572 343 2613 confitebatur,
348 2577 385 2605 erat
393 2571 425 2605 illis
434 2571 482 2614 quasi
490 2571 569 2614 publicus
576 2571 634 2613 hostis,
641 2572 680 2614 quia
688 2570 705 2604 in
713 2571 765 2604 fidem
772 2566 828 2600 catho-

333 2713 343 2729 ,a
