1762 2803
290 106 336 162 br
351 105 451 159 &aaut
468 104 573 157 donoro.
742 110 783 163 167

83 228 102 261 in
118 229 201 263 omnibus
219 230 330 265 dilexerunt.
375 222 458 265 Sanctus
470 239 514 263 vero
529 228 564 271 dei,
576 227 653 273 gloriam
664 233 683 262 et
694 227 783 262 honorem

83 282 150 315 timens
160 284 286 327 temporalem,
294 283 337 317 abiit
348 282 367 317 in
375 283 454 316 desertis
466 282 559 316 montibus
566 291 636 324 vagans
644 287 663 315 vt
672 281 783 322 nemorista;

83 335 113 368 vbi
126 335 155 368 vir
166 337 250 370 sanctus¹
265 335 338 370 ieiuniis
352 342 370 370 et
382 335 507 370 orationibust
519 346 540 370 ac
552 334 618 379 vigiliis
630 334 692 369 multis
704 334 739 368 deo
753 334 784 367 de·

84 388 172 430 seruiens,
186 390 285 424 vanitatem
304 390 367 424 mundi
383 387 486 432 respuens³
500 390 556 424 vitam
571 388 635 422 finiuit.
658 388 726 430 Quinto
740 397 785 421 vero

83 441 124 474 idus
134 443 242 485 septembris
253 443 276 476 ad
284 443 372 477 celestem
380 441 472 476 transiens
480 440 603 483 Hierusalem,
611 441 681 485 accepit
687 441 785 475 coronam⁴
793 452 802 482 5

83 504 138 537 quarn
152 496 256 536 repromisit
268 496 315 529 deus
328 494 446 540 diligentibus
462 505 488 528 se.
511 495 547 529 Hic
562 504 629 528 seruus
641 499 670 528 est
684 494 714 528 ille
729 504 784 538 quern

84 547 169 579 dominus
180 538 248 583 inuenit
259 549 377 592 vigilantem
390 547 418 582 cui
432 547 517 582 dominus
529 548 602 581 tradidit
615 548 696 591 quinque
711 547 784 589 talenta,

83 605 102 633 et
110 599 190 633 lucratus
198 607 225 635 est
233 601 268 635 alia
275 602 362 646 quinque,
371 607 389 636 et
397 601 471 635 intrauit
479 601 497 635 in
506 611 583 645 regnum
595 601 663 635 domini
673 601 707 635 sui.
731 600 784 643 Quod

85 653 171 687 dominus
182 660 245 689 noster
256 655 275 689 in
287 656 324 689 vita
337 666 370 689 sua
382 654 489 689 mirabiliter
502 656 615 696 monstrauit,
629 660 647 689 et
660 660 702 699 post
714 655 783 689 obitum

84 717 138 740 suum
146 706 199 741 valde
207 709 312 750 mirabilius,
320 709 390 743 crebris
400 708 551 742 choruscantibus
560 708 652 742 miraculis
659 708 719 742 locum
728 718 783 752 quem
794 717 813 740 ¹0

84 759 179 793 moderni⁵
187 760 266 795 Stafl'ord
274 767 390 805 nuncupant:
401 761 443 805 quia
451 761 520 795 claudis
528 771 618 805 gressum,
624 762 680 795 mutis
687 760 784 805 loquelam,

84 813 145 846 surdis
163 813 249 855 auditum,
266 814 315 847 cecis
330 814 396 855 visum,
412 818 430 847 et
446 813 486 846 aliis
502 813 625 856 languoribus,
644 824 707 847 amore
725 815 785 848 sancti

85 865 185 908 Bertellini,
201 867 258 901 donec
274 866 348 910 quidam
362 868 382 900 in
397 866 475 900 ecclesia
488 875 521 900 sua
534 866 651 900 commiserat
663 865 785 907 homicidium,

84 920 170 953 dominus
181 920 272 963 cupitam⁰
283 920 362 963 prestitit
377 921 479 954 sanitatem.
503 919 546 952 Erat
559 919 609 952 enim
621 919 639 953 in
651 919 694 953 villa
706 919 785 953 Stafford

48 996 50 1000 -
84 972 159 1015 quidam
170 971 224 1006 homo
235 973 310 1007 nomine
320 971 410 1014 Willmot,
421 971 545 1016 cortuarii(!)³
561 976 615 1005 vtens
626 977 676 1006 arte:
690 971 718 1006 hic
730 971 786 1006 homo
796 981 813 1011 15

84 1025 146 1058 multis
158 1026 217 1067 annis,
227 1026 266 1059 iere
280 1025 366 1067 sedecim,
379 1035 454 1059 suorum
469 1024 510 1058 visu
521 1025 578 1058 caruit
590 1024 690 1066 oculorum,
701 1025 726 1058 ita
737 1025 785 1068 quod

84 1086 121 1109 non
129 1075 187 1119 potuit
195 1076 279 1110 dedomo
290 1085 324 1110 sua
332 1076 420 1110 recedere
431 1076 471 1110 sine
479 1075 525 1110 duce
537 1075 568 1119 qui
576 1075 601 1109 illi
612 1076 630 1109 in
641 1076 679 1110 suis
690 1075 785 1111 itineribus

84 1129 195 1162 subueniret.
218 1129 300 1163 Tandem
309 1128 371 1163 multis
379 1129 447 1172 elapsis
455 1129 509 1162 annis
517 1129 583 1162 ductus
590 1128 613 1162 ad
622 1128 718 1163 ecclesiam
727 1130 785 1163 sancti

84 1181 178 1215 Bertellini
193 1182 212 1216 in
225 1184 266 1226 ipsa
278 1182 320 1216 villa
332 1181 418 1223 Stafsord,
429 1192 483 1215 causa
496 1182 617 1225 recuperandi
630 1191 664 1216 sue
677 1180 785 1225 egritudinis

84 1234 195 1276 sanitatem⁸,
206 1235 259 1269 flexis
272 1235 350 1278 genibus
365 1234 384 1268 in
398 1234 479 1267 oratione
492 1239 534 1267 ante
547 1234 604 1267 altare
615 1235 673 1268 sancti
685 1234 785 1275 Bertellini,
795 1245 814 1265 ιο

84 1287 127 1320 dum
141 1287 232 1330 sacerdos,
246 1292 289 1320 tune
304 1286 397 1320 Iohannes
409 1286 486 1330 Crostys
498 1286 606 1331 appellatus,
619 1286 638 1320 in
652 1287 708 1320 missa
720 1286 784 1320 obtulit

84 1340 198 1373 eucaristiam
210 1351 282 1374 summo
293 1339 346 1383 patri,
357 1339 439 1383 prelatus
450 1349 510 1381 cecus,
519 1344 562 1372 tnnc
575 1339 621 1372 visui
633 1340 733 1380 restitutus,
740 1339 784 1373 vidit

83 1393 144 1437 primo
154 1392 199 1427 illud
208 1392 314 1428 venerabile
326 1397 466 1434 sacramentum,
477 1401 549 1426 summo
558 1392 594 1426 deo
604 1393 672 1436 gratias
683 1402 746 1436 agens,
754 1393 784 1436 qui

84 1446 107 1479 ob
115 1456 197 1479 amorem
205 1440 263 1480 sancti
271 1444 365 1478 Bertellini
373 1445 447 1489 antiqua
453 1444 540 1478 miracula
549 1445 644 1478 renouauit
649 1445 661 1479 ⁰.
684 1445 721 1479 lste
730 1445 786 1479 homo

84 1500 115 1543 qui
128 1500 151 1533 ad
165 1500 240 1534 missam
253 1500 355 1543 predictam
367 1499 407 1534 sine
419 1499 465 1533 duce
478 1498 542 1534 venire
551 1509 588 1533 non
598 1499 663 1542 potuit,
674 1498 715 1534 siue
726 1498 786 1543 aliquo
795 1511 813 1541 ²5

84 1554 163 1587 ducente
174 1563 195 1586 se
204 1554 226 1587 ad
237 1552 312 1597 propria
321 1554 414 1586 remeauit.
437 1552 460 1585 Et
470 1552 497 1586 sic
507 1557 544 1585 tota
552 1553 590 1586 vita
599 1562 633 1585 sua
642 1553 682 1586 sine
692 1552 786 1587 oculorum

83 1607 190 1651 grauarnine
197 1607 242 1641 vidit
252 1606 306 1640 clare.
329 1605 371 1640 Hoc
380 1606 429 1640 enim
437 1606 545 1640 miraculum
555 1616 604 1639 anno
612 1606 680 1640 domini
689 1606 786 1646 millesimo

83 1659 207 1693 tricentesimo
217 1659 383 1703 octogesimoserto
391 1658 515 1692 manifestauit
523 1659 569 1692 deus
578 1659 597 1692 in
605 1659 683 1693 ecclesia
690 1659 786 1693 antedicta.

84 1712 164 1746 Oremus
178 1712 232 1755 igitur
243 1721 316 1746 summe
328 1712 445 1745 beatitudinis
456 1710 579 1753 clementiam,
588 1716 607 1745 vt
618 1712 641 1745 ad
651 1713 786 1746 incrementum

84 1765 160 1799 honoris
178 1765 278 1799 beatissimi
294 1765 389 1798 Bertellini
404 1764 520 1807 confessoris,
536 1770 554 1799 et
573 1765 616 1798 fidei
632 1765 709 1809 speique
723 1770 787 1799 nostre
796 1775 815 1803 30

84 1819 247 1861 confirmationem,
270 1818 335 1851 merita
354 1829 387 1852 sua
407 1818 464 1851 solitis
485 1817 539 1851 uobis
561 1817 679 1851 manifestare
701 1817 787 1861 dignetur

84 1871 188 1913 miraculis;
203 1870 228 1904 Vt
234 1871 247 1891 ¹⁰
258 1881 323 1904 omnes
339 1881 381 1904 eum
397 1871 451 1904 corde
462 1875 573 1904 venerantes
587 1871 660 1913 deuoto,
672 1870 786 1914 corporalem

84 1925 234 1969 spiritualemque
245 1929 350 1957 mereantur
364 1925 459 1967 suscipere
470 1926 573 1965 sanitatem,
587 1934 608 1957 ac
613 1923 625 1942 ¹¹
637 1924 660 1957 de
677 1933 786 1967 quacunque

83 1977 199 2012 tribulatione
211 1978 269 2020 ipsius
280 1977 399 2019 implorantes
411 1976 504 2018 auxilium,
515 1977 585 2009 meritis
595 1982 614 2009 et
624 1976 786 2010 intercessionibus

84 2033 132 2066 beati
143 2030 237 2064 Bertellini
249 2029 341 2073 petitionis
350 2040 384 2065 sue
393 2030 493 2064 salutarem
504 2034 640 2073 consequantur
650 2029 741 2065 effectum.
764 2028 785 2064 ln
795 2038 814 2069 35

84 2097 107 2120 eo
115 2084 146 2129 qui
153 2084 198 2119 viuit
206 2089 224 2119 et
232 2088 297 2127 regnat
304 2093 339 2127 per
345 2082 416 2117 infinita
424 2082 528 2118 seculorum
536 2082 603 2118 secula
625 2082 692 2117 Amen.

189 2197 204 2233 il
217 2191 250 2231 Dr
261 2205 332 2229 saucro
344 2189 425 2230 Canoco
436 2206 524 2229 urrscoro
535 2206 558 2229 ur
569 2196 682 2229 nrnnrrnrff.

119 2270 191 2305 Anctus
203 2270 252 2305 enim
264 2269 353 2309 Cadocus,
364 2268 423 2302 sancti
435 2268 513 2303 Gundlei
525 2268 575 2313 regis
587 2268 640 2310 filius,
651 2279 692 2302 curn
704 2268 723 2301 in
734 2272 787 2302 vtero

141 2322 205 2356 matris
213 2334 246 2357 sue
253 2323 333 2357 Gladuse
339 2322 412 2356 clausus
420 2327 475 2363 esset,
480 2332 515 2365 per
523 2321 604 2366 singulas
611 2327 675 2357 noctes
683 2321 701 2355 in
709 2326 788 2365 quatuor

105 2408 148 2438 ¹vir.
156 2417 168 2438 s.
176 2417 207 2438 our.
215 2408 231 2437 in
240 2408 280 2437 Boll.
310 2406 473 2436 'Bolleddvacans
508 2407 565 2437 ³Boll.
573 2416 654 2444 spernens.
687 2406 788 2438 ⁴E,coram.

84 2448 195 2478 ⁵Boll.nunc.
235 2447 353 2486 ⁰E.cupidam.
394 2445 635 2478 'ncortilariilorcoctuariii
679 2447 736 2477 ¹Boll.
744 2457 788 2478 recu·

85 2489 155 2527 perande
162 2488 243 2524 sanitatis;
253 2498 282 2518 sue
289 2498 321 2526 egr.
329 2497 359 2517 om.
423 2487 429 2505 ⁰
440 2487 479 2517 Boll.
486 2492 595 2517 renouauerat.
671 2486 683 2505 ¹⁰
694 2488 712 2518 E.
719 2488 741 2518 Vt
747 2498 788 2519 cum.

85 2529 96 2547 ¹¹
107 2529 125 2558 E.
132 2529 157 2558 ad.
199 2527 211 2546 ¹²
221 2529 256 2563 Ed„
263 2528 303 2557 from
312 2537 322 2556 a
329 2527 363 2558 MS.
373 2527 414 2556 Rub.
422 2527 477 2563 Vallis,
484 2527 500 2556 in
509 2528 545 2557 Aet.
555 2527 585 2556 SS.
594 2527 635 2557 Bell.
642 2528 675 2558 Ian.
683 2529 712 2558 111.
723 2538 739 2566 p.
749 2529 789 2566 2183

85 2568 112 2598 the
120 2568 160 2605 orig.
165 2568 207 2605 Vita,
215 2568 231 2597 in
239 2568 273 2599 MS.
280 2568 328 2605 Vesp.
336 2567 355 2597 Α.
363 2567 411 2605 XIV,
419 2567 432 2596 is
440 2567 464 2596 ed.
472 2567 488 2596 in
496 2567 544 2604 Rees,
552 2576 567 2605 p.
575 2576 600 2598 aa.
