1762 2803
98 126 141 179 256
287 122 367 176 puta
382 120 498 183 termut
513 119 606 183 anglic.

97 253 197 288 erumpens
205 242 294 288 apparuit,
303 243 408 287 curauitque
418 243 480 277 oculos
490 242 585 278 cuiusdam
594 243 632 279 ceci
643 244 673 288 qui
686 244 797 288 baptizatum

97 297 155 330 tenuit
164 307 212 330 eum.
235 296 341 339 intelligens
353 296 402 330 eninr
414 307 468 331 cecus
480 297 516 338 ille,
527 297 563 340 qui,
575 297 622 331 sicut
635 297 698 340 fertur,
710 298 733 331 ab
746 304 799 332 vtero

97 350 160 384 matris
176 360 209 383 sue
223 348 264 383 sine
279 359 324 383 nare
338 354 356 383 et
369 348 427 383 oculis
442 354 496 384 natus
509 349 573 391 luerat,
585 348 674 383 infantem
687 360 743 394 quem
758 350 799 384 sinu

97 404 171 438 tenebat
184 402 259 445 plenum
273 412 315 435 esse
327 401 385 445 gratia
398 402 473 445 spiritus
486 402 549 444 sancti,
563 403 633 447 accepit
648 414 714 446 aquam
729 403 748 436 in
763 413 800 446 qua

81 463 89 493 5
97 455 157 488 inians
165 453 267 498 baptizatus
275 453 338 495 suerat,
348 460 367 488 et
377 454 396 488 in
404 455 469 489 faciem
478 464 568 499 spargens
575 455 585 496 ¹,
595 455 690 489 oculorum
698 456 799 489 claritatem

97 513 115 541 et
124 507 188 541 faciem
196 506 286 550 integram
294 508 368 551 recepit.
413 501 464 542 Cum
472 513 533 541 autem
541 507 642 542 litterarum
653 509 718 542 studiis
727 509 799 552 positus

97 566 152 603 esset,
164 560 250 594 viderunt
266 559 386 604 condiscipuli
401 560 441 594 eius
456 561 559 594 columbam
574 571 616 594 cum
632 566 691 595 rostro
706 572 762 595 aureo
776 562 799 595 ad

96 613 144 647 labia
159 611 199 646 eius
213 612 307 647 ludentem
323 618 341 646 et
356 623 398 646 eum
414 613 515 647 docentem.
541 613 621 647 Demum
637 615 660 648 ad
677 614 799 649 sacerdotium

97 671 197 709 promotus,
216 665 299 710 perrexit
318 666 341 700 ad
361 666 486 708 Paulentem²‚
505 665 615 709 discipulum
634 666 692 701 sancti
711 666 800 701 Germani

70 727 89 748 10
97 719 184 763 episcopi,
193 720 224 762 qui
233 719 321 753 ininsula
330 721 409 763 quadam
419 725 489 762 gratam
499 719 534 753 deo
543 719 599 754 vitam
610 720 698 763 ducebat3
711 731 752 753 cum
763 731 799 763 quo

96 772 159 806 multis
177 771 236 814 annis,
256 773 304 816 quod
323 773 394 816 legebat
412 772 512 816 implendo,
530 772 580 807 vixit.
630 765 713 817 Contigit
738 778 799 807 autem

98 824 215 859 Paulentem³
231 825 338 869 magistrum
353 836 408 859 suum
423 830 500 869 propter
514 825 591 859 nimium
608 826 700 869 [εοῑιηη]4
717 827 799 859 dolorem

97 878 191 910 oculorum
205 877 267 910 lumen
281 877 376 911 amisisse:
391 883 409 910 et
420 877 488 910 vocatis
501 876 597 920 discipulis
610 878 649 910 suis
662 878 733 920 rogauit
744 883 764 911 vt
776 889 799 911 ex

98 930 162 964 ordine
170 929 282 972 inspicerent
290 934 308 964 et
316 929 446 964 benedicerent
454 929 515 963 oculos
523 929 567 965 eius.
585 929 656 965 Etcum
664 930 698 964 boc
707 930 800 971 fecissent,

72 993 89 1023 1⁵
99 987 116 1017 et
125 981 179 1017 nichil
188 982 265 1017 remedii
276 982 365 1017 sensisset
369 982 381 1026 ⁵,
390 982 414 1018 ait
422 982 447 1017 illi
454 981 524 1018 Dauid:
537 981 601 1017 ‘Pater
609 982 639 1024 mi,
648 982 686 1016 noli
694 982 749 1017 michi
757 992 800 1027 pre·

98 1036 160 1079 cipere
167 1036 237 1070 vultum
245 1042 297 1070 tuum
304 1037 397 1080 inspicere
405 1049 409 1071 ι
421 1037 486 1070 decern
494 1036 543 1070 enim
551 1036 595 1070 anni
605 1041 648 1070 sunt
658 1047 682 1070 ex
692 1047 728 1080 quo
739 1042 800 1070 tecum

98 1089 189 1133 scripture
200 1099 275 1133 operam
285 1089 332 1131 dedi,
343 1094 361 1123 et
372 1090 431 1123 adhuc
441 1088 505 1123 faciem
515 1093 566 1123 tuam
575 1099 612 1123 non
621 1089 696 1133 aspexi!
720 1089 800 1124 Paulens

97 1147 164 1183 autem,
177 1141 252 1175 nimiam
268 1142 308 1176 eius
319 1142 448 1176 verecundiam
462 1141 560 1184 admirans,
573 1142 609 1176 ait:
623 1142 686 1184 ‘Quia
699 1142 763 1186 inquit,
775 1142 800 1176 ita

98 1199 131 1235 est,
147 1193 191 1227 satis
208 1193 242 1227 erit
256 1199 276 1228 vt
293 1194 385 1237 palpando
404 1193 503 1227 benedicas
522 1194 585 1227 oculos
600 1204 662 1229 meos:
676 1199 694 1227 et
709 1195 799 1229 sanabor.¹

71 1258 90 1278 20
98 1247 201 1290 Statimque
213 1252 233 1280 vt
244 1246 303 1290 tetigit
318 1257 356 1287 eos,
368 1245 427 1280 sanati
442 1251 490 1280 sunt.
536 1239 582 1280 Post
597 1246 631 1281 hec
643 1258 687 1281 vero
703 1246 799 1281 duodecim

98 1298 209 1333 monasteria
217 1299 323 1341 construxit,
329 1305 347 1332 et
354 1299 467 1333 Glastoniam
472 1299 555 1341 veniens,
562 1299 658 1333 ecclesiam
663 1310 674 1332 a
680 1299 799 1333 fundamento

97 1351 144 1386 fecit
168 1351 240 1385 Deinde
252 1351 361 1386 Bathoniam
372 1351 455 1394 veniens,
467 1351 580 1385 mortiferam
592 1362 658 1396 aquam
669 1363 703 1386 sua
712 1352 799 1386 benedic-

98 1405 147 1439 tione
160 1405 259 1438 salutarem
271 1404 359 1446 efficiens,
368 1404 451 1438 lauandis
463 1404 569 1448 corporibus
581 1404 656 1448 dignam
666 1409 755 1449 perpetuo
767 1405 799 1439 do-

98 1458 148 1492 nauit
160 1459 225 1492 calore,
248 1458 357 1500 Lemustir“‚
368 1462 387 1491 et
398 1458 446 1491 aliud
458 1457 477 1491 in
489 1457 551 1492 Gowir
562 1457 581 1492 in
589 1457 656 1493 Wallia
667 1458 799 1493 monasterium

71 1525 89 1554 25
98 1511 210 1553 construxit3
222 1516 240 1545 et
248 1512 341 1554 quendam
352 1522 415 1554 regem
425 1522 489 1544 cecum
499 1510 613 1544 illuminauit.
658 1504 747 1557 Quadam
754 1521 800 1545 vero

99 1564 129 1596 die
137 1569 211 1598 sanctus
220 1564 280 1597 Dauid
288 1568 306 1597 et
314 1569 352 1597 tres
360 1564 400 1597 eius
408 1563 497 1607 discipuli,
506 1563 576 1597 scilicet
583 1563 673 1606 Aidanus,
681 1564 774 1605 Theliaus,
783 1569 801 1597 et

100 1617 173 1658 ismael,
181 1628 223 1651 cum
231 1618 287 1651 multa
295 1616 462 1660 condiscipulorum
470 1616 599 1650 turbaVallem
605 1616 695 1650 Rosinam
703 1617 800 1653 adeunt...

100 1670 141 1711 Quo
153 1670 219 1711 audito,
230 1670 314 1704 tirannus
326 1671 399 1712 quidam
409 1669 484 1704 nomine
497 1669 546 1710 Baia,
558 1669 616 1703 liuore
628 1669 731 1703 stimulatus
743 1675 761 1704 et
773 1669 800 1704 ira

99 1728 162 1756 contra
177 1727 266 1764 sanctum,
280 1732 322 1755 curn
337 1722 375 1755 suis
388 1722 439 1756 venit
451 1727 470 1755 vt
484 1732 516 1755 eos
528 1721 624 1756 occideret.
647 1722 670 1755 Et
684 1733 726 1756 ecce
739 1722 800 1756 statim

72 1787 91 1815 30
99 1786 133 1819 per
147 1775 195 1809 viam
214 1775 324 1818 gradientes,
339 1774 391 1807 febre
408 1775 486 1818 correpti
504 1774 614 1818 grauissime
628 1774 691 1808 vexari
707 1781 800 1817 ceperunt.

99 1828 182 1873 Cumque
193 1828 217 1861 ad
229 1828 304 1862 domum
315 1828 462 1871 regrederentur,
473 1827 551 1861 occurrit
561 1826 598 1861 illis
609 1838 657 1862 vxor
668 1826 717 1861 illius
728 1827 800 1871 tiranni,

100 1882 174 1916 dicens:
190 1880 287 1923 ‘Domine,
299 1891 341 1915 ecce
353 1892 420 1925 pecora
431 1881 511 1921 nostra⁷,
524 1881 610 1924 iumenta,
622 1891 672 1921 oues,
684 1886 702 1914 et
714 1881 800 1915 animalia

98 1935 160 1968 omnia
175 1933 235 1968 subita
249 1939 302 1977 peste
317 1939 389 1967 mortua
404 1938 452 1968 sunt.
475 1933 599 1967 Reuertemur
611 1934 634 1967 ad
649 1944 724 1968 seruum
740 1934 770 1967 dei
782 1939 801 1968 et

98 1986 243 2022 misericordiam
258 1987 372 2031 postulantes
387 1986 448 2031 ipsum
463 1988 566 2028 adoremus,
579 1992 599 2021 vt
612 1986 669 2020 nostri
682 1993 700 2021 et
712 1997 800 2031 pecorum

71 2053 90 2083 35
99 2040 184 2084 dignetur
203 2039 297 2074 misereri?
321 2040 345 2073 Et
359 2040 461 2083 redeuntes
473 2040 496 2073 ad
512 2044 601 2082 sanctum,
617 2050 658 2074 cum
673 2039 768 2074 lachrimis
783 2046 801 2075 et

99 2094 184 2138 precibus
202 2093 346 2127 misericordiam
365 2094 494 2137 implorabant,
511 2093 606 2128 dicentes:
624 2093 695 2133 ‘Terra
711 2093 801 2137 inquiunt,

99 2147 162 2190 inqua
171 2158 196 2188 es,
207 2151 238 2180 tua
247 2146 266 2180 in
275 2146 408 2190 sempiternum
419 2147 461 2180 fiat!
485 2146 508 2179 Et
519 2147 609 2180 dederunt
620 2146 637 2180 ei
646 2151 703 2180 totam
712 2146 802 2181 Rosinam

98 2200 176 2233 Vallem.
199 2199 270 2233 Seruus
278 2204 339 2233 autem
347 2199 377 2233 dei
388 2198 467 2242 benigno
477 2199 537 2233 animo
547 2198 572 2233 ait
581 2199 628 2233 iltis.-
641 2200 726 2240 ‘Pecora
737 2200 801 2243 inquit,

98 2258 160 2286 vestra
170 2252 292 2286 reuiuiscent.’
315 2251 339 2285 Et
350 2262 438 2286 reuersus
448 2252 479 2285 ille
490 2253 571 2294 domum,
580 2251 657 2286 sanitate
669 2256 748 2295 recepta,
760 2263 801 2287 cum

71 2316 91 2347 40
99 2306 177 2347 coniuge
189 2315 227 2345 sua,
238 2314 306 2347 pecora
322 2304 383 2337 omnia
393 2305 437 2338 viua
450 2310 468 2337 et
481 2315 526 2338 sana
538 2304 614 2338 inuenit.
637 2304 700 2337 Altera
713 2304 742 2337 die
755 2316 803 2338 vxor

99 2356 183 2391 eiusdem
191 2356 230 2398 viri,
238 2356 300 2390 liuoris
309 2356 348 2390 zelo
356 2367 438 2398 accensa,
448 2356 553 2391 conuocatis
563 2356 634 2391 ancillis
643 2355 682 2389 suis
693 2355 751 2390 dixit:
764 2356 802 2391 ‘Ite

100 2412 122 2443 ad
135 2411 210 2453 flumen,
223 2416 241 2444 et
253 2411 326 2444 nudatis
340 2410 447 2454 corporibus
462 2410 481 2444 in
497 2415 597 2453 conspectu
613 2414 718 2443 sanctorum
733 2408 803 2444 ludicra

100 2468 214 2506 exercentes,
226 2463 323 2507 impudicis
334 2463 405 2497 vtimini
415 2462 487 2497 verbis)
509 2462 583 2496 Ancille
594 2461 687 2503 obediunt,
698 2461 801 2505 impudicos

120 2525 125 2542 ¹
137 2527 243 2564 aspergens.
316 2527 322 2544 ²
332 2527 353 2557 al.
362 2528 449 2558 Paulinum.
520 2527 526 2544 ³
537 2527 554 2556 E.
562 2525 659 2565 poulentem.
731 2525 737 2543 ⁴
747 2537 766 2557 so
774 2527 802 2564 T,;

100 2577 131 2597 om.
140 2568 156 2596 iu
164 2566 181 2597 E.
223 2567 357 2597 ⁵E.sensissent.
404 2567 541 2597 ttLeomtnster.
580 2565 678 2601 ⁷E.vestra.
