1762 2803
140 180 186 235 mr
201 177 301 230 sanat
316 175 412 237 noant
429 176 460 229 at
475 174 610 235 armathia.
700 179 725 222 81

27 305 93 350 loseph
102 303 154 349 prius
161 301 272 347 baptizauit¹
280 301 299 336 in
309 301 381 335 ciuitate
392 300 480 345 SaraizP,
488 311 530 335 cum
542 311 585 345 rege
594 299 677 335 eiusdcm
685 299 729 334 ciui·

26 360 68 396 tatis
79 359 108 393 cui
120 366 187 391 nomen
199 353 309 389 Mordraius.
331 354 364 388 Cui
376 354 462 389 dominus
473 358 537 399 postea
549 353 567 388 in
579 353 620 388 visu
631 363 730 398 apparens,

27 422 92 448 manus
106 415 124 444 ct
136 410 195 454 pedes
206 407 314 453 perforatos
326 417 368 442 cum
380 407 437 442 latere
450 406 527 442 lanciato
542 407 626 441 ostendit.
649 407 684 441 Cui
696 418 730 441 rex

27 465 80 511 quasi
93 463 170 497 multum
182 461 297 505 compatiens
310 459 367 495 dixit:
385 460 412 494 ‘0
425 460 499 495 domine
512 460 558 496 deus
571 470 629 503 meus,
643 461 685 504 quis
697 460 730 494 tibi

28 519 70 554 talia
84 516 153 551 inferre
168 515 302 558 presumpsiti’
326 514 349 547 Et
364 514 460 548 dominus:
477 513 528 548 ‘Hec
543 513 594 555 mihi,
609 513 673 558 inquit,
688 513 749 547 secirs

28 570 110 616 perfidus
118 579 151 603 rex
160 567 272 608 Nortwallie,
280 567 311 611 qui
319 577 393 601 seruum
404 577 465 601 meum
477 565 550 610 loseph,
559 577 627 601 nomen
637 577 700 601 meum
712 567 730 600 in

28 624 110 668 partibus
124 620 162 655 suis
174 620 306 664 predicantem,
319 630 360 653 cum
374 620 429 652 sociis
441 619 480 653 suis
495 618 563 653 carceri
577 618 693 662 mancipanti,
704 618 731 652 in-

28 675 132 710 humanitus
140 682 211 717 negans
218 671 246 707 eis
253 670 308 707 victui
316 671 426 708 necessaria.
444 671 472 707 Tu
481 682 524 716 ergo
532 672 592 717 gladio
600 678 632 706 tuo
639 673 732 707 accinctus

30 729 52 764 ad
60 733 122 773 partes
129 725 170 760 illas
178 736 279 772 properare
290 736 314 761 ne
322 725 402 768 differas,
409 730 429 761 vt
439 724 539 761 vindictam
551 724 607 761 facias
615 727 638 761 de
646 732 731 771 tyranno,

29 789 47 818 et
55 791 120 816 seruos
127 790 179 814 meos
187 779 250 814 soluas
257 791 268 813 a
275 779 364 813 vinculis!
387 779 430 813 Rex
438 783 498 813 autem
507 779 596 822 euigilans
604 785 622 813 et
630 779 654 814 de
660 779 732 814 visione
741 781 761 805 ¹0

29 834 113 869 exultans
125 833 143 866 in
155 832 235 874 domino,
246 832 335 877 disposita
346 833 400 866 domo
411 843 445 867 sua
453 837 471 867 et
482 843 545 876 regno,
553 833 588 866 iter
599 842 640 866 cum
650 832 731 868 exercitu

30 899 62 922 suo
71 885 152 930 am'puit,
160 890 178 920 et
186 886 221 920 deo
231 887 310 920 ducente
321 887 344 920 ad
354 886 414 920 locum
425 887 544 929 perueniens,
551 886 590 929 regi
601 885 672 929 prelato
681 896 732 919 man-

30 940 79 974 dauit
86 938 172 982 quatinus
180 949 245 973 seruos
253 939 282 973 dei
290 938 358 973 liberos
365 938 415 972 abire
421 940 541 982 permitteret,
557 938 640 973 lllevero
646 939 732 973 mandato

30 994 69 1027 eius
80 991 183 1026 nullatenus
195 991 319 1035 acquiescens,
327 992 344 1026 ei
355 1002 396 1026 cum
407 991 532 1035 indignatione
543 991 636 1026 mandauit
647 993 733 1037 quatinus

30 1047 99 1090 absque
111 1056 163 1079 mora
174 1046 197 1079 de
209 1050 258 1080 terra
269 1055 302 1079 sua
313 1045 378 1079 exiret.
401 1044 442 1086 Quo
453 1046 520 1086 andito,
528 1055 562 1078 rex
572 1044 675 1079 Mordrains
682 1044 733 1078 venit
743 1048 760 1079 15

32 1104 94 1132 contra
105 1108 147 1131 eum
158 1108 199 1131 curn
211 1107 245 1132 suo
253 1097 335 1132 exercitu
346 1103 365 1132 et
375 1098 422 1132 duce
432 1097 513 1132 Naciano
521 1104 690 1142 supramemorato:
702 1098 733 1141 qui

30 1153 90 1194 ipsum
100 1150 118 1185 in
128 1150 177 1184 bello
187 1151 234 1185 iusta
241 1151 310 1184 vitione
321 1151 404 1194 peremit.
426 1150 479 1184 Tunc
488 1161 522 1184 rex
531 1149 635 1184 Mordraius
642 1151 733 1185 accedens

31 1205 53 1237 ad
62 1214 160 1246 carcerem,
169 1203 236 1248 Ioseph
246 1213 288 1238 cum
296 1204 351 1237 sociis
359 1202 397 1238 suis
405 1204 423 1237 in
432 1214 499 1247 magno
507 1204 573 1248 gaudio
581 1203 649 1245 eduxit,
654 1213 734 1238 narrans

31 1258 47 1291 ei
54 1256 144 1291 visionem
153 1256 202 1301 [sibi]
212 1262 305 1291 ostensam
313 1267 324 1291 a
331 1257 406 1291 domino
414 1267 470 1300 super
477 1256 584 1291 liberatione
592 1267 662 1290 eorum.
680 1257 733 1290 Tunc

32 1309 112 1344 vniuersi
120 1309 186 1352 gaudio
194 1320 261 1355 magno
268 1309 339 1353 repleti,
347 1310 448 1342 immensas
456 1309 555 1352 gratiarum
566 1308 647 1342 actiones
659 1308 733 1343 domino
743 1315 763 1338 ²0

32 1361 168 1405 persoluebant.
214 1354 261 1397 Post
276 1362 310 1396 hec
324 1361 391 1406 loseph
404 1372 446 1396 curn
458 1361 496 1396 filio
509 1372 543 1397 suo
557 1360 617 1397 Iosese
632 1372 653 1397 ac
668 1362 734 1398 decem

32 1414 71 1449 aliis
82 1415 142 1458 sociis,
151 1420 272 1460 peragrantes
284 1415 403 1458 Britanniam,
416 1421 505 1459 regnante
517 1420 560 1450 tunc
574 1415 594 1450 in
609 1416 675 1451 eadem
690 1426 734 1461 rege

32 1468 128 1514 Aruirago,
139 1469 200 1503 ianno
213 1469 236 1504 ab
249 1469 374 1504 incarnatione
389 1470 459 1503 domini
474 1470 590 1512 sexagesimo
605 1470 664 1509 tertio,
677 1469 734 1504 fidem

33 1522 100 1556 Christi
107 1522 216 1556 fiducialiter
223 1522 347 1565 predicabant.
367 1521 409 1557 Rex
416 1527 479 1556 autern
486 1522 576 1556 barbarus
583 1532 625 1556 curn
633 1532 666 1556 sua
673 1528 734 1566 gente,

33 1580 69 1608 tam
77 1585 126 1609 noua
134 1574 210 1610 audiens
218 1580 237 1610 et
246 1574 358 1614 inconsueta,
366 1586 401 1608 nec
410 1582 496 1619 paternas
504 1575 569 1609 volens
579 1574 598 1609 in
607 1574 674 1609 melius
684 1585 734 1610 eom·
744 1580 763 1610 ²5

33 1632 102 1661 mutare
115 1627 228 1669 traditiones,
240 1626 360 1672 predicationi
373 1638 437 1662 eorum
451 1627 555 1662 renuebant
578 1627 625 1669 Quia
637 1633 699 1662 tamen
711 1627 734 1661 dc

33 1679 86 1722 longe
98 1687 193 1722 venerant,
203 1681 243 1714 visa
254 1680 291 1714 vite
303 1691 366 1714 eorum
378 1681 473 1722 modestia,
484 1679 577 1724 quandam
588 1680 667 1715 insulam
677 1679 734 1721 siluis,

34 1732 88 1774 rubis,
99 1737 154 1777 atque
169 1732 266 1777 paludibus
279 1733 409 1775 circundatam,
423 1735 446 1768 ab
457 1733 521 1768 ineolis
533 1733 654 1777 Ynswytryn,
667 1730 685 1767 id
701 1739 735 1775 est,

34 1786 101 1820 ‘insula
109 1786 177 1820 vitrea'
185 1792 315 1831 nuncupatam,
323 1786 341 1820 in
349 1786 438 1821 lateribus
448 1796 481 1821 suc
492 1786 573 1831 regionis
583 1787 606 1821 ad
616 1786 734 1822 habitandum

34 1839 195 1875 concessit-vnde
214 1840 288 1885 quidam
307 1840 406 1875 metricus:
428 1839 496 1874 ‘Intrat
515 1840 631 1874 Aualloniam
650 1841 735 1875 duodena
744 1846 765 1874 30

34 1896 106 1926 caterua
111 1893 203 1927 virorum:
217 1893 260 1926 Flos
265 1893 362 1926 Armathie
368 1893 435 1935 Ioseph
442 1898 470 1926 est
476 1892 548 1936 primus
554 1903 628 1927 eorum:
640 1892 736 1937 Iosephes,

34 1953 57 1976 cx
76 1944 143 1988 ioseph
159 1944 238 1988 genitus,
254 1949 327 1989 patrem
344 1946 451 1980 comitatur:
472 1945 514 1980 Hiis
532 1945 609 1989 aliisque
626 1946 691 1980 decern
706 1946 735 1980 ius

6 2013 7 2017 =
35 1995 127 2032 Glastonie
139 1998 253 2042 propriant!
277 1997 356 2032 Predicti
367 1999 423 2042 igitur
433 1999 491 2033 saneti
502 1997 521 2032 in
533 1999 599 2033 eodem
610 1999 683 2033 deserto
694 2009 735 2034 con·

34 2056 134 2093 uersantes,
147 2057 189 2096 post
201 2051 288 2096 pusillum
301 2051 391 2095 temporis
403 2061 438 2095 per
453 2051 583 2095 archangelum
598 2052 703 2087 Gabrielem
717 2052 736 2087 in

35 2101 104 2138 visione
116 2104 204 2139 admoniti
218 2110 261 2139 sunt
274 2104 370 2140 ecclesiam
383 2105 402 2138 in
415 2105 485 2139 honore
498 2110 561 2140 sancte
572 2103 601 2140 dei
613 2105 706 2150 genitricis
718 2112 736 2140 ct
745 2111 764 2141 35

35 2163 122 2200 perpetue
130 2158 206 2202 virginis
217 2158 275 2192 Marie
285 2157 304 2192 in
314 2159 354 2192 loco
364 2157 404 2192 eis'⁵
414 2157 478 2193 celitus
488 2159 613 2192 demonstrato
624 2165 736 2194 construere.

35 2208 70 2249 Qui
89 2210 156 2245 diuinis
175 2211 329 2246 admonitionibus
348 2210 460 2252 obedientes
479 2212 568 2254 capellam
587 2212 684 2257 quandam,
701 2223 736 2257 per

35 2259 127 2298 circuitum
134 2263 192 2307 virgis
199 2264 287 2308 torquatis
295 2273 358 2298 muros
368 2263 491 2308 perficientes,
499 2271 679 2306 consummauerunt,
687 2275 736 2298 anno

35 2319 76 2354 post
83 2316 189 2359 passionem
197 2316 266 2350 domini
275 2316 366 2350 tricesimo
374 2317 439 2361 primo,
445 2318 467 2350 ab
476 2316 601 2360 assumptione
608 2327 653 2351 vero
660 2317 736 2362 virginis

36 2363 114 2405 gloriose
119 2369 260 2413 quintodecimo,
266 2370 331 2404 eodem
338 2368 406 2404 antemi
411 2380 460 2403 anno
466 2380 501 2414 quo
508 2370 531 2403 ad
539 2375 623 2404 sanctum
630 2370 736 2417 Philippum
745 2375 766 2407 40

37 2422 138 2460 apostolum
146 2422 166 2456 in
175 2421 243 2456 Gallias
250 2428 339 2457 venerant
347 2428 365 2457 et
373 2422 396 2457 ab
405 2433 427 2457 co
434 2423 453 2457 in
465 2422 579 2458 Britanniam
589 2424 641 2458 missi
649 2429 702 2466 sunt;
714 2435 737 2458 ex

37 2470 112 2509 deformi
120 2475 194 2519 quidem
202 2481 288 2516 scemate,
297 2476 330 2510 sed
338 2476 367 2510 dei
375 2475 499 2519 multipliciter
506 2476 612 2510 adornatam
620 2477 691 2511 virtute.
714 2476 737 2510 Et

38 2533 77 2559 eum
86 2527 120 2561 hec
128 2529 147 2562 in
155 2529 189 2563 hac
197 2529 272 2573 regione
279 2528 338 2573 prima
349 2527 403 2562 fuerit
413 2527 496 2571 ecclesia,
504 2528 588 2572 ampliori
599 2538 640 2563 eam
651 2527 738 2573 dignitate

55 2598 212 2642 ¹H.baptizauerat.
250 2602 354 2635 ²E.Sararn.
390 2604 738 2643 ³FromWill.lllalm.,withtheexception

38 2637 55 2665 oi
59 2640 85 2669 the
92 2643 195 2674 fourverses.
235 2642 410 2674 ⁴niconsentirercn.
450 2643 532 2673 ³lieius.
570 2641 683 2675 ‘lisciiicet

58 2695 123 2726 vomu.
382 2702 394 2727 o
