1762 2803
127 162 129 167 v
146 159 190 202 154
217 110 219 112 .
335 145 415 199 uacuo
431 143 547 207 laumas
562 114 655 207 unaue.

146 257 170 298 in
189 264 260 299 ciuitate
277 265 349 299 Alethis
365 269 477 299 contractum
494 264 576 307 sanauit3
595 264 667 298 mulieri
686 268 736 298 mute
755 263 845 307 loquelam

145 319 235 362 reddidit,
247 324 266 352 et
277 319 370 362 leprosum
382 318 483 352 mundauit.
529 310 566 350 Vir
575 318 648 361 quidam
661 317 713 351 diues
724 318 846 360 propinquam

145 381 198 406 suam
214 371 232 406 in
244 382 320 406 vxorem
336 372 411 412 ducens
424 381 435 404 a
449 371 489 405 viro
504 372 533 405 dei
549 370 659 415 increpatus,
674 370 750 405 insidias
765 369 846 414 pontifici

145 425 227 468 tetendit,
235 430 253 458 et
261 425 315 458 morti
322 426 394 458 tradere
403 424 515 457 deliberauit.
538 423 631 458 Residens
639 430 700 457 autem
709 434 750 456 cum
758 423 820 457 multis
828 423 846 457 in

129 487 216 518 smensa,
224 478 329 521 pontificem
340 477 469 520 blasphemare
480 482 498 510 et
509 476 571 510 multis
582 477 653 509 iniuriis
665 478 753 519 derogare
764 476 817 519 cepit,
829 481 847 510 et

146 531 221 565 eleuans
229 540 314 565 manum:
327 530 332 547 ‘
337 530 369 573 sic,
377 529 441 574 inquit,
450 540 492 563 eum
500 534 622 574 percuterem,
631 528 647 563 si
658 540 701 564 eum
712 529 741 563 hic
750 528 847 564 haberem.¹

147 584 188 617 Hoc
196 584 249 624 dicto,
257 594 323 616 manus
331 584 371 617 eius
381 583 458 625 exaruit,
466 594 501 616 nec
511 593 552 616 eam
564 584 587 616 ad
598 594 619 616 se
631 584 724 616 retrahere
734 584 797 626 potuit.
820 583 847 616 Eo

146 637 169 670 ad
180 637 239 669 virum
251 636 281 669 dei
292 636 352 678 allato,
360 636 402 670 licet
413 646 424 669 a
435 636 497 669 multis
509 641 588 679 rogatus,
596 646 630 679 pro
641 646 663 669 eo
675 646 727 669 orare
739 636 801 678 noluit,
813 647 847 670 nec

146 699 188 723 cum
199 700 221 723 eo
233 688 373 731 communicare,
381 689 440 723 donec
451 688 533 723 illicitum
542 689 646 731 coniugium
657 689 774 731 relinqueret.
796 689 848 723 Tunc

120 743 177 775 roille
189 743 279 774 incestum
292 752 312 774 se
325 742 437 782 relicturum,
450 747 468 774 et
484 741 570 784 quicquid
584 741 613 774 vir
628 747 702 774 sanctus
714 742 732 773 ei
746 742 849 784 preciperet

147 795 293 838 adimpleturum,
302 795 336 827 sub
344 793 470 827 testificatione
479 794 578 838 pollicetur.
598 792 701 838 Episcopus
709 798 769 826 autem
777 793 849 827 miseri-

147 847 208 882 cordia
216 852 281 889 motus,
290 847 339 881 dedit
350 847 367 881 ei
378 846 502 891 penitentiam,
511 852 529 881 et
541 846 633 881 reclusum
644 847 663 880 in
674 856 740 890 magna
752 846 848 881 afflictione

147 901 210 935 tenuit.
233 900 269 935 Pro
280 912 302 934 eo
313 912 386 944 quoque
397 911 434 934 vna
444 911 486 934 cum
497 899 582 934 iratribus
593 900 673 943 quotidie
680 899 766 934 letaniam
775 900 849 940 iaciens,

148 959 165 987 et
181 953 292 999 pauperibus
307 954 418 987 elemosinas
433 954 500 987 multas
516 953 601 996 largiens,
613 964 624 987 a
638 953 711 987 vinculo
725 953 794 996 peccati
807 963 849 986 eum

122 1015 139 1046 15
148 1007 226 1040 absoluit
239 1010 257 1039 et
269 1006 341 1039 sanitati
354 1005 436 1040 restituit.
481 999 591 1048 Assumptis
604 1010 679 1039 sanctus
691 1004 774 1038 Macutus
787 1014 849 1038 secum

149 1064 221 1102 septem
233 1057 333 1102 discipulis,
343 1057 428 1091 orationis
440 1058 498 1101 gratia
510 1057 589 1091 Romam
601 1057 703 1102 profectu53
716 1068 757 1090 cum
767 1056 849 1101 captiuos

148 1112 179 1146 vel
193 1122 261 1155 pueros
275 1112 350 1145 venales
364 1112 387 1145 de
400 1111 455 1144 terris
467 1110 571 1155 longinquis
583 1111 625 1144 illuc
638 1112 708 1145 delatos
720 1111 795 1153 videret,
808 1112 850 1145 dato

149 1164 211 1209 precio
223 1163 329 1205 redimebat,
342 1169 359 1198 et
371 1163 456 1197 infideles
468 1163 566 1198 instructos
580 1163 687 1207 baptizabat.
711 1162 793 1197 Rediens
806 1173 850 1198 vero

148 1228 182 1261 per
190 1227 246 1257 mare,
254 1227 296 1249 cum
304 1217 357 1251 nauis
366 1221 406 1250 orta
418 1221 527 1260 tempestate
536 1227 584 1259 pene
593 1217 746 1260 submergeretur,
754 1227 819 1250 omnes
827 1217 849 1250 ad

122 1281 141 1303 ao
148 1270 208 1305 virum
219 1268 249 1304 dei
260 1269 367 1312 clamabant,
378 1274 397 1304 vt
409 1280 442 1313 pro
454 1269 481 1303 eis
495 1268 590 1303 dominum
604 1270 734 1313 deprecaretur
747 1275 850 1303 exorantes.

150 1324 217 1357 Sancto
228 1333 272 1357 vero
284 1323 307 1356 de
321 1322 390 1357 domini
404 1322 530 1357 misericordia
543 1322 628 1356 fiduciam
640 1334 673 1357 eos
688 1323 756 1356 habere
771 1328 789 1356 et
805 1322 850 1356 nihil

149 1375 234 1410 diffidere
247 1376 363 1418 admonente,
375 1375 458 1418 apparuit
472 1381 546 1409 sanctus
560 1375 625 1409 Petrus
639 1375 739 1419 apostolus,
751 1381 769 1409 et
784 1376 850 1409 blande

149 1430 245 1472 alloquens
253 1428 277 1461 ait
285 1429 308 1461 ad
316 1439 369 1463 eum:
382 1428 451 1461 ‘Serue
460 1429 489 1461 dei
498 1428 574 1470 Macute,
583 1429 620 1462 noli
627 1429 702 1462 timere:
715 1429 757 1471 quia
767 1428 851 1462 dominus

150 1487 211 1516 tecum
218 1482 258 1515 est!
281 1480 326 1514 Mox
333 1482 356 1515 ad
365 1481 442 1522 verbum
450 1480 490 1515 eius
498 1482 561 1515 sedata
569 1486 684 1525 tempestate,
692 1487 710 1515 et
722 1481 851 1526 tranquillitate

124 1548 142 1578 25
151 1535 226 1577 reddita,
235 1534 275 1568 sani
285 1540 303 1568 et
315 1535 383 1569 hilares
393 1535 416 1568 ad
425 1540 493 1568 terram
503 1540 633 1578 peruenerunt.
677 1528 762 1569 Veniens
773 1547 817 1569 vero
829 1534 851 1569 ad

150 1593 222 1632 portam
234 1588 310 1621 ciuitatis
322 1588 400 1630 Alethis,
408 1598 472 1621 cecum
482 1593 500 1621 et
512 1589 597 1622 claudum
608 1588 727 1622 elemosinam
738 1589 852 1632 postulantes

150 1640 207 1675 vidit:
220 1640 286 1684 quibus
294 1646 312 1674 et
320 1642 355 1675 ait:
368 1640 481 1683 ‘Argentum
488 1646 506 1674 et
514 1651 578 1674 aurum
586 1651 623 1674 non
631 1646 660 1674 est
668 1640 722 1682 mihi3
734 1642 783 1684 quod
792 1646 852 1675 autem

152 1694 215 1735 habeo,
223 1694 241 1727 id
253 1698 282 1726 est
293 1693 386 1727 charitatis
395 1693 474 1726 officium
486 1699 504 1726 et
516 1694 602 1737 pietatem
614 1694 700 1727 orationis
712 1694 734 1726 ad
746 1695 807 1736 deum,
819 1694 852 1726 hoo

151 1747 204 1781 vobis
212 1751 295 1790 prestare
301 1756 338 1780 non
344 1746 418 1780 differo!
427 1775 431 1780 .
439 1746 461 1780 Et
469 1746 515 1780 sacta
523 1756 579 1789 super
587 1756 619 1780 eos
627 1747 713 1787 oratione,
719 1751 799 1790 optatam
806 1745 852 1780 sani·

125 1812 144 1842 3⁰
152 1805 209 1833 tatem
228 1791 438 1842 receperunt—Cum
453 1804 514 1832 autern
529 1798 602 1832 Alethis
618 1799 714 1833 ecclesiam
734 1799 853 1843 quadraginta

152 1853 205 1887 annis
218 1852 303 1895 rexisset,
316 1858 333 1887 et
349 1853 463 1897 quorundam
477 1853 607 1887 sceleratorum
621 1853 715 1887 hominum
731 1853 811 1897 grauiter
826 1852 852 1886 in-

151 1906 207 1940 iurias
218 1906 279 1948 ferret,
287 1906 384 1939 maledicto
395 1911 413 1938 et
424 1906 580 1939 excommunicato
589 1907 657 1949 populo
669 1906 700 1950 qui
711 1917 745 1949 per
756 1917 799 1940 suas
811 1915 853 1939 eum

152 1959 246 1994 illuserant
257 1959 361 2002 prauitates,
370 1969 411 1993 cum
422 1960 531 2002 quibusdam
540 1958 634 2003 discipulis
646 1960 669 1993 ad
679 1959 757 1993 insulam
766 1959 785 1992 in
796 1956 853 2003 Aqui-

152 2012 212 2045 tania1
223 2011 294 2054 Agenis
306 2018 394 2052 vocatam,
407 2017 425 2043 et
438 2013 481 2044 inde
493 2013 516 2044 ad
531 2012 628 2045 Leontium
641 2012 748 2056 episcopum
761 2021 854 2056 pergen53

126 2077 144 2107 35
153 2075 231 2108 puerum
243 2064 360 2097 submersum
372 2064 492 2105 resuscitauit,
506 2070 523 2098 et
537 2063 609 2097 mulieri
624 2075 666 2099 cece
682 2065 744 2098 lumen
760 2064 853 2098 oculorum

153 2127 208 2161 prece
223 2126 256 2150 sua
271 2117 354 2151 restitnit.
397 2110 525 2151 Accesserant
540 2118 563 2150 ad
579 2128 621 2151 eum
637 2118 742 2151 sacerdotes
757 2128 823 2162 arege
836 2120 854 2148 et

153 2171 256 2204 senioribus
264 2171 287 2203 de
298 2170 391 2204 Britannia
401 2171 458 2211 missi,
466 2177 552 2214 rogantes
560 2176 579 2205 vt
587 2172 609 2204 ad
620 2171 661 2205 illos
672 2182 718 2214 quos
728 2169 854 2205 excommuni-

154 2233 198 2257 cans
215 2221 333 2256 maledixerat
346 2222 410 2257 venire
423 2224 532 2267 dignaretur,
545 2224 630 2267 quatinus
643 2224 694 2257 cuius
708 2224 853 2258 maledictionem

154 2287 188 2321 pro
196 2286 230 2310 sua
237 2275 314 2319 perfidia
322 2281 435 2320 acceperant,
444 2278 483 2311 elus
490 2276 636 2312 benedictionem
644 2277 727 2321 recipere
735 2282 854 2311 mererentur.

126 2343 147 2374 40
156 2331 203 2363 Nam
215 2335 264 2362 terra
275 2328 347 2362 illorum
359 2339 392 2373 per
403 2330 520 2373 septennium
532 2330 644 2364 infructuosa
656 2335 747 2373 manente,
755 2331 814 2365 incole
826 2328 854 2363 siti

155 2389 173 2417 et
185 2382 233 2416 same
246 2392 279 2425 pro
291 2381 373 2416 ariditate
385 2383 488 2426 consumpti
499 2388 556 2417 erant.
578 2383 630 2417 Tunc
644 2383 673 2418 vir
687 2383 716 2416 dei
731 2380 854 2418 misericordia

155 2440 221 2477 motus,
236 2445 278 2468 cum
293 2434 342 2469 vrbis
358 2446 424 2479 pagum
440 2435 572 2479 ingrederetur,
584 2436 647 2480 pluuia
660 2437 767 2481 pergrandis
780 2437 803 2469 de
816 2433 855 2468 celo

155 2488 219 2524 cecidit
227 2500 230 2523 :
244 2492 262 2521 et
269 2487 366 2522 benedicto
373 2488 447 2532 populo,
455 2494 473 2522 et
480 2494 529 2524 terra
537 2489 640 2524 fecunditati
648 2489 724 2532 reddita,
729 2490 752 2523 ad
759 2488 855 2523 Leontium

154 2544 263 2587 episcopum
268 2542 468 2584 gressumtmaturauit.
487 2543 510 2577 Et
515 2553 557 2577 cum
563 2549 637 2577 centum
644 2543 801 2587 [triginta]³trium
806 2542 855 2575 esset

154 2598 157 2602 “
221 2595 256 2629 ιΕζ
263 2600 358 2637 aquitannia.
426 2599 459 2630 πΕ.
469 2601 562 2638 ingressum.
628 2601 663 2631 ³so
670 2602 699 2638 T,;
709 2601 764 2635 omin
772 2601 790 2630 E.
836 2626 837 2629 ,
