<?xml version="1.0" encoding="UTF-8"?>
<!DOCTYPE html PUBLIC "-//W3C//DTD XHTML 1.0 Transitional//EN"
    "http://www.w3.org/TR/xhtml1/DTD/xhtml1-transitional.dtd">
<html xmlns="http://www.w3.org/1999/xhtml" xml:lang="en" lang="en">
 <head>
  <title>
</title>
<meta http-equiv="Content-Type" content="text/html;charset=utf-8" />
  <meta name='ocr-system' content='tesseract 3.04.00' />
  <meta name='ocr-capabilities' content='ocr_page ocr_carea ocr_par ocr_line ocrx_word'/>
</head>
<body>
  <div class='ocr_page' id='page_1' title='image "./MN5111ucmf_0/MN5111ucmf_0_0653.png"; bbox 0 0 1762 2803; ppageno 0'>
   <div class='ocr_carea' id='block_1_1' title="bbox 250 150 747 213">
    <p class='ocr_par' dir='ltr' id='par_1_1' title="bbox 250 150 747 213">
     <span class='ocr_line' id='line_1_1' title="bbox 250 150 747 213; baseline -0.012 -5"><span class='ocrx_word' id='word_1_1' title='bbox 250 154 296 209; x_wconf 60' lang='lat' dir='ltr'>Bt</span> <span class='ocrx_word' id='word_1_2' title='bbox 311 150 410 206; x_wconf 58' lang='lat' dir='ltr'>&amp;anon</span> <span class='ocrx_word' id='word_1_3' title='bbox 425 152 543 213; x_wconf 65' lang='lat' dir='ltr'>bonotto.</span> <span class='ocrx_word' id='word_1_4' title='bbox 719 166 747 210; x_wconf 78' lang='lat'>37</span> 
     </span>
    </p>
   </div>
   <div class='ocr_carea' id='block_1_2' title="bbox 45 273 766 641">
    <p class='ocr_par' dir='ltr' id='par_1_2' title="bbox 45 273 766 641">
     <span class='ocr_line' id='line_1_2' title="bbox 45 273 748 325; baseline -0.01 -10"><span class='ocrx_word' id='word_1_5' title='bbox 45 279 103 325; x_wconf 91' lang='lat' dir='ltr'>inquit</span> <span class='ocrx_word' id='word_1_6' title='bbox 118 280 231 312; x_wconf 88' lang='lat' dir='ltr'>memoratus</span> <span class='ocrx_word' id='word_1_7' title='bbox 246 285 299 319; x_wconf 89' lang='lat' dir='ltr'>papa,</span> <span class='ocrx_word' id='word_1_8' title='bbox 311 285 347 318; x_wconf 92' lang='lat' dir='ltr'>que</span> <span class='ocrx_word' id='word_1_9' title='bbox 362 275 485 318; x_wconf 82' lang='lat' dir='ltr'>redemptoris</span> <span class='ocrx_word' id='word_1_10' title='bbox 498 273 556 309; x_wconf 84' lang='lat' dir='ltr'>nostri</span> <span class='ocrx_word' id='word_1_11' title='bbox 571 273 697 309; x_wconf 85' lang='lat' dir='ltr'>misericordia</span> <span class='ocrx_word' id='word_1_12' title='bbox 708 273 748 308; x_wconf 88' lang='lat' dir='ltr'>suis</span> 
     </span>
     <span class='ocr_line' id='line_1_3' title="bbox 47 326 748 374; baseline -0.01 -7"><span class='ocrx_word' id='word_1_13' title='bbox 47 332 119 369; x_wconf 79' lang='lat' dir='ltr'>famulis</span> <span class='ocrx_word' id='word_1_14' title='bbox 132 330 217 374; x_wconf 85' lang='lat' dir='ltr'>dignatur</span> <span class='ocrx_word' id='word_1_15' title='bbox 225 328 316 362; x_wconf 91' lang='lat' dir='ltr'>bonorum</span> <span class='ocrx_word' id='word_1_16' title='bbox 328 337 405 362; x_wconf 88' lang='lat' dir='ltr'>munera</span> <span class='ocrx_word' id='word_1_17' title='bbox 416 337 522 371; x_wconf 81' lang='lat' dir='ltr'>prerogare,</span> <span class='ocrx_word' id='word_1_18' title='bbox 529 326 574 361; x_wconf 91' lang='lat' dir='ltr'>illud</span> <span class='ocrx_word' id='word_1_19' title='bbox 582 326 637 361; x_wconf 88' lang='lat' dir='ltr'>etiam</span> <span class='ocrx_word' id='word_1_20' title='bbox 645 326 748 361; x_wconf 87' lang='lat' dir='ltr'>elementer</span> 
     </span>
     <span class='ocr_line' id='line_1_4' title="bbox 46 379 749 427; baseline -0.01 -7"><span class='ocrx_word' id='word_1_21' title='bbox 46 385 109 421; x_wconf 82' lang='lat' dir='ltr'>collata</span> <span class='ocrx_word' id='word_1_22' title='bbox 114 394 147 418; x_wconf 93' lang='lat' dir='ltr'>sue</span> <span class='ocrx_word' id='word_1_23' title='bbox 154 380 227 427; x_wconf 89' lang='lat' dir='ltr'>pietatis</span> <span class='ocrx_word' id='word_1_24' title='bbox 232 380 357 415; x_wconf 87' lang='lat' dir='ltr'>munificentia</span> <span class='ocrx_word' id='word_1_25' title='bbox 363 379 430 422; x_wconf 83' lang='lat' dir='ltr'>tribuit,</span> <span class='ocrx_word' id='word_1_26' title='bbox 436 379 520 425; x_wconf 91' lang='lat' dir='ltr'>quotiens</span> <span class='ocrx_word' id='word_1_27' title='bbox 526 390 561 425; x_wconf 92' lang='lat' dir='ltr'>per</span> <span class='ocrx_word' id='word_1_28' title='bbox 566 379 749 414; x_wconf 74' lang='lat' dir='ltr'>fraternosall&#39;ectus&#39;</span> 
     </span>
     <span class='ocr_line' id='line_1_5' title="bbox 46 432 748 478; baseline -0.01 -5"><span class='ocrx_word' id='word_1_29' title='bbox 46 434 285 473; x_wconf 63' lang='lat' dir='ltr'>vnanimamldilectionem</span> <span class='ocrx_word' id='word_1_30' title='bbox 293 434 371 477; x_wconf 89' lang='lat' dir='ltr'>quadam</span> <span class='ocrx_word' id='word_1_31' title='bbox 382 433 535 477; x_wconf 81' lang='lat' dir='ltr'>contemplatione</span> <span class='ocrx_word' id='word_1_32' title='bbox 546 432 634 468; x_wconf 78' lang='lat' dir='ltr'>alternis³</span> <span class='ocrx_word' id='word_1_33' title='bbox 643 432 748 478; x_wconf 79' lang='lat' dir='ltr'>aspectibus</span> 
     </span>
     <span class='ocr_line' id='line_1_6' title="bbox 47 485 766 535; baseline -0.008 -10"><span class='ocrx_word' id='word_1_34' title='bbox 47 493 166 535; x_wconf 83' lang='lat' dir='ltr'>representat.</span> <span class='ocrx_word' id='word_1_35' title='bbox 189 487 226 521; x_wconf 91' lang='lat' dir='ltr'>Pro</span> <span class='ocrx_word' id='word_1_36' title='bbox 234 487 301 530; x_wconf 91' lang='lat' dir='ltr'>quibus</span> <span class='ocrx_word' id='word_1_37' title='bbox 312 486 403 521; x_wconf 89' lang='lat' dir='ltr'>maiestati</span> <span class='ocrx_word' id='word_1_38' title='bbox 412 487 452 520; x_wconf 91' lang='lat' dir='ltr'>eius</span> <span class='ocrx_word' id='word_1_39' title='bbox 461 486 529 530; x_wconf 81' lang='lat' dir='ltr'>gratias</span> <span class='ocrx_word' id='word_1_40' title='bbox 539 486 666 521; x_wconf 87' lang='lat' dir='ltr'>indesinenter</span> <span class='ocrx_word' id='word_1_41' title='bbox 673 485 766 529; x_wconf 85' lang='lat' dir='ltr'>ex[s]ol-5</span> 
     </span>
     <span class='ocr_line' id='line_1_7' title="bbox 46 538 748 584; baseline -0.01 -6"><span class='ocrx_word' id='word_1_42' title='bbox 46 544 111 582; x_wconf 90' lang='lat' dir='ltr'>uimus,</span> <span class='ocrx_word' id='word_1_43' title='bbox 120 551 199 584; x_wconf 90' lang='lat' dir='ltr'>eumque</span> <span class='ocrx_word' id='word_1_44' title='bbox 206 539 254 573; x_wconf 90' lang='lat' dir='ltr'>votis</span> <span class='ocrx_word' id='word_1_45' title='bbox 262 538 376 583; x_wconf 86' lang='lat' dir='ltr'>supplicibus</span> <span class='ocrx_word' id='word_1_46' title='bbox 385 549 483 572; x_wconf 86' lang='lat' dir='ltr'>exoramus</span> <span class='ocrx_word' id='word_1_47' title='bbox 490 544 510 572; x_wconf 84' lang='lat' dir='ltr'>vt</span> <span class='ocrx_word' id='word_1_48' title='bbox 517 544 597 573; x_wconf 86' lang='lat' dir='ltr'>vestram</span> <span class='ocrx_word' id='word_1_49' title='bbox 606 538 721 573; x_wconf 87' lang='lat' dir='ltr'>dilectionem</span> <span class='ocrx_word' id='word_1_50' title='bbox 729 538 748 572; x_wconf 92' lang='lat' dir='ltr'>in</span> 
     </span>
     <span class='ocr_line' id='line_1_8' title="bbox 46 586 749 641; baseline -0.006 -11"><span class='ocrx_word' id='word_1_51' title='bbox 46 593 169 641; x_wconf 86' lang='lat' dir='ltr'>predicatione</span> <span class='ocrx_word' id='word_1_52' title='bbox 183 592 273 636; x_wconf 89' lang='lat' dir='ltr'>euangelii</span> <span class='ocrx_word' id='word_1_53' title='bbox 285 592 409 627; x_wconf 83' lang='lat' dir='ltr'>elaborantem</span> <span class='ocrx_word' id='word_1_54' title='bbox 423 596 441 626; x_wconf 90' lang='lat' dir='ltr'>et</span> <span class='ocrx_word' id='word_1_55' title='bbox 452 586 598 632; x_wconf 81' lang='lat' dir='ltr'>fructificantem,</span> <span class='ocrx_word' id='word_1_56' title='bbox 610 596 749 634; x_wconf 89' lang='lat' dir='ltr'>sectantemque</span> 
     </span>
    </p>
   </div>
   <div class='ocr_carea' id='block_1_3' title="bbox 45 642 782 2489">
    <p class='ocr_par' dir='ltr' id='par_1_3' title="bbox 45 642 782 2489">
     <span class='ocr_line' id='line_1_9' title="bbox 46 642 749 692; baseline -0.006 -10"><span class='ocrx_word' id='word_1_57' title='bbox 46 647 128 692; x_wconf 86' lang='lat' dir='ltr'>magistri</span> <span class='ocrx_word' id='word_1_58' title='bbox 144 651 162 681; x_wconf 91' lang='lat' dir='ltr'>et</span> <span class='ocrx_word' id='word_1_59' title='bbox 178 645 243 691; x_wconf 84' lang='lat' dir='ltr'>capitis</span> <span class='ocrx_word' id='word_1_60' title='bbox 257 644 286 680; x_wconf 91' lang='lat' dir='ltr'>sui</span> <span class='ocrx_word' id='word_1_61' title='bbox 302 645 360 679; x_wconf 91' lang='lat' dir='ltr'>sancti</span> <span class='ocrx_word' id='word_1_62' title='bbox 373 644 455 689; x_wconf 85' lang='lat' dir='ltr'>Gregorii</span> <span class='ocrx_word' id='word_1_63' title='bbox 469 644 556 689; x_wconf 86' lang='lat' dir='ltr'>regulam,</span> <span class='ocrx_word' id='word_1_64' title='bbox 568 643 640 689; x_wconf 82' lang='lat' dir='ltr'>perpeti</span> <span class='ocrx_word' id='word_1_65' title='bbox 652 642 749 679; x_wconf 89' lang='lat' dir='ltr'>stabilitate</span> 
     </span>
     <span class='ocr_line' id='line_1_10' title="bbox 46 697 748 742; baseline -0.006 -7"><span class='ocrx_word' id='word_1_66' title='bbox 46 702 141 735; x_wconf 84' lang='lat' dir='ltr'>confirmet</span> <span class='ocrx_word' id='word_1_67' title='bbox 151 704 169 734; x_wconf 91' lang='lat' dir='ltr'>et</span> <span class='ocrx_word' id='word_1_68' title='bbox 179 699 203 733; x_wconf 88' lang='lat' dir='ltr'>ad</span> <span class='ocrx_word' id='word_1_69' title='bbox 214 703 332 742; x_wconf 85' lang='lat' dir='ltr'>augmentum</span> <span class='ocrx_word' id='word_1_70' title='bbox 343 697 421 732; x_wconf 90' lang='lat' dir='ltr'>ecclesie</span> <span class='ocrx_word' id='word_1_71' title='bbox 430 708 464 732; x_wconf 83' lang='lat' dir='ltr'>sue</span> <span class='ocrx_word' id='word_1_72' title='bbox 475 697 546 741; x_wconf 83' lang='lat' dir='ltr'>potiora</span> <span class='ocrx_word' id='word_1_73' title='bbox 559 708 594 742; x_wconf 93' lang='lat' dir='ltr'>per</span> <span class='ocrx_word' id='word_1_74' title='bbox 604 697 662 732; x_wconf 80' lang='lat' dir='ltr'>suos⁴</span> <span class='ocrx_word' id='word_1_75' title='bbox 673 697 748 731; x_wconf 86' lang='lat' dir='ltr'>suscitet</span> 
     </span>
     <span class='ocr_line' id='line_1_11' title="bbox 46 750 777 795; baseline -0.007 -7"><span class='ocrx_word' id='word_1_76' title='bbox 46 754 166 794; x_wconf 86' lang='lat' dir='ltr'>incrementa;</span> <span class='ocrx_word' id='word_1_77' title='bbox 173 756 192 785; x_wconf 89' lang='lat' dir='ltr'>vt</span> <span class='ocrx_word' id='word_1_78' title='bbox 198 750 235 785; x_wconf 88' lang='lat' dir='ltr'>fide</span> <span class='ocrx_word' id='word_1_79' title='bbox 242 756 260 785; x_wconf 92' lang='lat' dir='ltr'>et</span> <span class='ocrx_word' id='word_1_80' title='bbox 266 762 329 795; x_wconf 88' lang='lat' dir='ltr'>opere,</span> <span class='ocrx_word' id='word_1_81' title='bbox 334 750 352 785; x_wconf 92' lang='lat' dir='ltr'>in</span> <span class='ocrx_word' id='word_1_82' title='bbox 358 750 423 785; x_wconf 89' lang='lat' dir='ltr'>timore</span> <span class='ocrx_word' id='word_1_83' title='bbox 428 751 458 785; x_wconf 92' lang='lat' dir='ltr'>dei</span> <span class='ocrx_word' id='word_1_84' title='bbox 465 757 483 786; x_wconf 88' lang='lat' dir='ltr'>et</span> <span class='ocrx_word' id='word_1_85' title='bbox 489 751 582 792; x_wconf 89' lang='lat' dir='ltr'>charitate,</span> <span class='ocrx_word' id='word_1_86' title='bbox 586 755 649 784; x_wconf 86' lang='lat' dir='ltr'>vestra</span> <span class='ocrx_word' id='word_1_87' title='bbox 653 750 749 794; x_wconf 88' lang='lat' dir='ltr'>acquisitio</span> <span class='ocrx_word' id='word_1_88' title='bbox 758 760 777 783; x_wconf 80' lang='grc' dir='ltr'>ιο</span> 
     </span>
     <span class='ocr_line' id='line_1_12' title="bbox 47 802 749 847; baseline -0.004 -8"><span class='ocrx_word' id='word_1_89' title='bbox 47 807 201 847; x_wconf 88' lang='lat' dir='ltr'>decessorumque</span> <span class='ocrx_word' id='word_1_90' title='bbox 207 807 318 845; x_wconf 86' lang='lat' dir='ltr'>vestrorum,</span> <span class='ocrx_word' id='word_1_91' title='bbox 329 814 365 847; x_wconf 88' lang='lat' dir='ltr'>que</span> <span class='ocrx_word' id='word_1_92' title='bbox 377 813 412 846; x_wconf 89' lang='lat' dir='ltr'>per</span> <span class='ocrx_word' id='word_1_93' title='bbox 424 803 494 836; x_wconf 91' lang='lat' dir='ltr'>domini</span> <span class='ocrx_word' id='word_1_94' title='bbox 507 802 590 846; x_wconf 85' lang='lat' dir='ltr'>Gregorii</span> <span class='ocrx_word' id='word_1_95' title='bbox 601 803 697 837; x_wconf 79' lang='lat' dir='ltr'>exordium</span> <span class='ocrx_word' id='word_1_96' title='bbox 709 802 749 846; x_wconf 88' lang='lat' dir='ltr'>pul-</span> 
     </span>
     <span class='ocr_line' id='line_1_13' title="bbox 46 847 749 900; baseline -0.004 -9"><span class='ocrx_word' id='word_1_97' title='bbox 46 857 105 897; x_wconf 77' lang='lat' dir='ltr'>lulat⁶‚</span> <span class='ocrx_word' id='word_1_98' title='bbox 121 856 267 891; x_wconf 86' lang='lat' dir='ltr'>conualeseendo</span> <span class='ocrx_word' id='word_1_99' title='bbox 282 855 361 900; x_wconf 92' lang='lat' dir='ltr'>amplius</span> <span class='ocrx_word' id='word_1_100' title='bbox 376 856 536 890; x_wconf 83' lang='lat' dir='ltr'>extendatur...&#39;</span> <span class='ocrx_word' id='word_1_101' title='bbox 559 847 604 889; x_wconf 89' lang='lat' dir='ltr'>Tali</span> <span class='ocrx_word' id='word_1_102' title='bbox 619 854 681 899; x_wconf 91' lang='lat' dir='ltr'>itaque</span> <span class='ocrx_word' id='word_1_103' title='bbox 694 855 749 888; x_wconf 88' lang='lat' dir='ltr'>huius</span> 
     </span>
     <span class='ocr_line' id='line_1_14' title="bbox 47 907 749 954; baseline -0.003 -10"><span class='ocrx_word' id='word_1_104' title='bbox 47 911 103 944; x_wconf 89' lang='lat' dir='ltr'>sancti</span> <span class='ocrx_word' id='word_1_105' title='bbox 111 920 159 954; x_wconf 89' lang='lat' dir='ltr'>pape</span> <span class='ocrx_word' id='word_1_106' title='bbox 166 908 230 942; x_wconf 78' lang='lat' dir='ltr'>fauore</span> <span class='ocrx_word' id='word_1_107' title='bbox 235 919 256 942; x_wconf 89' lang='lat' dir='ltr'>ac</span> <span class='ocrx_word' id='word_1_108' title='bbox 263 908 368 943; x_wconf 88' lang='lat' dir='ltr'>testimonio</span> <span class='ocrx_word' id='word_1_109' title='bbox 375 908 444 954; x_wconf 89' lang='lat' dir='ltr'>liquide</span> <span class='ocrx_word' id='word_1_110' title='bbox 450 914 500 954; x_wconf 89' lang='lat' dir='ltr'>patet</span> <span class='ocrx_word' id='word_1_111' title='bbox 505 910 555 943; x_wconf 88' lang='lat' dir='ltr'>hunc</span> <span class='ocrx_word' id='word_1_112' title='bbox 562 910 636 943; x_wconf 83' lang='lat' dir='ltr'>beatum</span> <span class='ocrx_word' id='word_1_113' title='bbox 645 907 749 943; x_wconf 89' lang='lat' dir='ltr'>Honorium</span> 
     </span>
     <span class='ocr_line' id='line_1_15' title="bbox 47 962 750 1007; baseline -0.004 -9"><span class='ocrx_word' id='word_1_114' title='bbox 47 964 154 1007; x_wconf 84' lang='lat' dir='ltr'>gregoriane</span> <span class='ocrx_word' id='word_1_115' title='bbox 168 962 287 997; x_wconf 88' lang='lat' dir='ltr'>institutionis</span> <span class='ocrx_word' id='word_1_116' title='bbox 302 963 418 1007; x_wconf 81' lang='lat' dir='ltr'>discipulum,</span> <span class='ocrx_word' id='word_1_117' title='bbox 429 963 464 996; x_wconf 89' lang='lat' dir='ltr'>hoc</span> <span class='ocrx_word' id='word_1_118' title='bbox 477 968 506 997; x_wconf 90' lang='lat' dir='ltr'>est</span> <span class='ocrx_word' id='word_1_119' title='bbox 517 962 617 1006; x_wconf 86' lang='lat' dir='ltr'>apostolice</span> <span class='ocrx_word' id='word_1_120' title='bbox 628 962 665 996; x_wconf 88' lang='lat' dir='ltr'>vite</span> <span class='ocrx_word' id='word_1_121' title='bbox 676 967 694 996; x_wconf 91' lang='lat' dir='ltr'>et</span> <span class='ocrx_word' id='word_1_122' title='bbox 706 972 750 1005; x_wconf 91' lang='lat' dir='ltr'>per·</span> 
     </span>
     <span class='ocr_line' id='line_1_16' title="bbox 47 1014 777 1060; baseline -0.004 -10"><span class='ocrx_word' id='word_1_123' title='bbox 47 1016 129 1051; x_wconf 84' lang='lat' dir='ltr'>lectionis</span> <span class='ocrx_word' id='word_1_124' title='bbox 139 1016 217 1060; x_wconf 85' lang='lat' dir='ltr'>dignum</span> <span class='ocrx_word' id='word_1_125' title='bbox 229 1014 286 1050; x_wconf 85' lang='lat' dir='ltr'>luisse</span> <span class='ocrx_word' id='word_1_126' title='bbox 298 1016 387 1050; x_wconf 91' lang='lat' dir='ltr'>emulum.</span> <span class='ocrx_word' id='word_1_127' title='bbox 410 1015 449 1050; x_wconf 86' lang='lat' dir='ltr'>Nec</span> <span class='ocrx_word' id='word_1_128' title='bbox 459 1015 504 1050; x_wconf 89' lang='lat' dir='ltr'>illud</span> <span class='ocrx_word' id='word_1_129' title='bbox 513 1015 568 1050; x_wconf 89' lang='lat' dir='ltr'>etiam</span> <span class='ocrx_word' id='word_1_130' title='bbox 576 1025 634 1060; x_wconf 88' lang='lat' dir='ltr'>parue</span> <span class='ocrx_word' id='word_1_131' title='bbox 641 1014 699 1059; x_wconf 88' lang='lat' dir='ltr'>glorie</span> <span class='ocrx_word' id='word_1_132' title='bbox 707 1024 749 1059; x_wconf 88' lang='lat' dir='ltr'>pre·</span> <span class='ocrx_word' id='word_1_133' title='bbox 759 1024 777 1056; x_wconf 76' lang='lat'>¹5</span> 
     </span>
     <span class='ocr_line' id='line_1_17' title="bbox 48 1067 749 1112; baseline -0.003 -9"><span class='ocrx_word' id='word_1_134' title='bbox 48 1069 120 1103; x_wconf 90' lang='lat' dir='ltr'>conium</span> <span class='ocrx_word' id='word_1_135' title='bbox 132 1073 161 1103; x_wconf 91' lang='lat' dir='ltr'>est</span> <span class='ocrx_word' id='word_1_136' title='bbox 168 1069 217 1112; x_wconf 92' lang='lat' dir='ltr'>quod</span> <span class='ocrx_word' id='word_1_137' title='bbox 228 1079 263 1112; x_wconf 91' lang='lat' dir='ltr'>per</span> <span class='ocrx_word' id='word_1_138' title='bbox 274 1074 358 1103; x_wconf 87' lang='lat' dir='ltr'>sanctum</span> <span class='ocrx_word' id='word_1_139' title='bbox 370 1068 456 1111; x_wconf 85' lang='lat' dir='ltr'>Felicem,</span> <span class='ocrx_word' id='word_1_140' title='bbox 464 1079 475 1102; x_wconf 91' lang='lat' dir='ltr'>a</span> <span class='ocrx_word' id='word_1_141' title='bbox 484 1079 505 1103; x_wconf 90' lang='lat' dir='ltr'>se</span> <span class='ocrx_word' id='word_1_142' title='bbox 515 1068 619 1102; x_wconf 90' lang='lat' dir='ltr'>ordinatum</span> <span class='ocrx_word' id='word_1_143' title='bbox 628 1067 749 1102; x_wconf 88' lang='lat' dir='ltr'>Orientalium</span> 
     </span>
     <span class='ocr_line' id='line_1_18' title="bbox 48 1121 750 1166; baseline -0.001 -10"><span class='ocrx_word' id='word_1_144' title='bbox 48 1122 150 1166; x_wconf 88' lang='lat' dir='ltr'>Anglorum</span> <span class='ocrx_word' id='word_1_145' title='bbox 163 1121 263 1165; x_wconf 81' lang='lat' dir='ltr'>presulem,</span> <span class='ocrx_word' id='word_1_146' title='bbox 275 1121 326 1156; x_wconf 88' lang='lat' dir='ltr'>illam</span> <span class='ocrx_word' id='word_1_147' title='bbox 339 1133 413 1166; x_wconf 89' lang='lat' dir='ltr'>quoque</span> <span class='ocrx_word' id='word_1_148' title='bbox 428 1122 451 1156; x_wconf 88' lang='lat' dir='ltr'>ad</span> <span class='ocrx_word' id='word_1_149' title='bbox 462 1122 556 1156; x_wconf 87' lang='lat' dir='ltr'>Christum</span> <span class='ocrx_word' id='word_1_150' title='bbox 567 1121 658 1156; x_wconf 88' lang='lat' dir='ltr'>conuertit</span> <span class='ocrx_word' id='word_1_151' title='bbox 669 1126 750 1166; x_wconf 85' lang='lat' dir='ltr'>gentem.</span> 
     </span>
     <span class='ocr_line' id='line_1_19' title="bbox 48 1174 750 1216; baseline -0.001 -9"><span class='ocrx_word' id='word_1_152' title='bbox 48 1175 104 1208; x_wconf 91' lang='lat' dir='ltr'>Beato</span> <span class='ocrx_word' id='word_1_153' title='bbox 111 1185 155 1207; x_wconf 91' lang='lat' dir='ltr'>vero</span> <span class='ocrx_word' id='word_1_154' title='bbox 162 1174 223 1208; x_wconf 84' lang='lat' dir='ltr'>Felice</span> <span class='ocrx_word' id='word_1_155' title='bbox 229 1180 308 1216; x_wconf 90' lang='lat' dir='ltr'>mortuo,</span> <span class='ocrx_word' id='word_1_156' title='bbox 316 1176 356 1208; x_wconf 87' lang='lat' dir='ltr'>loco</span> <span class='ocrx_word' id='word_1_157' title='bbox 361 1176 401 1209; x_wconf 92' lang='lat' dir='ltr'>eius</span> <span class='ocrx_word' id='word_1_158' title='bbox 409 1174 501 1208; x_wconf 89' lang='lat' dir='ltr'>ordinauit</span> <span class='ocrx_word' id='word_1_159' title='bbox 505 1175 596 1207; x_wconf 90' lang='lat' dir='ltr'>Thomam</span> <span class='ocrx_word' id='word_1_160' title='bbox 602 1174 699 1207; x_wconf 90' lang='lat' dir='ltr'>diaconum</span> <span class='ocrx_word' id='word_1_161' title='bbox 705 1174 750 1213; x_wconf 88' lang='lat' dir='ltr'>eius,</span> 
     </span>
     <span class='ocr_line' id='line_1_20' title="bbox 48 1219 750 1271; baseline -0.001 -11"><span class='ocrx_word' id='word_1_162' title='bbox 48 1227 70 1261; x_wconf 90' lang='lat' dir='ltr'>de</span> <span class='ocrx_word' id='word_1_163' title='bbox 78 1225 171 1269; x_wconf 89' lang='lat' dir='ltr'>prouincia</span> <span class='ocrx_word' id='word_1_164' title='bbox 177 1225 294 1260; x_wconf 80' lang='lat' dir='ltr'>Girwiorum</span> <span class='ocrx_word' id='word_1_165' title='bbox 340 1219 387 1261; x_wconf 89' lang='lat' dir='ltr'>Hiis</span> <span class='ocrx_word' id='word_1_166' title='bbox 392 1226 507 1271; x_wconf 89' lang='lat' dir='ltr'>temporibus</span> <span class='ocrx_word' id='word_1_167' title='bbox 513 1226 590 1260; x_wconf 89' lang='lat' dir='ltr'>turbatis</span> <span class='ocrx_word' id='word_1_168' title='bbox 595 1226 651 1260; x_wconf 91' lang='lat' dir='ltr'>rebus</span> <span class='ocrx_word' id='word_1_169' title='bbox 658 1225 750 1260; x_wconf 85' lang='lat' dir='ltr'>Northan·</span> 
     </span>
     <span class='ocr_line' id='line_1_21' title="bbox 49 1278 779 1324; baseline 0 -12"><span class='ocrx_word' id='word_1_170' title='bbox 49 1278 173 1319; x_wconf 88' lang='lat' dir='ltr'>humbrorum,</span> <span class='ocrx_word' id='word_1_171' title='bbox 188 1284 286 1323; x_wconf 90' lang='lat' dir='ltr'>perempto</span> <span class='ocrx_word' id='word_1_172' title='bbox 305 1290 349 1324; x_wconf 89' lang='lat' dir='ltr'>rege</span> <span class='ocrx_word' id='word_1_173' title='bbox 365 1279 450 1321; x_wconf 86' lang='lat' dir='ltr'>Edwino‚</span> <span class='ocrx_word' id='word_1_174' title='bbox 466 1280 531 1314; x_wconf 89' lang='lat' dir='ltr'>beatus</span> <span class='ocrx_word' id='word_1_175' title='bbox 547 1278 641 1320; x_wconf 88' lang='lat' dir='ltr'>Paulinus,</span> <span class='ocrx_word' id='word_1_176' title='bbox 656 1284 779 1323; x_wconf 71' lang='lat' dir='ltr'>assumptam</span> 
     </span>
     <span class='ocr_line' id='line_1_22' title="bbox 48 1331 751 1377; baseline 0.001 -12"><span class='ocrx_word' id='word_1_177' title='bbox 48 1342 110 1366; x_wconf 84' lang='lat' dir='ltr'>secum</span> <span class='ocrx_word' id='word_1_178' title='bbox 127 1331 239 1376; x_wconf 85' lang='lat' dir='ltr'>Ethelburga</span> <span class='ocrx_word' id='word_1_179' title='bbox 253 1332 323 1377; x_wconf 85' lang='lat' dir='ltr'>regina,</span> <span class='ocrx_word' id='word_1_180' title='bbox 338 1332 392 1367; x_wconf 92' lang='lat' dir='ltr'>rediit</span> <span class='ocrx_word' id='word_1_181' title='bbox 404 1332 491 1368; x_wconf 85' lang='lat' dir='ltr'>Canciam</span> <span class='ocrx_word' id='word_1_182' title='bbox 507 1331 586 1377; x_wconf 89' lang='lat' dir='ltr'>nauigio,</span> <span class='ocrx_word' id='word_1_183' title='bbox 602 1338 657 1377; x_wconf 88' lang='lat' dir='ltr'>atque</span> <span class='ocrx_word' id='word_1_184' title='bbox 671 1342 683 1366; x_wconf 88' lang='lat' dir='ltr'>a</span> <span class='ocrx_word' id='word_1_185' title='bbox 697 1332 751 1367; x_wconf 89' lang='lat' dir='ltr'>beato</span> 
     </span>
     <span class='ocr_line' id='line_1_23' title="bbox 50 1384 751 1430; baseline 0.001 -12"><span class='ocrx_word' id='word_1_186' title='bbox 50 1384 132 1418; x_wconf 82' lang='lat' dir='ltr'>Honorio</span> <span class='ocrx_word' id='word_1_187' title='bbox 144 1385 245 1420; x_wconf 89' lang='lat' dir='ltr'>honorifice</span> <span class='ocrx_word' id='word_1_188' title='bbox 255 1391 354 1430; x_wconf 88' lang='lat' dir='ltr'>susceptus</span> <span class='ocrx_word' id='word_1_189' title='bbox 365 1391 399 1421; x_wconf 85' lang='lat' dir='ltr'>est.</span> <span class='ocrx_word' id='word_1_190' title='bbox 423 1386 466 1420; x_wconf 86' lang='lat' dir='ltr'>Rex</span> <span class='ocrx_word' id='word_1_191' title='bbox 477 1398 523 1420; x_wconf 89' lang='lat' dir='ltr'>vero</span> <span class='ocrx_word' id='word_1_192' title='bbox 535 1386 629 1420; x_wconf 87' lang='lat' dir='ltr'>Edbaldus</span> <span class='ocrx_word' id='word_1_193' title='bbox 644 1385 702 1419; x_wconf 90' lang='lat' dir='ltr'>sorori</span> <span class='ocrx_word' id='word_1_194' title='bbox 717 1395 751 1420; x_wconf 91' lang='lat' dir='ltr'>sue</span> 
     </span>
     <span class='ocr_line' id='line_1_24' title="bbox 49 1436 751 1484; baseline 0 -12"><span class='ocrx_word' id='word_1_195' title='bbox 49 1436 160 1482; x_wconf 83' lang='lat' dir='ltr'>Ethelburge</span> <span class='ocrx_word' id='word_1_196' title='bbox 173 1438 223 1474; x_wconf 89' lang='lat' dir='ltr'>dedit</span> <span class='ocrx_word' id='word_1_197' title='bbox 231 1438 294 1475; x_wconf 89' lang='lat' dir='ltr'>villam</span> <span class='ocrx_word' id='word_1_198' title='bbox 303 1439 423 1484; x_wconf 71' lang='lat' dir='ltr'>Limmingle]</span> <span class='ocrx_word' id='word_1_199' title='bbox 437 1440 556 1482; x_wconf 84' lang='lat' dir='ltr'>nominatam,</span> <span class='ocrx_word' id='word_1_200' title='bbox 566 1438 584 1474; x_wconf 94' lang='lat' dir='ltr'>in</span> <span class='ocrx_word' id='word_1_201' title='bbox 595 1449 632 1483; x_wconf 88' lang='lat' dir='ltr'>qua</span> <span class='ocrx_word' id='word_1_202' title='bbox 639 1438 680 1483; x_wconf 88' lang='lat' dir='ltr'>ipsa</span> <span class='ocrx_word' id='word_1_203' title='bbox 687 1449 751 1473; x_wconf 87' lang='lat' dir='ltr'>mona-</span> 
     </span>
     <span class='ocr_line' id='line_1_25' title="bbox 48 1490 752 1532; baseline 0.003 -9"><span class='ocrx_word' id='word_1_204' title='bbox 48 1490 123 1524; x_wconf 89' lang='lat' dir='ltr'>sterium</span> <span class='ocrx_word' id='word_1_205' title='bbox 139 1492 246 1532; x_wconf 81' lang='lat' dir='ltr'>construxit,</span> <span class='ocrx_word' id='word_1_206' title='bbox 260 1498 278 1526; x_wconf 93' lang='lat' dir='ltr'>et</span> <span class='ocrx_word' id='word_1_207' title='bbox 290 1503 302 1526; x_wconf 91' lang='lat' dir='ltr'>a</span> <span class='ocrx_word' id='word_1_208' title='bbox 313 1493 367 1527; x_wconf 89' lang='lat' dir='ltr'>beato</span> <span class='ocrx_word' id='word_1_209' title='bbox 378 1493 462 1527; x_wconf 90' lang='lat' dir='ltr'>Honorio</span> <span class='ocrx_word' id='word_1_210' title='bbox 469 1493 560 1527; x_wconf 89' lang='lat' dir='ltr'>velamine</span> <span class='ocrx_word' id='word_1_211' title='bbox 573 1497 685 1532; x_wconf 89' lang='lat' dir='ltr'>consecrata,</span> <span class='ocrx_word' id='word_1_212' title='bbox 692 1497 752 1525; x_wconf 87' lang='lat' dir='ltr'>mater</span> 
     </span>
     <span class='ocr_line' id='line_1_26' title="bbox 49 1542 779 1590; baseline 0.003 -15"><span class='ocrx_word' id='word_1_213' title='bbox 49 1542 169 1585; x_wconf 88' lang='lat' dir='ltr'>plurimarum</span> <span class='ocrx_word' id='word_1_214' title='bbox 181 1543 273 1587; x_wconf 89' lang='lat' dir='ltr'>virginum</span> <span class='ocrx_word' id='word_1_215' title='bbox 289 1550 307 1579; x_wconf 88' lang='lat' dir='ltr'>et</span> <span class='ocrx_word' id='word_1_216' title='bbox 318 1545 416 1579; x_wconf 83' lang='lat' dir='ltr'>viduarum</span> <span class='ocrx_word' id='word_1_217' title='bbox 430 1545 478 1579; x_wconf 88' lang='lat' dir='ltr'>sacta</span> <span class='ocrx_word' id='word_1_218' title='bbox 492 1550 526 1580; x_wconf 87' lang='lat' dir='ltr'>est.</span> <span class='ocrx_word' id='word_1_219' title='bbox 554 1545 595 1588; x_wconf 79' lang='lat' dir='ltr'>Que</span> <span class='ocrx_word' id='word_1_220' title='bbox 610 1549 653 1590; x_wconf 90' lang='lat' dir='ltr'>post</span> <span class='ocrx_word' id='word_1_221' title='bbox 665 1543 703 1579; x_wconf 87' lang='lat' dir='ltr'>vite</span> <span class='ocrx_word' id='word_1_222' title='bbox 718 1554 751 1580; x_wconf 87' lang='lat' dir='ltr'>sue</span> <span class='ocrx_word' id='word_1_223' title='bbox 760 1554 779 1587; x_wconf 81' lang='lat'>25</span> 
     </span>
     <span class='ocr_line' id='line_1_27' title="bbox 49 1594 751 1642; baseline 0.006 -15"><span class='ocrx_word' id='word_1_224' title='bbox 49 1594 116 1628; x_wconf 86' lang='lat' dir='ltr'>obitum</span> <span class='ocrx_word' id='word_1_225' title='bbox 124 1597 197 1640; x_wconf 86' lang='lat' dir='ltr'>sepulta</span> <span class='ocrx_word' id='word_1_226' title='bbox 207 1603 236 1631; x_wconf 89' lang='lat' dir='ltr'>est</span> <span class='ocrx_word' id='word_1_227' title='bbox 247 1598 272 1631; x_wconf 90' lang='lat' dir='ltr'>ibi</span> <span class='ocrx_word' id='word_1_228' title='bbox 283 1598 344 1632; x_wconf 89' lang='lat' dir='ltr'>idibus</span> <span class='ocrx_word' id='word_1_229' title='bbox 352 1598 461 1633; x_wconf 82' lang='lat' dir='ltr'>decembris.</span> <span class='ocrx_word' id='word_1_230' title='bbox 484 1598 581 1632; x_wconf 85' lang='lat' dir='ltr'>Paulinum</span> <span class='ocrx_word' id='word_1_231' title='bbox 589 1607 633 1632; x_wconf 87' lang='lat' dir='ltr'>vero</span> <span class='ocrx_word' id='word_1_232' title='bbox 643 1598 751 1642; x_wconf 88' lang='lat' dir='ltr'>episcopum</span> 
     </span>
     <span class='ocr_line' id='line_1_28' title="bbox 49 1647 752 1695; baseline 0.006 -15"><span class='ocrx_word' id='word_1_233' title='bbox 49 1647 148 1682; x_wconf 87' lang='lat' dir='ltr'>roffensem</span> <span class='ocrx_word' id='word_1_234' title='bbox 160 1649 257 1691; x_wconf 87' lang='lat' dir='ltr'>constituit,</span> <span class='ocrx_word' id='word_1_235' title='bbox 267 1650 297 1694; x_wconf 91' lang='lat' dir='ltr'>qui</span> <span class='ocrx_word' id='word_1_236' title='bbox 307 1650 375 1685; x_wconf 90' lang='lat' dir='ltr'>ibidem</span> <span class='ocrx_word' id='word_1_237' title='bbox 386 1652 444 1686; x_wconf 88' lang='lat' dir='ltr'>finem</span> <span class='ocrx_word' id='word_1_238' title='bbox 451 1651 488 1685; x_wconf 87' lang='lat' dir='ltr'>vite</span> <span class='ocrx_word' id='word_1_239' title='bbox 496 1651 546 1685; x_wconf 90' lang='lat' dir='ltr'>dedit</span> <span class='ocrx_word' id='word_1_240' title='bbox 551 1651 563 1686; x_wconf 77' lang='lat'>⁶.</span> <span class='ocrx_word' id='word_1_241' title='bbox 586 1650 617 1685; x_wconf 86' lang='lat' dir='ltr'>Sic</span> <span class='ocrx_word' id='word_1_242' title='bbox 630 1649 702 1695; x_wconf 85' lang='lat' dir='ltr'>[ergo]⁷</span> <span class='ocrx_word' id='word_1_243' title='bbox 713 1650 752 1684; x_wconf 85' lang='lat' dir='ltr'>dux</span> 
     </span>
     <span class='ocr_line' id='line_1_29' title="bbox 51 1702 752 1748; baseline 0.006 -15"><span class='ocrx_word' id='word_1_244' title='bbox 51 1706 137 1735; x_wconf 89' lang='lat' dir='ltr'>strenuus</span> <span class='ocrx_word' id='word_1_245' title='bbox 152 1713 173 1736; x_wconf 88' lang='lat' dir='ltr'>ac</span> <span class='ocrx_word' id='word_1_246' title='bbox 188 1702 267 1748; x_wconf 89' lang='lat' dir='ltr'>peruigil</span> <span class='ocrx_word' id='word_1_247' title='bbox 282 1704 374 1739; x_wconf 90' lang='lat' dir='ltr'>dominice</span> <span class='ocrx_word' id='word_1_248' title='bbox 390 1704 464 1746; x_wconf 82' lang='lat' dir='ltr'>milicie,</span> <span class='ocrx_word' id='word_1_249' title='bbox 478 1704 519 1739; x_wconf 87' lang='lat' dir='ltr'>aliis</span> <span class='ocrx_word' id='word_1_250' title='bbox 533 1705 583 1739; x_wconf 87' lang='lat' dir='ltr'>velut</span> <span class='ocrx_word' id='word_1_251' title='bbox 600 1703 619 1738; x_wconf 92' lang='lat' dir='ltr'>in</span> <span class='ocrx_word' id='word_1_252' title='bbox 635 1704 673 1738; x_wconf 88' lang='lat' dir='ltr'>acie</span> <span class='ocrx_word' id='word_1_253' title='bbox 690 1702 752 1738; x_wconf 90' lang='lat' dir='ltr'>diuina</span> 
     </span>
     <span class='ocr_line' id='line_1_30' title="bbox 45 1754 752 1801; baseline 0.006 -15"><span class='ocrx_word' id='word_1_254' title='bbox 45 1754 155 1789; x_wconf 78' lang='lat' dir='ltr'>cadentibus</span> <span class='ocrx_word' id='word_1_255' title='bbox 168 1755 213 1790; x_wconf 89' lang='lat' dir='ltr'>alios</span> <span class='ocrx_word' id='word_1_256' title='bbox 227 1757 328 1801; x_wconf 88' lang='lat' dir='ltr'>subrogare</span> <span class='ocrx_word' id='word_1_257' title='bbox 343 1759 430 1800; x_wconf 86' lang='lat' dir='ltr'>certabat,</span> <span class='ocrx_word' id='word_1_258' title='bbox 443 1768 467 1791; x_wconf 89' lang='lat' dir='ltr'>ne</span> <span class='ocrx_word' id='word_1_259' title='bbox 479 1757 549 1792; x_wconf 88' lang='lat' dir='ltr'>scilicet</span> <span class='ocrx_word' id='word_1_260' title='bbox 566 1757 622 1791; x_wconf 77' lang='lat' dir='ltr'>seuo⁸</span> <span class='ocrx_word' id='word_1_261' title='bbox 636 1756 685 1790; x_wconf 89' lang='lat' dir='ltr'>hosti</span> <span class='ocrx_word' id='word_1_262' title='bbox 700 1756 752 1790; x_wconf 90' lang='lat' dir='ltr'>locus</span> 
     </span>
     <span class='ocr_line' id='line_1_31' title="bbox 52 1804 781 1854; baseline 0.007 -17"><span class='ocrx_word' id='word_1_263' title='bbox 52 1804 164 1849; x_wconf 86' lang='lat' dir='ltr'>irrumpendi</span> <span class='ocrx_word' id='word_1_264' title='bbox 172 1814 249 1852; x_wconf 91' lang='lat' dir='ltr'>pateret,</span> <span class='ocrx_word' id='word_1_265' title='bbox 257 1820 281 1842; x_wconf 92' lang='lat' dir='ltr'>ne</span> <span class='ocrx_word' id='word_1_266' title='bbox 289 1810 318 1844; x_wconf 90' lang='lat' dir='ltr'>leo</span> <span class='ocrx_word' id='word_1_267' title='bbox 326 1810 402 1853; x_wconf 88' lang='lat' dir='ltr'>rugiens</span> <span class='ocrx_word' id='word_1_268' title='bbox 410 1815 428 1844; x_wconf 90' lang='lat' dir='ltr'>et</span> <span class='ocrx_word' id='word_1_269' title='bbox 437 1819 518 1854; x_wconf 88' lang='lat' dir='ltr'>querens</span> <span class='ocrx_word' id='word_1_270' title='bbox 526 1819 581 1854; x_wconf 91' lang='lat' dir='ltr'>quem</span> <span class='ocrx_word' id='word_1_271' title='bbox 589 1809 670 1850; x_wconf 87' lang='lat' dir='ltr'>deuoret,</span> <span class='ocrx_word' id='word_1_272' title='bbox 676 1818 752 1853; x_wconf 85' lang='lat' dir='ltr'>gregem</span> <span class='ocrx_word' id='word_1_273' title='bbox 761 1820 781 1851; x_wconf 74' lang='lat'>30</span> 
     </span>
     <span class='ocr_line' id='line_1_32' title="bbox 51 1858 753 1906; baseline 0.009 -16"><span class='ocrx_word' id='word_1_274' title='bbox 51 1858 118 1892; x_wconf 92' lang='lat' dir='ltr'>domini</span> <span class='ocrx_word' id='word_1_275' title='bbox 134 1859 174 1894; x_wconf 90' lang='lat' dir='ltr'>sine</span> <span class='ocrx_word' id='word_1_276' title='bbox 191 1860 289 1896; x_wconf 80' lang='lat' dir='ltr'>defensore</span> <span class='ocrx_word' id='word_1_277' title='bbox 307 1862 404 1897; x_wconf 91' lang='lat' dir='ltr'>inuentum</span> <span class='ocrx_word' id='word_1_278' title='bbox 418 1868 505 1897; x_wconf 84' lang='lat' dir='ltr'>vastaret.</span> <span class='ocrx_word' id='word_1_279' title='bbox 528 1862 570 1896; x_wconf 93' lang='lat' dir='ltr'>Non</span> <span class='ocrx_word' id='word_1_280' title='bbox 589 1863 648 1896; x_wconf 91' lang='lat' dir='ltr'>solum</span> <span class='ocrx_word' id='word_1_281' title='bbox 664 1862 753 1906; x_wconf 71' lang='lat' dir='ltr'>[autemP</span> 
     </span>
     <span class='ocr_line' id='line_1_33' title="bbox 51 1909 753 1953; baseline 0.009 -10"><span class='ocrx_word' id='word_1_282' title='bbox 51 1909 148 1953; x_wconf 88' lang='lat' dir='ltr'>altioribus,</span> <span class='ocrx_word' id='word_1_283' title='bbox 156 1924 221 1947; x_wconf 90' lang='lat' dir='ltr'>verum</span> <span class='ocrx_word' id='word_1_284' title='bbox 235 1914 290 1949; x_wconf 90' lang='lat' dir='ltr'>etiam</span> <span class='ocrx_word' id='word_1_285' title='bbox 302 1915 419 1950; x_wconf 83' lang='lat' dir='ltr'>inferioribus</span> <span class='ocrx_word' id='word_1_286' title='bbox 432 1916 520 1950; x_wconf 86' lang='lat' dir='ltr'>custodiis</span> <span class='ocrx_word' id='word_1_287' title='bbox 532 1915 651 1950; x_wconf 89' lang='lat' dir='ltr'>ecclesiarum</span> <span class='ocrx_word' id='word_1_288' title='bbox 663 1915 722 1949; x_wconf 87' lang='lat' dir='ltr'>fidelis</span> <span class='ocrx_word' id='word_1_289' title='bbox 734 1921 753 1950; x_wconf 89' lang='lat' dir='ltr'>et</span> 
     </span>
     <span class='ocr_line' id='line_1_34' title="bbox 52 1964 753 2014; baseline 0.007 -17"><span class='ocrx_word' id='word_1_290' title='bbox 52 1964 134 2005; x_wconf 86' lang='lat' dir='ltr'>prudens</span> <span class='ocrx_word' id='word_1_291' title='bbox 149 1965 267 2011; x_wconf 85' lang='lat' dir='ltr'>dispensator</span> <span class='ocrx_word' id='word_1_292' title='bbox 285 1968 354 2004; x_wconf 91' lang='lat' dir='ltr'>domini</span> <span class='ocrx_word' id='word_1_293' title='bbox 373 1969 501 2014; x_wconf 88' lang='lat' dir='ltr'>prospiciebat,</span> <span class='ocrx_word' id='word_1_294' title='bbox 516 1974 534 2003; x_wconf 92' lang='lat' dir='ltr'>et</span> <span class='ocrx_word' id='word_1_295' title='bbox 553 1968 614 2003; x_wconf 92' lang='lat' dir='ltr'>omnia</span> <span class='ocrx_word' id='word_1_296' title='bbox 632 1973 652 2003; x_wconf 93' lang='lat' dir='ltr'>vt</span> <span class='ocrx_word' id='word_1_297' title='bbox 670 1969 753 2002; x_wconf 89' lang='lat' dir='ltr'>omnium</span> 
     </span>
     <span class='ocr_line' id='line_1_35' title="bbox 52 2016 752 2066; baseline 0.009 -17"><span class='ocrx_word' id='word_1_298' title='bbox 52 2016 132 2054; x_wconf 89' lang='lat' dir='ltr'>solicitus</span> <span class='ocrx_word' id='word_1_299' title='bbox 145 2022 261 2063; x_wconf 85' lang='lat' dir='ltr'>procurabat.</span> <span class='ocrx_word' id='word_1_300' title='bbox 292 2021 393 2057; x_wconf 87' lang='lat' dir='ltr'>Ordinabat</span> <span class='ocrx_word' id='word_1_301' title='bbox 408 2023 503 2066; x_wconf 88' lang='lat' dir='ltr'>parochias</span> <span class='ocrx_word' id='word_1_302' title='bbox 509 2021 521 2042; x_wconf 78' lang='lat'>¹⁰</span> <span class='ocrx_word' id='word_1_303' title='bbox 535 2027 554 2056; x_wconf 91' lang='lat' dir='ltr'>et</span> <span class='ocrx_word' id='word_1_304' title='bbox 569 2027 629 2056; x_wconf 89' lang='lat' dir='ltr'>cetera</span> <span class='ocrx_word' id='word_1_305' title='bbox 644 2021 752 2056; x_wconf 88' lang='lat' dir='ltr'>clericorum</span> 
     </span>
     <span class='ocr_line' id='line_1_36' title="bbox 52 2068 781 2118; baseline 0.01 -17"><span class='ocrx_word' id='word_1_306' title='bbox 52 2068 115 2111; x_wconf 87' lang='lat' dir='ltr'>officia,</span> <span class='ocrx_word' id='word_1_307' title='bbox 124 2071 193 2106; x_wconf 90' lang='lat' dir='ltr'>docens</span> <span class='ocrx_word' id='word_1_308' title='bbox 201 2084 267 2108; x_wconf 91' lang='lat' dir='ltr'>omnes</span> <span class='ocrx_word' id='word_1_309' title='bbox 272 2080 292 2108; x_wconf 88' lang='lat' dir='ltr'>vt</span> <span class='ocrx_word' id='word_1_310' title='bbox 299 2074 318 2109; x_wconf 92' lang='lat' dir='ltr'>in</span> <span class='ocrx_word' id='word_1_311' title='bbox 325 2076 410 2110; x_wconf 90' lang='lat' dir='ltr'>omnibus</span> <span class='ocrx_word' id='word_1_312' title='bbox 418 2087 439 2110; x_wconf 91' lang='lat' dir='ltr'>se</span> <span class='ocrx_word' id='word_1_313' title='bbox 445 2076 554 2110; x_wconf 83' lang='lat' dir='ltr'>exhiberent</span> <span class='ocrx_word' id='word_1_314' title='bbox 562 2075 608 2109; x_wconf 89' lang='lat' dir='ltr'>sicut</span> <span class='ocrx_word' id='word_1_315' title='bbox 616 2074 645 2109; x_wconf 87' lang='lat' dir='ltr'>dei</span> <span class='ocrx_word' id='word_1_316' title='bbox 653 2073 753 2116; x_wconf 89' lang='lat' dir='ltr'>ministros,</span> <span class='ocrx_word' id='word_1_317' title='bbox 761 2087 781 2118; x_wconf 76' lang='lat'>35</span> 
     </span>
     <span class='ocr_line' id='line_1_37' title="bbox 52 2122 753 2172; baseline 0.01 -19"><span class='ocrx_word' id='word_1_318' title='bbox 52 2126 70 2153; x_wconf 93' lang='lat' dir='ltr'>et</span> <span class='ocrx_word' id='word_1_319' title='bbox 77 2122 151 2164; x_wconf 91' lang='lat' dir='ltr'>plebem</span> <span class='ocrx_word' id='word_1_320' title='bbox 158 2125 188 2159; x_wconf 86' lang='lat' dir='ltr'>(lei</span> <span class='ocrx_word' id='word_1_321' title='bbox 195 2131 233 2160; x_wconf 88' lang='lat' dir='ltr'>tam</span> <span class='ocrx_word' id='word_1_322' title='bbox 240 2128 329 2162; x_wconf 87' lang='lat' dir='ltr'>suauitate</span> <span class='ocrx_word' id='word_1_323' title='bbox 337 2133 355 2162; x_wconf 90' lang='lat' dir='ltr'>et</span> <span class='ocrx_word' id='word_1_324' title='bbox 362 2128 450 2172; x_wconf 89' lang='lat' dir='ltr'>patientia</span> <span class='ocrx_word' id='word_1_325' title='bbox 456 2129 550 2162; x_wconf 89' lang='lat' dir='ltr'>erudirent</span> <span class='ocrx_word' id='word_1_326' title='bbox 558 2138 612 2171; x_wconf 87' lang='lat' dir='ltr'>quam</span> <span class='ocrx_word' id='word_1_327' title='bbox 619 2128 706 2167; x_wconf 87' lang='lat' dir='ltr'>doctrina¹</span> <span class='ocrx_word' id='word_1_328' title='bbox 715 2132 753 2161; x_wconf 91' lang='lat' dir='ltr'>tam</span> 
     </span>
     <span class='ocr_line' id='line_1_38' title="bbox 53 2173 752 2225; baseline 0.009 -18"><span class='ocrx_word' id='word_1_329' title='bbox 53 2173 82 2215; x_wconf 90' lang='lat' dir='ltr'>pie</span> <span class='ocrx_word' id='word_1_330' title='bbox 91 2177 236 2213; x_wconf 88' lang='lat' dir='ltr'>conuersationis</span> <span class='ocrx_word' id='word_1_331' title='bbox 247 2180 333 2224; x_wconf 84' lang='lat' dir='ltr'>exemplo</span> <span class='ocrx_word' id='word_1_332' title='bbox 344 2179 456 2215; x_wconf 83' lang='lat' dir='ltr'>illustrarent</span> <span class='ocrx_word' id='word_1_333' title='bbox 464 2192 519 2225; x_wconf 86' lang='lat' dir='ltr'>quam</span> <span class='ocrx_word' id='word_1_334' title='bbox 531 2181 657 2215; x_wconf 86' lang='lat' dir='ltr'>exhortatione</span> <span class='ocrx_word' id='word_1_335' title='bbox 665 2186 752 2224; x_wconf 86' lang='lat' dir='ltr'>paterna;</span> 
     </span>
     <span class='ocr_line' id='line_1_39' title="bbox 52 2228 753 2278; baseline 0.011 -19"><span class='ocrx_word' id='word_1_336' title='bbox 52 2228 136 2268; x_wconf 87' lang='lat' dir='ltr'>quatinus</span> <span class='ocrx_word' id='word_1_337' title='bbox 144 2234 162 2264; x_wconf 90' lang='lat' dir='ltr'>et</span> <span class='ocrx_word' id='word_1_338' title='bbox 174 2230 269 2266; x_wconf 88' lang='lat' dir='ltr'>christiani</span> <span class='ocrx_word' id='word_1_339' title='bbox 279 2233 338 2267; x_wconf 83' lang='lat' dir='ltr'>adhuc</span> <span class='ocrx_word' id='word_1_340' title='bbox 346 2233 402 2268; x_wconf 90' lang='lat' dir='ltr'>rudes</span> <span class='ocrx_word' id='word_1_341' title='bbox 410 2234 429 2268; x_wconf 91' lang='lat' dir='ltr'>in</span> <span class='ocrx_word' id='word_1_342' title='bbox 437 2234 479 2276; x_wconf 88' lang='lat' dir='ltr'>fide,</span> <span class='ocrx_word' id='word_1_343' title='bbox 488 2239 506 2268; x_wconf 90' lang='lat' dir='ltr'>et</span> <span class='ocrx_word' id='word_1_344' title='bbox 513 2239 579 2278; x_wconf 85' lang='lat' dir='ltr'>gentes</span> <span class='ocrx_word' id='word_1_345' title='bbox 587 2234 646 2268; x_wconf 89' lang='lat' dir='ltr'>adhuc</span> <span class='ocrx_word' id='word_1_346' title='bbox 653 2232 753 2274; x_wconf 89' lang='lat' dir='ltr'>incredule,</span> 
     </span>
     <span class='ocr_line' id='line_1_40' title="bbox 52 2278 753 2332; baseline 0.014 -21"><span class='ocrx_word' id='word_1_347' title='bbox 52 2278 107 2313; x_wconf 90' lang='lat' dir='ltr'>diuini</span> <span class='ocrx_word' id='word_1_348' title='bbox 115 2283 183 2318; x_wconf 91' lang='lat' dir='ltr'>amoris</span> <span class='ocrx_word' id='word_1_349' title='bbox 191 2285 326 2321; x_wconf 89' lang='lat' dir='ltr'>attraherentur</span> <span class='ocrx_word' id='word_1_350' title='bbox 334 2286 435 2329; x_wconf 87' lang='lat' dir='ltr'>dulcedine,</span> <span class='ocrx_word' id='word_1_351' title='bbox 444 2297 498 2332; x_wconf 91' lang='lat' dir='ltr'>quam</span> <span class='ocrx_word' id='word_1_352' title='bbox 507 2285 583 2322; x_wconf 89' lang='lat' dir='ltr'>terroris</span> <span class='ocrx_word' id='word_1_353' title='bbox 588 2285 698 2322; x_wconf 88' lang='lat' dir='ltr'>austeritate.</span> <span class='ocrx_word' id='word_1_354' title='bbox 722 2285 753 2321; x_wconf 87' lang='lat' dir='ltr'>Sic</span> 
     </span>
     <span class='ocr_line' id='line_1_41' title="bbox 52 2332 782 2384; baseline 0.005 -19"><span class='ocrx_word' id='word_1_355' title='bbox 52 2332 101 2367; x_wconf 87' lang='lat' dir='ltr'>enim</span> <span class='ocrx_word' id='word_1_356' title='bbox 109 2335 155 2370; x_wconf 89' lang='lat' dir='ltr'>deus</span> <span class='ocrx_word' id='word_1_357' title='bbox 163 2343 247 2372; x_wconf 89' lang='lat' dir='ltr'>sanctum</span> <span class='ocrx_word' id='word_1_358' title='bbox 255 2339 359 2374; x_wconf 91' lang='lat' dir='ltr'>Honorium</span> <span class='ocrx_word' id='word_1_359' title='bbox 367 2340 404 2374; x_wconf 87' lang='lat' dir='ltr'>fide</span> <span class='ocrx_word' id='word_1_360' title='bbox 413 2340 517 2384; x_wconf 89' lang='lat' dir='ltr'>purissima,</span> <span class='ocrx_word' id='word_1_361' title='bbox 525 2340 664 2374; x_wconf 90' lang='lat' dir='ltr'>conuersatione</span> <span class='ocrx_word' id='word_1_362' title='bbox 674 2339 753 2381; x_wconf 88' lang='lat' dir='ltr'>amabili,</span> <span class='ocrx_word' id='word_1_363' title='bbox 761 2348 782 2377; x_wconf 73' lang='grc' dir='ltr'>4ο</span> 
     </span>
     <span class='ocr_line' id='line_1_42' title="bbox 52 2384 753 2437; baseline 0.01 -18"><span class='ocrx_word' id='word_1_364' title='bbox 52 2384 109 2429; x_wconf 88' lang='lat' dir='ltr'>signis</span> <span class='ocrx_word' id='word_1_365' title='bbox 117 2393 134 2421; x_wconf 88' lang='lat' dir='ltr'>et</span> <span class='ocrx_word' id='word_1_366' title='bbox 142 2389 239 2426; x_wconf 86' lang='lat' dir='ltr'>virtutibus</span> <span class='ocrx_word' id='word_1_367' title='bbox 247 2392 309 2427; x_wconf 92' lang='lat' dir='ltr'>multis</span> <span class='ocrx_word' id='word_1_368' title='bbox 317 2392 335 2427; x_wconf 93' lang='lat' dir='ltr'>in</span> <span class='ocrx_word' id='word_1_369' title='bbox 344 2393 398 2428; x_wconf 90' lang='lat' dir='ltr'>terris</span> <span class='ocrx_word' id='word_1_370' title='bbox 406 2392 498 2434; x_wconf 87' lang='lat' dir='ltr'>ditauit,vt</span> <span class='ocrx_word' id='word_1_371' title='bbox 507 2398 594 2437; x_wconf 86' lang='lat' dir='ltr'>tanquam</span> <span class='ocrx_word' id='word_1_372' title='bbox 602 2392 676 2427; x_wconf 89' lang='lat' dir='ltr'>lucerna</span> <span class='ocrx_word' id='word_1_373' title='bbox 684 2393 753 2427; x_wconf 86' lang='lat' dir='ltr'>ardens</span> 
     </span>
     <span class='ocr_line' id='line_1_43' title="bbox 53 2438 753 2489; baseline 0.013 -19"><span class='ocrx_word' id='word_1_374' title='bbox 53 2442 71 2470; x_wconf 87' lang='lat' dir='ltr'>et</span> <span class='ocrx_word' id='word_1_375' title='bbox 78 2438 142 2475; x_wconf 88' lang='lat' dir='ltr'>lucens</span> <span class='ocrx_word' id='word_1_376' title='bbox 149 2443 192 2477; x_wconf 89' lang='lat' dir='ltr'>huic</span> <span class='ocrx_word' id='word_1_377' title='bbox 199 2455 257 2488; x_wconf 90' lang='lat' dir='ltr'>regno</span> <span class='ocrx_word' id='word_1_378' title='bbox 263 2446 358 2489; x_wconf 80' lang='lat' dir='ltr'>effulserit,</span> <span class='ocrx_word' id='word_1_379' title='bbox 362 2452 381 2481; x_wconf 92' lang='lat' dir='ltr'>vt</span> <span class='ocrx_word' id='word_1_380' title='bbox 389 2456 463 2481; x_wconf 88' lang='lat' dir='ltr'>errores</span> <span class='ocrx_word' id='word_1_381' title='bbox 471 2446 538 2479; x_wconf 91' lang='lat' dir='ltr'>multos</span> <span class='ocrx_word' id='word_1_382' title='bbox 546 2445 668 2480; x_wconf 90' lang='lat' dir='ltr'>hereticorum</span> <span class='ocrx_word' id='word_1_383' title='bbox 676 2455 753 2479; x_wconf 86' lang='lat' dir='ltr'>euacua-</span> 
     </span>
    </p>
   </div>
   <div class='ocr_carea' id='block_1_4' title="bbox 52 2520 754 2648">
    <p class='ocr_par' dir='ltr' id='par_1_4' title="bbox 52 2520 754 2648">
     <span class='ocr_line' id='line_1_44' title="bbox 52 2520 754 2574; baseline 0.011 -23"><span class='ocrx_word' id='word_1_384' title='bbox 52 2520 174 2574; x_wconf 27' lang='grc' dir='ltr'>8Ιαίαιίῖῑῑιῑιιεῐ.</span> <span class='ocrx_word' id='word_1_385' title='bbox 208 2527 343 2559; x_wconf 70' lang='lat' dir='ltr'>lE.vnanimem.</span> <span class='ocrx_word' id='word_1_386' title='bbox 375 2528 486 2558; x_wconf 72' lang='lat' dir='ltr'>&#39;Ralterius</span> <span class='ocrx_word' id='word_1_387' title='bbox 517 2528 615 2559; x_wconf 70' lang='lat' dir='ltr'>*Bedvos</span> <span class='ocrx_word' id='word_1_388' title='bbox 648 2528 754 2568; x_wconf 75' lang='lat' dir='ltr'>⁵T.pululat.</span> 
     </span>
     <span class='ocr_line' id='line_1_45' title="bbox 67 2560 753 2607; baseline 0.015 -18"><span class='ocrx_word' id='word_1_389' title='bbox 67 2560 246 2597; x_wconf 78' lang='lat' dir='ltr'>ado.:1ncu1uslocum</span> <span class='ocrx_word' id='word_1_390' title='bbox 254 2569 459 2599; x_wconf 83' lang='lat' dir='ltr'>Homordinauitlthamar.</span> <span class='ocrx_word' id='word_1_391' title='bbox 501 2567 672 2607; x_wconf 73' lang='lat' dir='ltr'>¹T.ergo;E.igitur.</span> <span class='ocrx_word' id='word_1_392' title='bbox 718 2569 753 2600; x_wconf 80' lang='lat' dir='ltr'>¹E.</span> 
     </span>
     <span class='ocr_line' id='line_1_46' title="bbox 53 2603 632 2648; baseline 0.022 -22"><span class='ocrx_word' id='word_1_393' title='bbox 53 2605 94 2630; x_wconf 87' lang='lat' dir='ltr'>seue.</span> <span class='ocrx_word' id='word_1_394' title='bbox 135 2603 265 2645; x_wconf 77' lang='lat' dir='ltr'>⁰soT.,om.in</span> <span class='ocrx_word' id='word_1_395' title='bbox 273 2610 290 2640; x_wconf 86' lang='lat' dir='ltr'>E.</span> <span class='ocrx_word' id='word_1_396' title='bbox 331 2609 632 2648; x_wconf 74' lang='lat' dir='ltr'>¹⁰T.parroohias;G.parrochianoa.</span> 
     </span>
    </p>
   </div>
   <div class='ocr_carea' id='block_1_5' title="bbox 0 0 896 2803">
    <p class='ocr_par' dir='ltr' id='par_1_5' title="bbox 0 0 896 2803">
     <span class='ocr_line' id='line_1_47' title="bbox 0 0 896 2803; baseline 0 0"><span class='ocrx_word' id='word_1_397' title='bbox 0 0 896 2803; x_wconf 95' lang='lat' dir='ltr'> </span> 
     </span>
    </p>
   </div>
  </div>
 </body>
</html>
