1762 2803
89 158 133 204 274
281 144 361 197 tanna
376 141 492 205 arumna
506 141 600 205 annito.

90 266 177 300 exercitio
196 270 214 301 et
232 265 317 299 vitiorum
336 264 480 308 oportunitates¹
496 264 572 306 euitans,
588 263 676 298 virtutum
695 266 792 306 augmenta

90 319 186 354 nutriebat.
209 318 232 352 Et
247 316 331 361 quamuis
344 316 400 351 variis
415 317 496 351 scientiis
511 316 608 360 magnifice
623 315 706 360 polleret,
722 314 792 349 musica

90 377 152 406 tamen
171 372 293 406 instrumenta
310 369 384 413 speciali
400 371 478 413 quadam
498 369 593 404 affectione
612 368 659 403 scire
674 368 791 409 vendicabat;

91 426 138 459 sicut
153 424 211 458 Dauid
230 422 337 467 psalterium
356 434 437 464 sumens,
452 423 540 457 citharam
558 422 668 466 percutiens,
684 421 792 455 modificans

73 487 82 517 5
91 487 164 521 organa,
169 476 246 510 cimbala
253 480 336 518 tangens.
359 475 398 508 Nec
406 486 428 509 eo
436 475 471 509 ista
479 485 645 508 commemoramus
653 475 702 518 quod
710 474 739 507 his
746 484 793 516 opus

91 540 133 564 esse
146 530 169 563 ad
184 528 315 572 perfectionem
330 528 413 561 tendenti
428 528 543 569 arbitremur,
557 528 590 561 sed
604 532 623 562 vt
639 527 748 570 multiplices
764 525 794 559 dei

90 581 157 625 gratias
169 581 188 615 in
200 580 267 616 iuuene
279 581 435 614 commendemus.
459 580 507 613 Nam
515 579 600 614 omnibus
607 579 720 614 secularibus
728 577 793 613 studiis

91 636 194 679 preferebat
206 634 302 668 scientiam
313 633 391 678 pietatis,
400 644 433 668 sua
442 644 517 678 semper
524 634 598 678 ingenia
607 639 712 668 sanctorum
720 638 793 677 patmm

91 688 192 722 auctoritati
204 688 318 721 contradens.
347 687 434 721 Preterea
445 697 500 721 manu
512 692 566 730 aptus
578 687 628 721 erat²
636 688 659 721 ad
671 686 743 721 omnia:
755 685 794 729 pic·

65 753 84 776 ιο
91 746 151 774 turam
162 742 227 780 facere,
239 740 309 774 litteras
321 739 404 780 sormare,
416 739 504 782 scalpello
515 739 629 782 imprimere,
637 750 661 773 ex
672 750 716 773 auro
729 749 794 781 argen-

91 798 151 837 toque,
167 804 198 827 ere
214 797 232 826 et
247 792 300 832 ferro,
316 792 402 835 quicquid
421 792 486 826 liberet
505 792 582 835 operari.
606 791 701 825 Permissu
719 792 795 825 tandem

92 850 189 889 parentum
204 856 279 878 suorum
295 845 318 878 ad
331 844 450 877 athelmum³
466 844 613 878 cantuariensem
630 844 795 887 archiepiscopum,

92 899 202 933 auunculum
210 908 269 939 suum,
275 897 372 941 profectus,
377 897 456 941 benigne
465 897 563 941 suscipitur
571 898 594 931 ab
602 908 635 932 eo:
647 897 676 931 et*
685 896 724 941 regi
730 896 795 930 Athel-

93 951 159 986 stano⁵
171 951 270 986 adductum
281 950 394 985 familiariter
406 949 475 984 studuit
487 951 621 992 commendare,
635 949 707 984 dicens:
725 949 796 991 ‘Hunc,

67 1018 85 1049 15
94 1005 123 1047 ait,
129 1005 221 1046 iuuenem,
226 1004 281 1038 michi
289 1004 363 1048 quidem
371 1004 476 1047 plurimum,
484 1004 535 1047 regie
542 1015 587 1038 vero
595 1004 648 1048 stirpi
657 1003 744 1037 nonnullo
753 1013 796 1037 con·

93 1056 221 1101 sanguinitatis
234 1056 273 1091 iure
285 1056 395 1097 deuinctum,
408 1062 470 1091 vestre
482 1056 591 1091 excellentie
603 1053 718 1098 commendo',
729 1061 749 1090 vt
761 1060 797 1090 stet

93 1110 159 1152 iugiter
172 1111 191 1143 in
205 1115 304 1152 conspectu
317 1115 384 1150 vestro,
396 1110 494 1152 audiatque
507 1111 584 1143 verbum
597 1121 620 1143 ex
634 1121 666 1143 ore
678 1109 747 1142 domini
760 1109 796 1142 mei

93 1162 148 1205 regis.
178 1161 269 1205 Experiar
287 1161 306 1194 in
323 1161 353 1194 illo
371 1161 449 1205 gratiam
463 1167 549 1202 vestram,
565 1172 620 1205 quam
638 1161 758 1205 multiplicem
777 1161 797 1195 in

93 1214 179 1248 maximis
190 1225 234 1257 sepe
244 1214 299 1248 rebus
311 1219 400 1258 expertus
412 1225 458 1256 sum,
467 1219 485 1248 et
493 1213 581 1257 deinceps
589 1214 668 1258 amplius
676 1219 795 1257 experturum

67 1283 86 1303 20
95 1268 139 1310 [me]
148 1267 229 1300 confido)
249 1266 291 1299 Rex
298 1277 342 1299 vero
351 1267 432 1299 oblatum
441 1266 528 1299 iuuenem
535 1271 628 1309 gratanter
636 1266 736 1309 excipiens,
743 1266 797 1299 unice

94 1319 162 1360 dilexit,
175 1325 194 1353 et
204 1318 313 1352 necessariis
325 1319 381 1352 rebus
391 1318 442 1362 regia
452 1318 492 1352 vice
501 1329 578 1362 preesse
590 1312 688 1352 constituit.
711 1318 735 1352 Et
746 1329 797 1362 pros·

93 1378 178 1416 peratum
194 1377 222 1406 est
237 1371 256 1405 in
273 1371 358 1405 manibus
373 1371 469 1412 Dunstani‚
485 1371 571 1415 quicquid
586 1371 648 1416 operis
659 1371 700 1415 ipse
713 1371 798 1415 cepisset.

95 1425 119 1458 Et
132 1436 180 1458 nunc
192 1424 266 1469 quidem
278 1435 357 1467 surgens
370 1425 393 1457 ad
405 1425 494 1458 orandum
506 1425 567 1465 deum,
578 1435 626 1457 nunc
638 1425 706 1458 sedens
718 1425 741 1457 ad
753 1424 798 1457 diiu-

94 1478 182 1512 dicandas
194 1488 258 1512 causas
269 1477 369 1520 hominum,
381 1477 406 1511 ita
416 1477 511 1521 sapienter
522 1488 542 1511 ac
553 1477 684 1521 circumspecte
696 1488 717 1511 se
728 1477 798 1521 agebat,

68 1544 87 1574 25
94 1536 114 1567 vt
126 1536 145 1564 et
156 1532 191 1564 deo
202 1541 236 1573 per
246 1530 307 1563 omnia
316 1530 401 1573 placeret,
414 1540 448 1563 nec
457 1529 536 1573 aliquem
547 1529 577 1573 pie
588 1530 690 1564 uiuentium
701 1540 735 1563 sua
745 1530 798 1573 culpa

97 1583 203 1618 offenderet.
227 1582 310 1626 Cumque
317 1581 387 1616 videret
396 1581 490 1615 dominum
501 1592 564 1626 regem
576 1581 689 1616 secularibus
701 1581 749 1616 curis
760 1581 799 1616 fati-

96 1640 164 1679 gatum,
176 1635 195 1669 in
209 1635 278 1668 cithara
292 1635 382 1678 psallebat
398 1634 437 1668 siue
453 1634 487 1668 alio
503 1634 568 1668 musici
583 1634 657 1678 generis
672 1634 800 1675 instrumento,

97 1693 179 1731 quotam
191 1687 240 1730 regis
248 1698 303 1731 quam
314 1687 418 1731 principum
430 1688 485 1720 corda
496 1687 612 1721 exhilararet.
657 1680 745 1721 Matrona
757 1698 800 1731 que·

97 1741 140 1775 dam
149 1740 241 1783 frequenti
252 1750 273 1774 ac
284 1739 370 1783 religioso
380 1744 444 1782 rogatu
457 1739 539 1773 exorauit
550 1739 602 1773 illum
609 1744 629 1774 vt
638 1739 655 1774 ei
666 1740 732 1774 stolam
741 1750 800 1774 sacer·

69 1804 89 1833 30
97 1793 176 1827 dotalem
188 1792 286 1827 artificiosa
298 1791 405 1835 operatione
416 1791 540 1835 prepingeret,
552 1802 607 1835 quam
618 1797 682 1836 postea
694 1793 716 1826 ad
728 1792 801 1827 diuinos

97 1846 156 1882 cultus
168 1845 282 1880 aurifactoria
295 1845 396 1879 imitatione
410 1845 501 1889 figuraret.
525 1845 560 1887 Qui
575 1850 670 1890 assumpta
682 1845 701 1879 in
716 1846 800 1880 manibus

97 1898 166 1933 cithara
180 1899 203 1932 ad
217 1898 294 1931 domum
307 1897 366 1932 tendit
381 1897 471 1942 religiose,
484 1897 573 1932 citharam
587 1897 606 1931 in
618 1897 687 1942 pariete
700 1898 801 1942 suspendit,

97 1962 144 1995 opus
158 1953 181 1985 ad
194 1952 242 1996 quod
254 1956 331 1985 venerat
345 1951 444 1994 diligenter
458 1950 532 1994 incepit.
555 1951 639 1994 Cumque
654 1962 729 1985 manum
744 1952 801 1995 operi,

97 2015 129 2037 cor
136 2009 198 2038 autem
206 2008 261 2046 atque
269 2003 317 2036 labia
325 2004 360 2036 deo
369 2008 481 2047 prepararet,
490 2003 559 2036 cithara
566 2003 620 2046 illius,
628 2003 703 2047 parietis
711 2014 802 2048 suspensa

70 2070 89 2100 35
97 2056 117 2089 in
128 2056 201 2099 paxillo,
213 2056 283 2098 absque
294 2055 331 2089 vllo
343 2055 422 2088 hominis
433 2055 514 2098 impulsu
527 2055 582 2088 huius
593 2055 693 2099 antiphone
704 2056 802 2090 melodiam

98 2109 203 2142 acutissima
215 2108 270 2141 simul
282 2113 300 2141 et
311 2107 443 2141 disertissimal
454 2108 579 2142 modulatione
590 2108 694 2151 personuit:
708 2108 803 2143 ‘Gaudent

98 2161 174 2194 incelis
188 2160 249 2195 anime
262 2165 372 2202 sanctorum,
384 2160 415 2204 qui
428 2160 497 2194 Christi
510 2160 587 2204 vestigia
599 2165 642 2194 sunt
653 2160 721 2203 secuti,
734 2165 752 2195 et
761 2161 803 2205 quia

99 2224 133 2258 pro
145 2214 185 2248 eius
196 2224 258 2248 amore
269 2212 378 2257 sanguinem
388 2223 443 2247 suum
454 2212 545 2255 fuderunt,
553 2213 594 2247 ideo
603 2224 644 2248 cum
655 2213 727 2248 Christo
735 2214 803 2258 gaude-

100 2268 146 2301 bunt
156 2267 176 2300 in
188 2268 282 2301 eternum!
306 2266 329 2300 Et
337 2266 415 2300 exiliens
423 2267 483 2300 omnis
491 2266 559 2300 familia
567 2271 585 2301 et
593 2266 701 2309 vociferans,
709 2266 803 2301 hominem

72 2333 92 2363 40
101 2319 178 2354 nimium
191 2330 233 2354 esse
245 2318 348 2363 sapientem
360 2324 378 2354 et
390 2319 470 2363 amplius
483 2330 525 2354 eum
538 2329 593 2364 quam
605 2319 691 2364 expediat
703 2318 750 2353 scire
761 2330 803 2364 pro-

100 2378 182 2407 testatur.
204 2372 230 2406 At
238 2372 269 2406 ille
278 2373 366 2406 celestem
381 2372 471 2407 musicum
479 2372 582 2414 intendens,
590 2372 686 2407 admoneri
693 2383 714 2406 se
721 2372 804 2417 intelligit

101 2430 121 2459 vt
135 2426 174 2459 vias
190 2425 274 2459 duriores
289 2425 368 2469 arripiat,
380 2431 400 2459 vt
415 2425 484 2459 Christi
498 2425 575 2469 vestigia
590 2425 666 2468 propius
681 2430 772 2468 sequatur,
784 2431 804 2460 vt

102 2478 196 2521 sanguinis
211 2477 239 2511 sui
254 2477 362 2512 effusionem
377 2489 415 2511 non
430 2482 504 2521 metuat,
519 2478 565 2512 sed⁷
580 2477 611 2511 dei
623 2488 701 2521 regnum
716 2482 735 2511 et
748 2478 804 2513 vitam

122 2545 128 2563 ¹
138 2545 168 2574 Vit.
174 2545 307 2582 importunitates.
374 2544 380 2562 ⁹
390 2555 420 2574 om.
429 2545 445 2574 in
452 2545 470 2577 T.
538 2545 545 2562 ³
555 2545 573 2575 E.
581 2544 670 2577 aldelmum.
737 2545 743 2564 ¹
753 2556 765 2576 r.
773 2546 804 2585 qui.

103 2583 232 2616 ³T.atnestan0.
292 2584 339 2616 ⁰Vit.
348 2584 463 2616 discretissima
524 2583 587 2617 ⁷al.si.
