1762 2803
120 102 170 176 '730
221 180 223 182 ‚
386 114 509 177 211]mest
526 117 572 164 lll.

124 239 243 281 baptisterium
255 248 293 271 sese
304 238 398 280 inmergere
409 248 430 271 ac
442 238 483 272 inde
495 238 575 272 alacriter
589 238 611 271 ad
624 247 643 270 se
654 242 779 280 properantem,
791 242 827 270 tam

124 288 181 331 ipsam
196 299 248 331 quam
263 287 337 322 martiris
352 289 460 331 sepulchrum
475 289 535 330 plausu
549 290 616 323 alarum
630 298 699 321 suarum
713 287 743 321 illo
757 298 796 321 rore
809 298 828 320 a·

125 350 210 383 spergere.
232 340 281 373 Tunc
291 339 321 373 illa
329 338 419 374 confestim
429 349 512 381 exurgens
520 340 572 374 erexit
579 350 598 373 se
606 345 623 373 et
633 332 685 379 stetit,
694 343 711 372 et
722 338 828 372 consolidate

124 396 164 424 sunt
173 391 224 424 bases
235 389 271 423 eius
283 395 300 423 et
311 390 374 432 plante,
383 395 399 424 et
410 389 510 423 ambulabat
521 397 572 432 recte,
580 389 626 433 quod
636 396 707 423 eatenus
717 401 728 422 a
738 389 828 423 natiuitate

107 451 159 483 5non
169 441 237 473 fecerat.
260 440 344 473 Mirandis
355 440 435 473 miranda
446 441 546 474 succedunt.
569 442 609 473 Duo
620 439 691 473 ecclesie
702 439 752 480 signa
761 441 827 472 eminus

125 490 169 523 infra
181 490 235 532 ipsam
248 489 338 522 ecclesiam
351 490 452 531 pendencia,
464 500 497 532 que
508 491 566 523 adhue
577 490 662 532 hodieque
674 488 738 522 ibidem
749 488 828 522 dicuntur

124 540 189 581 haberi,
201 539 225 572 ita
236 539 343 573 concorditer
353 539 376 572 ad
389 539 463 573 inuicem
474 540 534 574 diuina
545 540 607 574 uirtute
618 540 703 573 sonabant
716 538 764 582 quasi
777 538 827 582 periti

125 589 231 633 cuiu[s]libet
245 590 324 624 manibus
339 591 451 625 traherentur.
482 592 560 632 Quorum
572 590 698 634 ,intempestiuo
717 590 773 623 sonitu
789 599 827 632 per·

124 642 202 674 turbatus
212 640 296 682 presbiter
305 646 323 674 et
333 640 359 675 sui
369 641 431 682 clerici,
440 642 538 683 perterritus
549 642 601 674 etiam
612 642 685 683 populus
696 640 748 683 urbis,
756 640 828 673 exiliunt

99 702 117 725 10
125 690 187 732 stratis,
193 698 284 724 accurrunt
291 703 357 732 omnes,
364 692 423 724 uidere
431 692 518 733 cupientes
526 691 608 733 quidnam
616 691 667 723 fuerit
674 691 721 733 quod
729 690 810 724 acciderit
815 689 826 725 ¹.

126 742 197 783 Iamque
210 739 319 782 respicientes
332 742 355 774 ad
366 742 467 774 ecclesiam:
480 741 540 773 uident
551 751 581 782 per
591 741 675 772 fenestras
686 751 726 773 eam
737 746 791 773 totam
802 739 827 772 in-

125 791 177 824 terius
190 791 292 825 inflammari
305 797 322 824 et
335 791 393 823 celesti
406 790 470 823 lumine
483 791 593 824 uehementer
605 789 689 824 illustrari.
711 792 761 824 Tunc
773 790 827 824 multo

125 842 181 884 magis
192 842 245 875 territi
257 847 274 875 et
284 842 402 884 obstupefacti,
413 842 495 875 uelociter
506 847 604 884 properant,
616 846 685 875 currunt
697 847 714 875 et
728 841 797 883 irruunt,
810 847 827 875 et

126 893 162 924 sine
169 902 218 924 mora
225 892 289 924 foribus
296 891 375 925 reseratis
384 892 428 924 intro
436 891 533 933 respiciunt,
555 891 619 924 Vident
627 891 685 933 itaque
693 892 767 933 puellam
775 902 826 934 quam

99 952 118 982 15
126 941 149 974 ibi
155 946 260 975 contractam
265 942 373 983 reliquerant,
380 941 414 973 iam
420 947 495 973 erectam
501 947 518 973 et
524 951 584 973 sanam
590 947 670 979 stantem,
675 941 753 981 pellicem
759 951 827 983 quoque

125 989 169 1023 illius
177 991 211 1023 iam
219 990 242 1022 ad
249 990 325 1032 poplices
332 990 360 1022 uix
368 989 480 1031 attingentem
487 1000 520 1031 que
528 990 600 1022 duorum
607 990 642 1022 fere
649 990 708 1031 spacio
715 991 780 1031 pedum
787 996 827 1032 post

125 1039 171 1073 illam
185 1039 229 1073 trahi
244 1040 310 1073 solebat
323 1039 364 1072 dum
377 1039 434 1072 adhuc
448 1040 484 1071 solo
498 1044 546 1072 tenus
559 1039 630 1071 incurua
641 1045 708 1081 reptare
721 1040 772 1073 solita
785 1045 827 1073 erat.

126 1090 191 1123 Pauent
199 1100 239 1131 ergo
247 1088 297 1123 nimis
305 1095 321 1122 et
329 1095 398 1132 stupent
405 1088 484 1131 uniuersi,
493 1095 540 1122 tanta
550 1096 567 1122 et
578 1095 614 1122 tam
625 1089 693 1122 insolita
701 1090 728 1122 dei
739 1090 827 1132 magnalia

126 1142 160 1174 suis
175 1140 228 1175 oculis
240 1145 334 1182 cernentes,
346 1151 379 1183 que
390 1141 422 1173 nisi
434 1140 466 1182 ipsi
478 1140 566 1180 uidissent,
577 1141 600 1174 ab
611 1140 648 1174 aliis
659 1141 705 1174 dicta
716 1141 744 1174 uix
757 1142 827 1174 credere

99 1193 230 1233 zepotuissent3
247 1198 265 1225 et
280 1191 366 1233 inquirunt
381 1191 404 1223 ab
419 1201 440 1224 ea
453 1191 542 1231 diligenter
556 1191 702 1233 quemadmodum
717 1198 785 1232 gestum
799 1191 827 1225 sit.

126 1242 192 1282 Quibus
207 1241 237 1274 illa
249 1242 326 1283 gaudens
337 1247 389 1283 atque
400 1242 477 1274 exultans
489 1240 558 1273 ornnem‘
569 1241 594 1273 rei
607 1241 684 1274 ordinem
695 1241 739 1275 sicut
750 1240 826 1283 superius

124 1292 241 1334 scriptumest
252 1291 327 1325 seriatim
337 1291 412 1333 exponit.
435 1292 515 1323 Gaudent
526 1291 576 1332 igitur
588 1291 662 1324 uniuersi
674 1297 690 1324 et
702 1293 753 1324 deum
764 1291 826 1324 iunctis

91 1359 93 1361 v
125 1342 196 1375 uocibus
204 1342 305 1382 collaudant,
314 1341 354 1383 quia
361 1341 398 1383 ipse
408 1347 433 1374 est
443 1347 505 1383 potens
517 1341 535 1373 in
546 1342 583 1374 celo
594 1347 610 1374 et
622 1340 640 1374 in
650 1348 699 1382 terra,
708 1341 770 1384 quique
781 1341 826 1374 solus

125 1392 165 1426 facit
183 1391 273 1425 mirabilia.
302 1392 372 1425 Talibus
388 1391 439 1433 igitur
454 1391 521 1425 indiciis
536 1392 637 1425 uenerabilis
653 1393 733 1425 sacerdos
748 1392 783 1426 uoti
800 1392 826 1425 sui

99 1452 117 1483 ²5
126 1453 195 1486 compos
205 1443 285 1476 effectus:
298 1443 377 1476 estuabat
387 1444 444 1476 adhuc
451 1442 504 1475 nimio
512 1442 597 1475 desiderio
605 1443 661 1476 cordis
671 1448 750 1476 sanctum
760 1443 826 1485 aperire

125 1494 234 1534 sepulchrum
244 1499 261 1524 et
270 1492 329 1524 uidere
339 1493 438 1524 thesaurum
448 1492 495 1523 illum
506 1493 658 1534 incomparabilem
667 1493 695 1533 qui
706 1494 723 1525 in
731 1503 751 1525 eo
759 1493 826 1525 clausus

124 1544 219 1575 tenebatur.
242 1542 277 1574 Sed
287 1541 343 1574 sciens
354 1548 371 1574 et
380 1543 457 1575 recolens
468 1553 486 1574 se
497 1552 534 1573 esse
544 1547 656 1583 peccatorem,
665 1548 682 1574 et
690 1542 730 1585 quia
740 1542 757 1574 in
768 1542 825 1575 multis

125 1592 227 1626 offendimus
239 1602 303 1632 omnes,
315 1602 349 1624 non
360 1592 468 1633 presumebat
479 1602 549 1623 manum
559 1591 626 1624 mittere
637 1592 654 1624 in
666 1592 748 1626 christum
760 1592 825 1625 domini

125 1642 157 1676 nisi
173 1642 219 1685 prius
234 1641 296 1675 faciem
309 1641 373 1675 domini
388 1641 478 1684 placasset.
501 1640 564 1675 Indicit
578 1640 636 1684 itaque
650 1641 748 1674 triduanum
762 1643 826 1685 populo

99 1701 118 1730 30
126 1692 212 1734 ieiunium,
224 1692 269 1735 quod
281 1699 297 1725 et
309 1691 346 1734 ipse
358 1704 397 1725 cum
408 1691 506 1734 presbiteris
517 1692 546 1734 qui
558 1703 597 1725 eum
610 1692 627 1726 in
641 1703 693 1735 opere
704 1692 733 1726 illo
745 1694 827 1727 adiuuare

125 1744 216 1782 dehebant,
229 1743 289 1775 ceteris
304 1742 357 1775 artius
369 1743 387 1774 in
400 1753 446 1783 pane
458 1748 475 1775 et
489 1752 535 1784 aqua
549 1743 641 1774 obseruare
655 1744 725 1775 curauit.
747 1744 827 1776 Tandem

125 1795 191 1835 expleto
199 1792 262 1824 ieiunio
270 1793 350 1825 sacerdos
358 1803 397 1825 cum
407 1792 441 1825 suis
451 1792 601 1840 consacerdotibus
610 1799 678 1835 sumpta
686 1792 750 1825 maiore
758 1792 826 1834 fiducia,

125 1844 176 1876 etde
187 1842 214 1876 dei
225 1853 325 1884 presumens
336 1842 457 1883 misericordia,
468 1843 535 1875 accedit
546 1842 570 1874 ad
580 1842 688 1885 sarcofagum
700 1853 739 1875 cum
751 1849 798 1876 metu
809 1848 827 1877 et

125 1893 228 1926 reuerencia.
250 1893 315 1926 Aderat
327 1898 383 1926 autem
397 1898 414 1926 et
427 1892 493 1927 infinita
507 1892 557 1926 turba
570 1892 651 1926 debilium
663 1898 680 1926 et
692 1893 797 1926 infirmorum
809 1900 827 1929 et

99 1950 117 1981 35
126 1945 194 1978 diuerso
201 1953 264 1985 genere
271 1944 396 1985 languentium,
404 1943 459 1986 quos²
469 1954 490 1977 eo
499 1944 545 1977 fama
555 1943 648 1986 supradicti
659 1944 741 1986 miraculi,
750 1950 767 1978 et
777 1956 826 1979 recu-

125 1995 201 2037 perande
206 2004 245 2035 spes
253 1995 318 2034 salutis,
323 1995 436 2035 undecunque
443 1995 549 2035 perduxerat.
569 1995 648 2036 Denique
656 1996 764 2036 sepulchrum
771 1996 826 2028 sancti

125 2043 205 2086 aperitur,
216 2049 233 2075 et
244 2044 318 2076 martiris
330 2045 428 2077 ueneranda
440 2054 478 2076 ossa
490 2049 593 2084 cernuntur;
608 2043 692 2086 scriptura
702 2055 770 2087 quoque
781 2044 827 2078 imrta

125 2094 181 2136 posita
192 2094 281 2134 inuenitur,
289 2104 323 2137 que
331 2094 396 2128 diceret
407 2094 462 2136 ipsum
473 2105 512 2127 esse
523 2094 638 2136 Ragenerium
650 2101 728 2128 sanctum
739 2095 827 2129 martirem

127 2145 200 2187 Christi3
212 2150 292 2187 nepotem
300 2144 351 2179 etiam
363 2144 466 2179 sanctissimi
474 2144 518 2187 regis
527 2151 543 2178 et
554 2145 628 2178 martiris
636 2145 735 2179 Eadmundi
743 2145 800 2186 fuisse,
809 2152 826 2181 et

98 2208 118 2238 40
126 2196 148 2228 ab
163 2196 229 2229 eisdem
243 2196 379 2237 persecutoribus
395 2206 406 2228 a
420 2195 482 2239 quibus
498 2195 527 2229 ille
541 2206 602 2238 passus
620 2201 652 2237 est,
667 2206 698 2238 pro
714 2196 777 2229 Christi
792 2197 827 2230 fide

126 2246 217 2280 crudeliter
231 2245 306 2279 occisum
319 2246 425 2279 occubuisse.
447 2248 512 2289 Aperto
525 2257 565 2280 uero
580 2247 690 2280 sacerdotum
705 2246 784 2279 manibus
800 2258 827 2280 se-

125 2296 202 2337 pulchro,
213 2305 253 2326 mox
267 2301 315 2326 tante
325 2296 392 2328 uirtutis
406 2296 456 2338 copia
467 2296 548 2328 diuinitus
560 2305 612 2336 super
626 2300 694 2337 egrotos
706 2296 798 2337 emanauit,
810 2302 828 2329 ut

125 2356 186 2378 omnes
197 2343 226 2387 qui
237 2344 310 2376 diuersis
323 2345 433 2386 languoribus
446 2345 543 2387 pregrauati
555 2350 674 2384 conuenerant,
686 2351 753 2379 astante
764 2346 828 2389 populo

126 2401 227 2429 sanarentur
237 2406 248 2428 a
256 2404 357 2438 quacunque
368 2394 488 2429 detinebantur
499 2395 602 2428 infirmitate.
625 2396 662 2438 Que
672 2395 733 2429 uidens
744 2396 798 2430 clerus
810 2403 828 2430 et

98 2458 117 2488 45
126 2447 203 2489 populus,
215 2446 303 2488 ingentem
315 2455 375 2478 omnes
387 2446 460 2479 tulerunt
472 2446 564 2479 clamorem
576 2446 598 2478 ad
611 2447 682 2488 sydera;
697 2447 747 2488 signa
760 2457 827 2490 quoque
844 2457 845 2460 ’

126 2499 215 2539 pulsantur
225 2502 242 2529 et
253 2502 315 2529 sonant
326 2497 394 2537 ethera;
410 2495 468 2528 diuina
480 2496 587 2530 declarantur
598 2497 690 2539 magnalia,
701 2503 718 2531 et
730 2497 748 2530 in
759 2498 828 2530 laudem

294 2554 299 2573 ¹
310 2554 343 2584 ΜΒΔ
351 2553 430 2584 accederit.
559 2553 566 2572 ²
576 2553 610 2584 Ms.
617 2555 664 2593 quod.
