1762 2803
115 103 159 170 336
252 184 253 188 Ἰ
304 114 384 168 nanta
400 112 516 176 tecente
531 113 624 177 acatia.

114 233 161 268 solet
174 234 229 268 etiam
242 232 351 279 sapientum.
374 233 449 268 Inerant
462 233 553 279 siquidem
567 234 584 269 ei
598 232 726 269 inenarrabiliS
740 232 816 277 equitas,

115 287 194 323 affabilis
201 288 309 331 benignitas,
318 289 401 322 modesta
410 288 523 333 simplicitas,
531 288 610 333 simplex
618 288 717 331 humilitas,
725 287 817 331 ceterique

115 340 207 385 tranquilli
219 351 280 375 mores
292 346 310 375 et
318 346 375 375 actus.
394 340 505 377 constanter
512 342 566 378 etiarn
574 347 592 375 et
600 342 754 386 perseueranter¹
763 341 817 375 beato

117 394 214 428 Edmundo
222 394 240 427 in
249 394 287 428 suis
295 394 447 438 tribulationibus,
452 401 490 430 tam
498 396 517 429 in
525 395 619 440 prouincia
626 405 660 429 sua
668 405 722 439 quam
730 394 749 428 in
757 393 817 435 exilio,

99 447 198 490 5adhesit3
211 457 247 479 non
257 446 333 490 ignarus
344 449 393 491 quod
402 448 432 491 qui
443 449 517 482 luerunt
527 447 571 481 socii
582 448 688 490 passionum
700 447 754 481 simul
765 452 818 480 erunt

117 504 135 534 et
143 498 278 543 consolationis,
284 505 302 535 et
308 500 339 544 qui
345 501 481 545 compatiuntur
489 500 543 536 simul
551 501 658 544 regnabunt.
678 499 750 533 Mortuo
756 504 817 533 autem

116 553 170 587 beato
178 552 281 596 Edmundo,
290 552 395 589 Richardus
405 554 475 589 solutus
486 559 523 588 tam
531 565 542 588 a
549 553 599 589 curie
606 563 662 598 quam
670 564 680 588 a
689 564 731 588 cure
739 553 818 588 solicitu-

116 606 165 648 dine,
173 608 196 641 ad
204 606 326 651 theologiam²
333 618 355 642 se
363 609 438 641 contulit
445 607 549 641 Aurelianis
559 607 578 640 in
586 608 641 641 domo
651 606 727 641 fratrum
735 607 819 650 predica-

117 664 177 693 torum
186 660 324 695 addiscendam
348 660 390 695 Non
401 666 421 695 vt
431 660 519 705 plerique,
531 660 562 704 qui
574 660 648 693 auribus
661 659 737 693 audiunt
750 664 768 693 et
781 670 819 693 non

90 726 109 746 ro
118 712 232 755 intelligunt,
244 713 278 746 sed
289 713 365 747 audiens
376 714 462 755 exterius,
470 713 539 746 audiuit
546 713 633 754 interius;
645 718 664 746 vt
672 713 761 746 efficatius
769 717 819 756 post·

118 765 194 799 modum
207 764 328 809 perimpleret
341 767 390 809 quod
401 766 475 800 audiuit.
496 765 519 799 Et
526 770 545 800 vt
555 775 589 810 pro
599 775 655 809 grege
667 764 747 799 dominil
759 765 819 798 Patri⁴

118 817 176 853 iillum
184 818 292 860 immolaret,
300 819 323 853 ad
332 830 404 854 sacrum
413 818 544 863 presbiteratus
552 817 635 854 ordinem
644 829 665 853 se
673 818 715 853 fecit
725 818 769 852 inibi
777 828 820 863 pro-

119 871 195 907 moueri.
214 871 232 905 A
240 872 320 917 suscepti
328 877 389 907 autem
397 872 466 907 ordinis
475 871 592 907 sacerdotalis
599 877 688 916 ternpore,
695 877 771 906 ornatus
778 881 820 906 ves·

119 924 165 958 tium
176 926 218 969 plus
229 925 291 959 habuit
299 925 412 960 humiliores.
435 926 458 960 Et
468 936 509 960 cum
517 925 584 960 ibidem
593 936 645 960 sacre
654 925 744 969 scripture
755 924 820 968 pocula

92 994 110 1025 15
120 978 183 1011 suauia
188 978 291 1011 luculenter
299 978 396 1021 hausisset,
401 979 424 1011 ad
431 979 520 1023 agendam
526 988 588 1011 curam
594 977 726 1021 proximorum,
734 977 768 1010 ad⁶
775 987 821 1010 oues

119 1030 204 1074 proprias
208 1031 312 1073 pascendas
318 1031 397 1065 accedit:
406 1032 429 1065 ad
435 1031 506 1065 unicam
511 1030 601 1075 siquidem
607 1031 670 1073 solam,
676 1041 731 1074 quam
737 1031 821 1072 habebat,

120 1083 225 1126 parochiam
236 1083 340 1127 reuertitur,
351 1088 371 1118 vt
382 1084 401 1118 in
413 1084 443 1118 illa
455 1083 580 1129 pusillanimes
591 1084 696 1119 consoletur
707 1088 725 1118 et
736 1083 821 1128 corripiat

120 1137 216 1180 inquietos.
249 1136 379 1181 Cupiensque⁰
395 1143 437 1181 post
455 1139 489 1171 hec
507 1136 616 1172 venerabilis
640 1142 692 1181 pater
712 1136 821 1178 Bonisacius,

120 1188 269 1232 cantuarfiensis]
280 1189 358 1223 ecclesie
374 1195 417 1223 tunc
430 1190 504 1231 electus,
518 1200 614 1224 successor
626 1190 674 1223 beati
687 1189 785 1231 Edmundi,
799 1190 821 1222 ad

93 1257 112 1277 20
121 1241 238 1276 commodum
245 1240 346 1284 discipline,
353 1241 451 1276 iocundum
459 1241 605 1276 cohabitationis⁷
612 1247 650 1276 tam
657 1241 734 1285 graciosi
742 1240 822 1275 hominis

121 1293 207 1338 experiri,
218 1294 280 1339 ipsum
292 1295 315 1328 ad
326 1294 407 1328 officium
418 1293 522 1339 pristinum,
532 1293 616 1329 videlicet
627 1294 734 1329 cancellarie
745 1294 822 1329 ecclesie

121 1347 273 1391 Cantu[ariensis]
279 1348 350 1382 vocauit
357 1348 439 1382 inuitum.
456 1349 479 1381 Et
486 1354 549 1392 postea
556 1359 590 1392 per
597 1354 675 1382 mortem
682 1347 791 1391 Rad[ulph]i
799 1348 823 1381 de

122 1401 204 1443 Neuelle,
209 1402 302 1444 quondam
308 1401 385 1436 ecclesie
391 1401 522 1445 cicestren[sis]
529 1401 616 1446 episcopi,
621 1400 661 1446 ipsa
667 1400 745 1436 ecclesia
750 1400 823 1436 viduata

122 1454 155 1489 fuit
163 1461 242 1498 pastore.
264 1455 319 1489 Vnde
327 1455 409 1489 canonici
419 1454 466 1489 dicte
477 1454 559 1499 ecclesie,
566 1454 639 1489 licentia
649 1455 671 1489 ab
680 1455 762 1489 Henrico
769 1454 823 1488 tertio

96 1525 114 1555 ²5
124 1518 167 1552 rege
175 1507 242 1550 Anglie
254 1507 306 1551 prius
318 1508 379 1542 habita
386 1513 441 1552 prout
452 1508 511 1542 moris
522 1513 555 1550 est,
563 1508 656 1552 quendam
667 1507 756 1542 aulicum¹³
768 1507 823 1551 regis,

123 1560 231 1595 canonicum
243 1561 297 1594 etiam
308 1560 391 1594 eiusdem
403 1561 485 1603 ecclesie,
493 1561 512 1594 in
525 1560 631 1605 episcopum
643 1562 738 1605 elegerunt
744 1561 755 1595 ⁹.
783 1561 823 1603 Que

124 1614 198 1656 quidem
206 1612 276 1652 electio,
284 1612 335 1645 iuxta
345 1623 436 1646 canonum
448 1614 488 1646 iura
499 1624 533 1656 per
542 1614 610 1647 dictum
619 1613 731 1647 Bonifacium
741 1618 759 1646 et
769 1623 824 1656 quos-

124 1666 167 1699 dam
178 1664 303 1709 suffraganeos
314 1675 363 1706 suos,
370 1665 419 1700 viros
427 1665 489 1709 vtique
496 1664 533 1699 vite
543 1671 561 1699 et
571 1665 646 1699 scientie
656 1664 825 1699 eminentis-inter

124 1729 170 1763 quos
181 1719 240 1753 dictus
250 1718 360 1762 venerabilis
368 1723 421 1763 pater
429 1719 519 1761 Groshed,
528 1725 571 1753 tuuc
579 1717 719 1762 lincoln[iensis]
727 1718 824 1763 episcopus

96 1787 115 1818 30
124 1781 171 1806 Vnus
179 1770 331 1806 extitit—cassata
338 1770 376 1814 suit,
384 1782 406 1805 eo
414 1772 462 1815 quod
471 1771 529 1805 dictus
538 1771 635 1805 canonicus
648 1771 722 1813 electus,
732 1770 808 1805 scientia
813 1771 826 1790 ¹⁰

124 1830 142 1858 et
150 1823 231 1859 moribus
239 1823 325 1858 inuentus
334 1830 362 1858 est
370 1824 431 1858 minus
439 1824 515 1859 habilis:
528 1824 623 1868 dictusque
632 1823 736 1858 Richardus
744 1835 768 1858 ex
775 1834 825 1858 com-

124 1877 175 1910 muni
183 1887 275 1910 consensu
282 1876 364 1910 omnium
372 1877 470 1919 episcopus
480 1882 508 1911 est
516 1877 589 1911 electus.
612 1877 683 1918 Qu0d¹¹
691 1887 733 1910 cum
741 1878 764 1910 ad
772 1887 826 1911 aures

124 1929 184 1973 regias
196 1928 278 1972 innotuit,
287 1936 305 1964 et
313 1929 341 1963 sui
353 1928 431 1964 clerici¹²
442 1934 512 1964 cassata
520 1929 591 1971 electio,
599 1934 617 1963 et
630 1929 659 1963 sui
666 1928 826 1972 inimici-quippe

125 1982 155 2026 qui
163 1983 217 2018 beato
229 1981 326 2018 Edmundo
337 1982 356 2018 iu
365 1982 403 2018 suis
411 1983 476 2026 causis,
484 1993 530 2027 quas
538 1988 601 2017 contra
608 1992 672 2028 regem
680 1982 746 2024 habuit,
754 1982 826 2017 adhesit

98 2052 116 2081 35
125 2036 193 2071 -sacta
204 2034 295 2080 prouisio;
306 2047 340 2070 rex
351 2036 405 2070 nimis
416 2035 538 2080 indignatus¹³
545 2036 594 2070 bona
606 2035 737 2079 cicestren[sis]
750 2035 826 2070 ecclesie

125 2088 208 2134 precepit
223 2089 323 2123 confiscari.
352 2090 419 2124 Beatus
434 2095 496 2123 tamen
512 2089 621 2129 Richardus,
637 2090 660 2122 de
676 2088 751 2123 consilio
767 2088 826 2132 prela-

125 2148 186 2176 torum
193 2142 204 2162 ’4
212 2142 341 2186 predictorum,
349 2153 391 2177 cum
399 2142 463 2177 litteris
475 2143 552 2187 predicti
558 2142 570 2162 ¹⁵
580 2142 632 2177 electi
641 2141 793 2185 Cantuarfiensis]
804 2141 827 2175 ad

126 2205 190 2238 regem
205 2195 331 2237 proficiscitur,
346 2196 441 2239 postulans
458 2195 520 2229 omnia
535 2195 642 2238 temporalia
660 2195 683 2229 ad
702 2194 827 2238 episcopatum

127 2245 237 2292 pertinentia
252 2257 273 2280 ac
286 2248 334 2280 bona
349 2258 382 2281 sua
398 2247 432 2281 sibi
447 2246 530 2282 liberari:
548 2248 597 2290 quod
612 2247 662 2281 nullo
677 2248 732 2281 modo
745 2248 828 2281 obtinere

99 2319 119 2350 40
127 2302 191 2345 potuit,
199 2302 232 2334 sed
240 2301 304 2344 longas
314 2301 428 2345 fatigationes
439 2307 457 2335 et
467 2300 565 2345 obprobria
576 2301 632 2335 multa
642 2300 741 2344 sustinens,
750 2301 773 2334 ad
783 2300 828 2335 illud

126 2359 230 2390 extremum
238 2359 280 2399 post
288 2354 343 2388 deum
351 2353 442 2399 refugium
450 2353 468 2388 in
474 2353 508 2388 hoc
514 2354 588 2397 mundo,
595 2354 660 2388 sedem
667 2354 749 2399 loquor¹⁶
755 2359 829 2398 aposto·

148 2458 153 2477 ¹
164 2463 180 2488 et
187 2469 202 2496 p.
210 2468 240 2488 orn.
249 2458 265 2488 in
272 2458 313 2488 Bell.
373 2458 379 2475 ²
390 2459 408 2489 E.
415 2460 524 2495 theologicam.
581 2459 587 2477 ³
598 2460 616 2489 Ε.
624 2460 676 2490 deum.
736 2460 742 2478 ⁴
753 2460 771 2489 E.
779 2463 829 2497 pater.

127 2498 133 2516 ⁵
143 2498 183 2528 Bon,
191 2502 211 2529 et,
259 2498 264 2516 ⁸
275 2497 316 2528 Boll.
323 2506 354 2528 orn.
361 2506 397 2536 que.
455 2497 461 2515 ⁷
472 2498 511 2527 Boll.
519 2498 602 2528 iocundam
609 2498 748 2529 cohabitacionem.
795 2498 801 2515 ⁸
812 2499 830 2527 E.

127 2538 200 2570 Allieum.
248 2537 255 2556 ⁹
266 2538 284 2569 E.
292 2538 374 2575 eligerunt.
422 2537 434 2556 ¹⁰
444 2538 537 2570 E.scientie.
582 2537 594 2556 ¹¹
605 2539 645 2569 Boii.
653 2538 710 2575 Quare.
758 2536 769 2554 ¹⁹
780 2538 798 2568 E.
806 2541 830 2568 est

127 2578 152 2608 sui
159 2582 181 2609 ca.
222 2577 234 2596 ¹³
245 2577 262 2608 E-
267 2578 299 2609 ind.
306 2582 335 2608 est.
375 2577 387 2596 ¹⁴
397 2577 415 2608 R
422 2579 522 2616 prelatarum.
562 2578 574 2596 ¹⁵
584 2587 615 2609 om.
621 2579 637 2608 in
643 2579 684 2609 Boii.
724 2577 736 2596 ¹⁰
746 2579 764 2608 E.
770 2578 830 2616 loquar.
