1762 2803
131 159 172 203 252
320 145 400 198 anua
416 143 532 206 tetanus
547 144 642 206 analio·

151 266 218 302 tiLact
230 266 247 299 ii.
271 257 334 300 Nocte
348 267 432 310 quadam,
444 276 486 299 cum
497 266 579 299 Thomas
593 266 675 307 clericus,
687 276 748 310 sanus,
761 272 780 301 vt
796 269 830 303 sibi

129 319 230 360 videbatur,
244 324 262 352 et
276 319 372 353 incolumis
385 330 406 352 se
418 319 480 362 sopori
494 319 580 360 dedisset,
594 319 653 352 subito
668 319 757 362 euigilans
772 323 831 356 sensit

130 372 207 407 alteram
222 372 284 406 tibiam
300 371 397 406 contractis
412 370 475 406 neruis
490 372 513 406 ad
528 371 630 416 posteriora
647 377 746 415 curuatam,
762 384 796 408 nec
811 375 830 410 in

131 432 200 461 rectam
211 438 267 470 posse
278 426 352 460 reflecti.
375 426 404 459 Ex
416 425 456 469 ipsa
468 437 511 469 ergo
523 431 575 470 parte
587 426 610 459 de
622 425 682 459 eerto¹
691 426 754 460 baculo
763 438 783 460 se
791 439 831 462 sus-

114 485 210 521 5tentans,
225 479 314 512 triduanis
329 479 404 512 tandem
420 478 532 511 orationibus
545 479 568 511 ob
582 489 636 521 spem
648 478 712 511 salutis
724 489 757 511 sue
768 490 830 514 monu-

131 538 215 566 mentum
221 530 321 564 uenerandi
329 530 408 574 presulis
414 530 498 564 uisitauit.
521 531 579 564 Nocte
586 541 631 564 vero
640 530 675 563 diei
683 531 737 564 tertie
744 531 796 565 visus
804 540 831 568 est

132 585 238 618 Osmundus
250 583 284 617 sibi
292 584 311 616 in
319 583 389 617 somnis
400 594 495 627 apparere,
503 583 658 627 apprehensoque
666 582 714 616 illius
722 584 770 628 pede
778 596 831 620 crura

132 643 149 671 et
160 638 252 682 poplites²
265 647 364 671 neruorum
376 637 491 670 restrictione
504 636 593 670 dissoluta
606 637 629 670 ad
643 636 741 680 pristinum
756 639 831 672 modurn

132 691 202 725 sortiter
209 690 303 724 reclinare.
327 690 382 724 Mane
392 694 453 724 autem
465 689 516 730 lacto,
525 700 603 723 cernens
611 700 631 724 se
639 689 716 724 clericus
724 689 832 733 plenissime

105 755 123 776 10
132 744 241 786 restitutum,
249 743 320 777 abiecto
331 743 400 786 baculo,
409 747 470 776 erecto
482 753 547 786 gressu
559 742 641 786 procedit
653 743 676 776 ad
687 742 789 784 ecclesiam,
797 745 832 778 deo

132 802 150 830 et
168 795 261 830 liberatori
276 807 310 829 suo
325 796 392 838 gratias
411 806 473 838 agens.
501 795 554 828 Alius
573 795 649 838 insuper
664 795 746 836 clericus,
762 796 831 839 [etiam]

132 848 213 882 Thomas
221 848 300 891 nomine,
307 849 352 882 adeo
361 847 438 881 tertiana
446 847 497 881 febre
505 847 536 881 diu
545 847 647 881 infirmatus
655 847 721 891 atque³
729 848 832 883 exinanitus

133 908 166 945 est,
172 908 192 936 vt
200 913 233 946 per
238 913 294 936 vnam
302 903 367 935 horam
374 907 458 935 mortuus
466 907 496 935 aut
504 907 575 935 mortuo
583 901 647 934 similis
655 901 729 945 penitus
734 901 832 937 videretur.

134 955 185 1000 [Qui]
197 961 274 1000 repente
285 956 304 989 in
316 966 403 1000 magnum
415 955 514 989 clamorem
526 965 655 999 prorumpens,
666 955 740 988 beatum
753 954 832 989 Osmun-

106 1019 124 1050 15
133 1010 177 1043 dum
192 1009 241 1042 trina
255 1009 360 1043 recitatione
375 1008 455 1042 nominis
470 1008 566 1042 inuocauit.
596 1008 722 1052 Interrogatus
738 1007 781 1051 quid
798 1008 833 1042 sibi

132 1063 193 1096 visum
212 1066 267 1105 esset,
283 1062 401 1095 ‘Osmundus
420 1061 469 1095 enim
475 1063 487 1104 ⁴,
502 1061 565 1105 inquit,
581 1071 622 1094 cum
638 1061 714 1105 cuspide
730 1061 789 1094 baculi
805 1062 833 1094 sui

133 1116 194 1148 omnia
206 1125 228 1148 ea
238 1125 274 1157 que
285 1115 386 1149 anhelitum
397 1125 459 1148 meum
471 1114 601 1157 impediebant,
613 1115 685 1153 amouit,
696 1118 714 1147 et
726 1124 756 1148 me
766 1114 803 1148 vite
815 1119 833 1148 et

133 1166 205 1200 sanitati
213 1166 301 1199 restituit!

154 1219 220 1257 ilLect.
232 1220 256 1252 iii.
278 1211 346 1263 Agnes
357 1219 436 1263 quedam
450 1218 586 1252 adolescentula
596 1230 644 1252 noue
654 1217 706 1252 vrbis
711 1217 723 1260 ⁵,
735 1229 777 1251 cum
788 1217 833 1252 forte

106 1285 125 1308 ro
133 1274 182 1317 apud
190 1273 265 1306 domum
273 1277 371 1316 parentum
379 1271 398 1305 in
406 1271 455 1306 edito
466 1271 564 1306 constituta
572 1271 711 1305 festinabundeG
718 1271 832 1306 descendere

133 1326 229 1367 nitebatur,
243 1325 262 1359 in
276 1326 368 1369 quoddam
383 1330 513 1368 superacutum
525 1336 576 1367 veru,
589 1325 625 1358 illic
639 1324 693 1358 antel
707 1324 834 1368 imprudenter

133 1383 220 1419 erectum,
232 1378 295 1420 ignara
305 1378 345 1419 ruit,
356 1389 377 1411 ae
388 1379 411 1411 de
423 1378 457 1411 sub
465 1377 550 1411 vmbilico
557 1388 592 1420 per
598 1382 656 1410 totum
664 1376 744 1410 medium
752 1377 834 1419 eorporis

133 1432 157 1463 ad
172 1430 256 1473 scapulas
271 1440 330 1473 usque
345 1430 424 1463 letaliter
436 1429 529 1473 perforata
544 1429 662 1473 transfigitur.
685 1429 741 1462 Cuius
755 1429 834 1472 denique

134 1490 198 1525 mater,
213 1488 250 1516 tarn
266 1482 392 1516 miserandum
407 1482 498 1526 plangens
513 1488 605 1524 euentum,
619 1487 699 1515 extracto
715 1481 764 1515 ferro
778 1481 835 1515 voluit

108 1551 126 1581 ²5
135 1536 191 1570 filiam
207 1535 307 1578 consolari;
322 1536 355 1569 sed
367 1547 404 1569 non
416 1540 455 1569 erat
466 1535 484 1569 in
497 1547 519 1569 ea
530 1535 636 1579 cuiusquam
648 1535 714 1569 iudicio
726 1546 793 1569 sensus
805 1539 834 1568 aut

134 1590 176 1623 vita.
204 1589 279 1632 Iamque
290 1589 378 1622 horrendi
390 1599 443 1622 casus
455 1588 568 1622 immanitate
580 1600 654 1622 ornnem
666 1589 765 1622 humanam
777 1593 834 1621 artem

135 1648 154 1676 et
166 1642 260 1686 ingenium
272 1642 378 1682 excedente,
386 1652 452 1675 omnes
463 1641 494 1685 qui
505 1642 593 1682 astabant,
602 1641 684 1675 diuinum
695 1642 749 1675 beate
758 1640 834 1684 virginis

135 1707 157 1729 ac
170 1693 219 1729 beati
233 1694 324 1728 Osmundi
337 1693 458 1738 patrocinium
471 1694 562 1738 prouoluti
573 1694 592 1728 in
604 1699 672 1728 terram
684 1695 750 1728 deuote
761 1705 782 1728 ac
794 1704 835 1737 sup-

136 1747 208 1791 pliciter
218 1746 332 1779 inuocabant.
356 1746 379 1779 Et
390 1746 437 1779 lacto
448 1757 513 1779 reuera
523 1746 575 1780 breui
585 1746 686 1789 interuallo,
694 1747 755 1790 puella
764 1745 835 1786 reuixit,

108 1805 155 1845 3oet
170 1801 218 1834 intra
233 1798 355 1842 paucissimos
370 1798 410 1832 dies
425 1798 561 1842 integerrimam
577 1800 673 1833 sanitatem
691 1798 765 1842 accepit.
795 1798 836 1840 Que

136 1853 222 1887 ammodo
234 1851 311 1897 cupiens
323 1852 370 1886 hanc
382 1863 449 1885 nouam
460 1851 494 1886 sibi
507 1863 613 1886 concessam
621 1852 677 1886 vitam
689 1851 782 1886 securiore
793 1862 836 1885 con·

136 1906 241 1941 uersatione
255 1905 368 1949 transigere;
380 1911 477 1949 postquam
489 1906 511 1938 ad
523 1906 641 1949 sepulchrum
652 1906 700 1939 beati
712 1905 791 1950 presulis
803 1914 836 1937 sua

137 1965 156 1994 et
167 1964 264 2003 parentum
271 1963 314 1992 vota
322 1969 356 2002 pro
364 1963 413 1992 tanto
422 1958 508 1991 miraculo
517 1958 641 2001 persoluisset,
650 1958 718 1992 mundo
726 1957 836 1991 renuncians

137 2013 185 2056 apud
194 2010 288 2044 Ambrosii
300 2011 378 2054 burgum
388 2010 407 2043 in
416 2010 527 2044 monasterio
537 2010 644 2044 monialium
656 2010 735 2054 septimo
746 2020 805 2053 prope
814 2008 836 2042 ab

111 2080 130 2110 ³5
138 2066 204 2099 eadem
211 2064 257 2098 vrbe
265 2062 342 2097 miliario
350 2073 423 2096 sacrum
431 2068 459 2096 est
466 2062 529 2097 induta
535 2063 624 2097 velamen.

187 2188 202 2224 ti
215 2181 249 2222 DE
260 2197 331 2221 seuero
344 2179 441 2221 Oswnrno
452 2186 610 2221 nncnmnrscorol
621 2197 644 2220 ar
655 2186 788 2221 CONFESSORE⁹.

141 2255 244 2334 SAnctus
258 2253 308 2287 enim
324 2253 421 2287 Oswaldus
436 2254 584 2298 archiepiscopus
591 2254 609 2296 ¹⁰,
621 2254 735 2288 nobilissima
749 2251 837 2298 progenie

195 2312 251 2349 ortus,
259 2306 338 2351 eleganti
346 2306 404 2341 forma
411 2307 480 2342 enituit.
503 2307 538 2341 Hic
546 2318 593 2352 puer
599 2306 662 2349 lactus,
670 2307 750 2352 pueriles
759 2304 838 2350 ineptias

139 2361 227 2402 deuitare,
236 2364 254 2394 et
261 2360 284 2394 ad
292 2359 392 2394 sanctitatis
400 2370 456 2405 opera
464 2360 584 2406 semetipsum
592 2360 691 2395 informare
699 2360 751 2405 cepit.
774 2359 838 2393 Frater

160 2435 274 2466 ¹SB.cetero.
319 2433 353 2465 ²13.
361 2434 436 2472 poplices.
480 2434 557 2465 ’suet
597 2434 706 2466 toninsu.
747 2434 782 2464 “Ei
791 2431 838 2463 orbis.

139 2474 297 2505 ⁶al.festinabunda.
348 2473 447 2504 ⁷E.autem.
494 2474 617 2512 ⁸T.episcop0.
657 2471 839 2504 ”Ed.inA.SS.Boll.

140 2516 186 2546 Febr.
194 2514 223 2544 111.
231 2524 247 2552 p.
255 2515 293 2550 7585
304 2513 379 2543 Mabillon
387 2513 407 2543 V.
417 2524 455 2550 7²25
466 2514 497 2543 and
507 2514 567 2544 Surius.
588 2515 603 2544 1t
612 2515 625 2544 is
635 2515 710 2551 abridged
719 2515 759 2543 from
769 2514 796 2542 the
802 2511 839 2540 Vita

138 2555 240 2625 RyTssadlnes
250 2554 336 2591 (Wharton
347 2553 368 2583 II.
380 2553 422 2593 191),
432 2554 470 2583 who
480 2554 555 2591 abridged
566 2554 600 2583 that
612 2554 628 2583 in
640 2554 674 2584 MS.
685 2554 727 2584 Cott.
739 2554 782 2583 Nero
794 2551 812 2581 E.
825 2559 838 2580 1·

175 2602 276 2632 .eplscopus.
