1762 2803
113 121 177 178 '420
323 121 403 173 inune
418 119 535 182 bremun
550 120 643 184 anglic.

134 242 222 288 regularis
233 252 317 277 normam
328 241 428 287 propositi¹
436 252 457 276 se
469 243 498 278 dei
510 240 585 278 seruitio
597 243 706 288 mancipare.
751 234 836 287 Singulis

133 297 194 343 itaque
206 297 264 340 annis,
273 295 357 331 kalendis
365 296 414 340 Maii,
422 296 496 341 aliquod
507 309 574 332 munus
585 297 672 342 magistro
681 308 714 331 suo
724 292 836 331 transmitte-

134 351 169 392 bat,
182 355 200 383 et
213 350 326 393 panniculus,
338 360 374 392 quo
387 350 448 383 casula
460 349 500 385 sine
515 351 559 395 quid
572 351 608 385 tale
622 350 754 392 inuoluebatnr,
767 350 836 383 nnllam

134 398 224 437 lesionem
231 403 254 436 ab
262 413 309 445 aqua
316 401 424 445 patiebatur,
430 402 459 436 vel
465 403 560 437 minimam
568 414 615 447 aque
623 402 733 438 infusionem
741 402 837 444 sentiebat,

117 465 125 493 5
134 456 167 489 sed
175 454 249 488 omnino
257 455 317 489 siccus
324 465 437 497 permanens
443 454 514 499 impetu
522 455 637 490 decurrentis
645 466 692 499 aque
700 466 734 499 per
741 455 801 489 riuum
808 459 836 489 est

134 508 223 542 deductus
231 512 286 552 atque
294 517 329 552 per
336 517 388 541 mare
395 512 517 543 transuectus.
540 508 563 542 Et
571 507 613 543 licet
621 507 752 553 quinquaginta
760 506 836 542 miliaria

133 561 174 595 illos
180 560 836 606 separabant‚vniustamen²noctisspaciopermarinosiluctus[munus]

134 615 157 648 ad
165 613 199 649 viri
207 614 237 647 dei
248 614 321 648 ianuam
331 614 427 649 inuentum
435 620 469 649 est.
493 615 522 649 Ex
532 615 566 649 hoc
578 616 639 649 autem
648 616 701 649 beato
708 615 747 650 viro
755 614 837 648 additum

134 672 163 700 est
175 676 283 709 cognomen,
291 666 398 700 memoriale
405 677 464 710 vsque
474 666 493 699 in
501 666 609 700 hodiernum
618 666 671 700 diem.
694 666 742 700 Nam
750 666 837 700 Bennous

108 729 126 751 ro
135 718 230 761 Casulsek,
238 717 257 753 id
265 723 294 752 est
302 717 400 753 ‘Beunous
411 718 473 752 casula
483 718 541 753 sicca'
548 725 629 763 vocatur,
640 730 662 754 eo
674 720 723 763 quod
735 729 769 763 per
780 728 837 762 aquas

135 774 158 807 ab
166 773 218 817 aquis
226 772 278 807 illesa
287 773 310 806 ad
321 782 364 806 eum
374 773 422 807 sicca
434 772 495 807 casula
505 772 611 807 deferretur.
657 765 752 807 Defuncto
763 772 837 806 tandem

135 828 189 860 beato
200 825 281 868 Beunoo,
289 830 352 860 sancta
359 825 472 859 Wenefreda
484 825 606 860 admonitione
614 825 676 859 diuina
687 830 770 860 sanctum
778 824 838 860 virum

136 878 211 913 nornine
220 878 314 913 Deiferum
323 877 371 913 adiit.
396 878 440 912 Erat
448 879 517 923 quippe
525 878 554 913 vir
560 878 591 912 ille
600 888 679 923 magnus
687 889 748 913 coram
758 877 838 920 domino,

135 934 159 964 de
174 942 210 973 quo
225 932 304 964 refertur
318 932 366 973 quod
385 931 455 962 fontem
471 932 493 963 de
509 936 558 963 terra
576 941 674 974 erumpere
693 930 761 970 fecerit,
776 930 838 964 multis

109 996 127 1027 15
136 983 213 1018 infirmis
224 984 321 1017 sanitatem
332 983 463 1017 conferentem.
485 983 532 1018 Cum
543 987 604 1017 autem
616 987 679 1018 sancta
689 983 803 1018 Wenefreda
814 984 838 1017 ad

136 1040 219 1072 sanctum
231 1035 326 1071 Deiserum
337 1035 414 1078 veniret,
426 1040 489 1070 sancto
500 1035 519 1070 in
531 1034 613 1071 oratione
625 1041 678 1070 nocte
690 1035 720 1071 illa
731 1035 838 1080 persistenti

136 1102 172 1125 vox
184 1089 207 1123 de
219 1089 263 1123 celis
274 1089 360 1131 insonuit,
371 1090 445 1123 dicens:
457 1089 502 1123 ‘Dic
513 1088 620 1123 charissime
630 1089 668 1123 filie
677 1099 718 1124 mee
725 1089 838 1124 chefrede

136 1142 221 1187 quatinus
232 1143 322 1177 advirum
330 1142 405 1176 nomine
417 1142 517 1176 Saturnum
525 1152 612 1186 pergens,
620 1142 663 1186 quid
671 1147 734 1177 actura
743 1142 767 1176 sit
777 1142 838 1177 audiat

136 1201 154 1229 et
162 1196 181 1228 in
189 1205 224 1237 quo
232 1194 272 1227 loco
280 1194 330 1227 omni
337 1194 374 1227 vite
386 1205 419 1227 sue
429 1199 513 1237 ternpore
523 1194 546 1227 sit
558 1205 644 1228 mansura
654 1194 721 1228 discat!
743 1194 773 1227 Ad
783 1205 838 1237 quem

109 1259 128 1279 20
137 1257 178 1281 cum
190 1246 254 1289 virgo³
266 1251 329 1279 sancta
340 1246 428 1288 venisset,
441 1246 481 1280 ait:
498 1246 542 1280 ‘Est
557 1245 608 1280 locus
621 1245 701 1289 quidam,
715 1245 838 1280 Witheriacus

136 1299 244 1345 appellatus,
258 1300 280 1333 ab
294 1299 344 1333 omni
357 1299 425 1344 populo
440 1297 459 1332 in
474 1299 554 1333 maxima
569 1297 674 1333 reuerentia
689 1297 773 1333 habitus:
790 1298 838 1333 hunc

136 1354 196 1387 locum
208 1357 226 1386 te
237 1352 317 1386 inuisere
328 1352 411 1397 precepit
422 1353 468 1386 deus
480 1358 534 1396 atque
546 1352 589 1386 dum
597 1351 666 1386 vixeris
679 1351 785 1394 inhabitare,
793 1351 838 1386 tuis·

137 1417 172 1450 que
185 1406 276 1450 exemplis
289 1405 366 1439 aliorum
379 1405 451 1439 animos
462 1405 567 1439 informare.
590 1405 618 1439 Ibi
633 1410 661 1439 est
674 1404 724 1439 enim
740 1405 838 1440 multarum

136 1460 224 1493 virtutum
236 1459 297 1500 abbas,
305 1457 380 1491 nomine
390 1457 468 1499 Elerius,
476 1468 531 1501 quern
541 1456 588 1500 iugis
599 1458 677 1500 gemitus
686 1462 704 1489 et
712 1457 769 1490 oratio
776 1468 838 1500 perse·

111 1526 128 1556 ²5
138 1521 205 1546 uetans
213 1510 238 1545 ita
246 1511 268 1545 ab
277 1510 361 1545 omnibus
369 1510 482 1545 secularibus
492 1509 541 1544 curis
552 1509 630 1544 liberum
640 1508 764 1552 reddiderunt,
771 1514 791 1545 vt
802 1509 839 1546 iarn

138 1565 163 1599 nil
178 1569 272 1598 terrenum
290 1563 354 1607 sapiat,
369 1563 414 1597 nihil
433 1564 527 1598 mundane
546 1561 683 1598 delectationis⁴
697 1562 774 1604 affectet,
790 1567 839 1599 totus

138 1618 236 1652 celestibus
247 1618 340 1651 intentus!
363 1617 405 1659 Quo
416 1627 458 1650 cum
465 1617 517 1660 virgo
528 1621 590 1650 sancta
602 1621 692 1660 pergeret,
701 1616 757 1649 abbas
766 1616 839 1651 Elerius

139 1679 173 1713 per
181 1669 266 1712 spiritum
277 1674 361 1703 sanctum
371 1669 411 1703 eius
422 1669 521 1703 aduentum
532 1678 651 1711 prenoscens,
659 1668 678 1701 in
688 1678 783 1703 occursum
791 1668 839 1703 illius

139 1721 270 1767 proficiscitur;
283 1732 360 1764 eamque
369 1720 468 1755 honorifice
477 1720 586 1765 suscipiens,
594 1721 617 1755 ad
625 1719 716 1764 virginum
728 1725 838 1755 conuentum

111 1789 130 1818 30
139 1773 239 1809 introduxit
247 1780 265 1808 et
272 1773 363 1816 virginum
371 1785 434 1807 curam
444 1778 498 1818 atque
506 1772 607 1807 custodiam
616 1772 633 1807 ei
641 1772 736 1807 commisit.
758 1773 839 1815 Quicun-

139 1839 175 1872 que
187 1838 231 1870 eger
242 1828 264 1861 ad
276 1826 326 1860 illam
336 1826 414 1861 veniens
421 1825 432 1869 ⁵,
444 1827 532 1870 sospitate
543 1831 617 1871 recepta
628 1825 724 1861 incolumis
736 1826 812 1867 redibat,
821 1831 839 1861 et

138 1882 195 1915 tristis
203 1881 262 1914 omnis
270 1880 349 1914 leticiam
358 1879 426 1914 mentis
437 1884 455 1913 et
467 1879 610 1914 consolationem
621 1878 730 1923 reportabat.
776 1871 839 1915 Nocte

138 1935 213 1969 tandem
224 1934 303 1977 quadam
315 1932 427 1967 orationibus
434 1933 506 1967 vacanti
517 1932 583 1966 ihesus
592 1931 675 1966 Christus
687 1942 779 1977 apparens
790 1931 839 1967 diem

138 1988 197 2021 obitus
205 1986 234 2020 sui
241 1986 260 2020 in
267 1986 353 2030 proximo
360 1987 429 2019 instare
436 1985 518 2019 innotuit.
532 1986 587 2018 Vnde
595 1989 659 2029 quarto
667 1995 725 2019 nonas
733 1985 839 2019 noucmbris

110 2053 129 2084 35
138 2040 192 2084 plena
199 2038 295 2074 virtutibus
306 2043 324 2073 et
334 2039 421 2082 operibus
432 2038 485 2073 bonis
497 2037 581 2082 spiritum
592 2039 627 2072 deo
637 2036 721 2081 reddidit,
731 2038 839 2082 sepultaque

138 2098 167 2127 est
174 2091 224 2126 iuxta
232 2097 316 2126 sanctum
324 2091 413 2126 Chebium
420 2090 426 2110 ⁸
434 2095 452 2125 et
464 2090 563 2126 Senanum.
587 2089 623 2125 Per
634 2090 684 2124 illam
695 2090 744 2125 enim
756 2090 839 2135 omnipo-

139 2152 180 2179 tens
189 2146 234 2178 deus
242 2146 298 2179 multa
306 2144 393 2179 miracula
401 2144 473 2188 operari
484 2144 569 2188 dignatus
580 2149 619 2179 est:
631 2143 679 2178 inter
686 2155 722 2188 que
729 2144 785 2178 filiam
793 2144 840 2180 fabri

139 2198 233 2231 cuiusdam
248 2209 259 2230 a
274 2197 366 2231 natiuitate
381 2208 444 2231 cecam
458 2196 571 2231 illuminauit.
622 2189 715 2231 Latrones
730 2198 805 2241 quidam
820 2198 839 2231 in

139 2248 229 2283 territorio
240 2253 303 2282 sancte
310 2248 423 2283 Wenefrede
432 2258 506 2282 vaccam
518 2248 616 2292 rapientes,
625 2248 738 2283 diuerterunt
749 2259 783 2293 per
790 2249 840 2284 viam

110 2318 131 2347 40
139 2303 203 2336 duram
212 2305 230 2334 et
237 2311 328 2341 saxosam,
336 2300 355 2333 in
362 2311 399 2344 qua
406 2311 440 2334 nec
447 2300 530 2343 ipsorum
538 2310 572 2334 nec
579 2300 663 2335 animalis
670 2301 747 2345 vestigia
754 2302 840 2345 cognosci

138 2350 194 2400 pos'se
202 2355 294 2398 putabant.
317 2353 417 2389 Confestim
425 2358 487 2388 tamen
494 2354 553 2398 pedes
561 2363 604 2388 suos
611 2364 670 2399 vsque
678 2354 701 2388 ad
712 2365 772 2400 genua
782 2355 839 2389 burno

138 2419 194 2444 vacca
205 2407 297 2451 infigebat,
308 2411 326 2440 et
337 2411 374 2440 tarn
385 2406 405 2440 in
416 2406 466 2440 saxis
477 2417 532 2451 quam
544 2405 563 2440 in
574 2406 620 2441 dura
631 2411 649 2442 et
660 2406 712 2442 arida
722 2408 752 2443 via
762 2406 840 2452 vestigia

140 2465 225 2505 patenter
234 2459 352 2503 apparebant.
379 2458 493 2501 Quocunque
504 2459 554 2494 enim
565 2459 646 2495 latrones
658 2461 779 2504 procedentes
790 2460 840 2494 ince-

158 2535 191 2565 1Ε.
199 2534 358 2574 propositinormam,
415 2531 497 2565 ²Ecum.
555 2531 645 2572 'Rvirga
702 2534 737 2566 1Ε.
745 2534 839 2565 dilectionis.

136 2578 142 2595 ³
153 2576 172 2608 al.
180 2576 258 2607 veniebat.
319 2573 325 2592 ⁸
336 2574 354 2605 E.
363 2573 448 2605 Chebeum.
