1762 2803
234 114 280 170 wo
295 112 395 166 sonno
411 110 555 174 flumineo.
715 126 746 169 93

44 238 94 269 recte
102 239 186 269 nostrum
193 234 287 280 appellare
294 245 394 279 possumus
404 239 422 268 et
432 235 520 268 debemus
529 233 643 278 apostolum:
655 232 698 277 quia
705 243 747 267 cum

44 288 124 330 pn'mum
136 287 155 321 in
166 293 203 322 toto
215 289 260 322 orbe
272 293 345 332 gereret
356 287 482 331 pontificatum
494 292 512 321 et
524 286 619 322 conuersis
630 287 666 320 iam
678 286 747 320 dudum

44 341 68 374 ad
79 341 136 374 fidem
145 341 227 376 veritatis
239 347 289 375 esset
300 341 382 385 prelatus
392 340 479 382 ecclesiis,
489 344 572 374 nostram
583 345 663 383 gentem,
671 344 748 373 eatenus

45 393 98 426 idolis
109 395 236 438 mancipatam,
244 393 312 428 Christi
320 393 362 427 fecit
370 393 472 427 ecclesiam.
495 393 533 426 Nec
544 392 616 425 silentio
626 391 749 436 pretereunda

45 445 107 488 opinio
115 456 150 490 que
161 447 184 479 de
193 446 246 480 beato
254 445 343 491 Gregorio
351 444 448 480 traditione
458 446 548 479 maiorum
558 444 582 479 ad
592 455 627 479 nos
638 455 696 489 usque
706 454 766 490 per-5

46 498 82 532 lata
90 503 128 533 est:
139 510 176 542 qua
180 498 264 534 videlieet
271 511 296 534 ex
303 510 358 534 causa
366 499 482 539 ammonitus,
487 505 524 533 tam
531 498 613 533 sedulam
619 509 662 542 erga
670 499 748 532 salutern

47 557 110 585 nostre
117 552 178 596 gentis
186 563 248 587 curam
255 553 318 597 gessit.
341 551 409 586 Dicunt
417 552 460 597 quia
468 551 498 587 die
506 552 591 596 quadam,
599 562 641 586 eum
650 550 749 586 aduenien-

47 604 95 638 tibus
110 615 169 649 nuper
185 607 316 640 mercatoribus
331 605 388 640 multa
399 606 471 641 venalia
486 606 505 640 in
521 605 580 640 forum
596 605 675 640 fuissent
689 605 749 644 allata,

47 657 153 701 multilque]
159 659 183 692 ad
190 660 289 693 emendum
296 660 435 700 confluxissent,
439 665 458 692 et
465 660 526 704 ipsum
533 659 641 702 Gregorium
649 659 698 692 inter
703 657 749 692 alios

47 710 151 752 aduenisse,
160 722 181 744 ac
191 712 260 746 vidisse
271 713 319 746 inter
330 712 365 746 alia
376 722 444 756 pueros
454 712 530 747 venales
541 710 617 756 positos,
626 712 698 745 candidi
709 721 749 745 eor·
760 721 778 743 ιο

48 763 98 806 poris
106 774 127 797 ac
134 765 207 797 venusti
214 765 281 805 vultus,
286 765 393 808 capillorum
401 775 474 808 quoque
481 765 540 798 forma
548 764 627 806 egregia.
650 764 700 805 Quos
708 773 749 797 cum

49 816 145 859 aspiceret,
151 817 276 859 interrogauit,
281 818 305 850 de
311 826 347 859 qua
353 816 428 859 regione
433 816 462 849 vel
468 821 518 849 terra
525 821 588 849 essent
596 815 657 848 allati?
669 815 751 848 Dictum-

49 878 85 911 que
95 873 123 902 est
134 868 176 911 quia
187 869 211 903 de
221 868 316 902 Britannia
326 869 392 911 insula,
400 869 451 902 euius
462 866 527 901 incole'
533 867 575 901 talis
587 873 649 902 essent
661 872 751 911 aspectus.

50 920 123 955 Rursus
134 921 259 964 interrogauit,
271 927 331 955 vtrum
343 921 423 955 insulani
435 919 534 954 Christiani
545 925 614 959 essent,
624 929 648 953 an
658 919 752 963 paganicis

50 973 108 1007 adhuc
120 973 213 1007 erroribus
224 973 323 1018 implicati?
346 974 457 1017 Dictumque
466 978 494 1007 est
502 972 551 1016 quod
559 977 622 1007 essent
633 973 704 1016 pagani.
727 972 752 1005 At
762 984 779 1016 15

49 1025 81 1060 ille
92 1022 188 1060 intimo'ex
200 1027 255 1060 corde
266 1027 321 1071 longa
332 1026 408 1060 trahens
419 1025 504 1071 suspiria,
512 1026 558 1060 ‘heu
565 1024 681 1069 prochdolor,
689 1024 753 1068 inquit,

50 1079 99 1121 quod
111 1084 148 1112 tam
158 1079 213 1113 lucidi
224 1079 286 1113 vultus
298 1079 383 1114 homines
395 1080 513 1113 tenebrarum
523 1084 587 1112 auctor
598 1078 685 1122 possidet,
696 1082 753 1112 tanta-

51 1142 87 1174 que
101 1131 160 1175 gratia
175 1131 240 1165 frontis
255 1131 363 1176 perspicue¹
379 1138 461 1165 mentem
476 1132 499 1165 ab
514 1131 587 1165 interna
604 1130 663 1176 gratia
677 1141 753 1165 vacuum

51 1185 130 1228 gestatl'
154 1184 227 1220 Rursus
242 1195 286 1230 ergo
301 1184 427 1229 interrogauit,
440 1185 489 1229 quod
505 1189 555 1220 esset
569 1184 677 1219 vocabulum
693 1184 754 1228 gentis

51 1237 112 1271 illius?
128 1237 296 1282 Responsumque²
303 1243 332 1273 est
339 1239 388 1281 quod
396 1238 452 1282 Angli
459 1243 573 1272 vocarentur.
596 1238 622 1271 At
631 1237 673 1272 ille:
686 1237 753 1275 ‘Bene
762 1249 782 1269 io

52 1290 116 1332 inquit,
122 1289 179 1333 Angli
184 1289 196 1331 ³,
202 1300 244 1324 nam
251 1295 269 1324 et
278 1291 379 1335 angelicam
387 1290 455 1324 hahent
463 1289 534 1330 faciem,
541 1295 560 1324 et
568 1290 614 1324 tales
621 1290 729 1333 angelorum
734 1289 753 1323 in

52 1342 96 1376 celis
105 1343 156 1377 decet
165 1353 206 1376 esse
213 1343 318 1378 coheredes.
337 1342 390 1385 Quod
399 1342 453 1377 habet
461 1353 529 1377 nomen
537 1342 577 1386 ipsa
585 1342 680 1386 prouincia
687 1342 711 1377 de
718 1352 755 1386 qua

52 1394 83 1429 isti
94 1400 137 1428 sunt
149 1395 219 1428 allatir’
242 1395 361 1439 Responsum
372 1400 401 1429 est
413 1396 455 1439 quia
467 1394 518 1429 Deiri
529 1399 639 1429 uocarentur
651 1395 700 1429 idem
713 1404 755 1439 pro·

53 1446 145 1482 uinciales.
170 1447 193 1481 Et
200 1446 241 1483 ille:
254 1448 258 1465 ¹
265 1447 321 1491 Bene,
329 1447 394 1492 inquit,
403 1447 459 1490 Deiri,
466 1447 519 1492 quia⁴
527 1448 551 1482 de
559 1447 586 1482 ira
594 1448 647 1489 eruti,
654 1449 678 1482 ad
686 1448 755 1481 miseri-

54 1500 133 1533 cordiam
140 1500 207 1534 Christi
212 1501 289 1534 vocandi
294 1501 306 1533 ¹¹.
325 1500 367 1534 Rex
375 1500 470 1543 prouineie
477 1499 525 1533 illius
533 1501 624 1543 quomodo
632 1500 756 1544 appellatur?¹
765 1511 783 1542 ²5

55 1551 210 1596 Responsumque
218 1557 246 1587 est
255 1553 303 1596 quod
311 1552 465 1588 Alle¹diceretun
487 1551 513 1586 At
520 1552 552 1586 ille
559 1551 644 1586 alludens
651 1553 675 1585 ad
682 1564 757 1593 nomen,

54 1605 89 1639 ait:
102 1604 206 1647 ¹All(elui)a
213 1604 249 1639 ad¹
258 1604 331 1639 laudem
339 1605 369 1639 dei
376 1605 465 1640 creatoris
472 1604 509 1639 illis
516 1605 535 1638 in
543 1605 626 1649 partibus
634 1610 705 1648 oportet
716 1615 757 1639 can-

54 1659 98 1690 tari.¹
110 1657 257 1700 Ascendensque
265 1658 287 1690 ad
295 1658 402 1700 pontificem
408 1668 520 1691 summum—
524 1658 606 1691 nondum
614 1657 664 1691 enim
670 1663 709 1692 erat
717 1657 758 1702 ipse

55 1709 138 1753 pontifex
150 1710 301 1754 factus-rogauit
316 1715 336 1744 vt
348 1710 399 1753 genti
410 1710 514 1753 Anglorum
528 1709 547 1743 in
559 1709 674 1743 Britanniam
687 1710 758 1754 aliquos

56 1762 108 1797 verbi
115 1762 215 1802 ministros,
222 1772 257 1806 per
264 1773 311 1807 quos
319 1763 342 1797 ad
349 1763 443 1798 Christum
451 1763 624 1806 conuert[er]entur,
630 1763 722 1805 mitteret3
730 1774 758 1797 se·
766 1775 787 1804 ³⁰

56 1815 117 1858 ipsum
127 1819 212 1858 paratum
223 1826 265 1848 esse
276 1815 295 1849 in
307 1815 341 1850 hoe
352 1827 403 1859 opus,
412 1816 486 1849 domino
496 1821 611 1859 cooperante,
620 1815 759 1860 perficiendum,

56 1868 72 1901 si
80 1873 141 1901 tamen
150 1867 249 1910 apostolico
257 1878 305 1911 pape
313 1868 347 1902 hoc
356 1869 396 1903 fieri
404 1869 489 1914 placeret.
512 1868 565 1910 Quod
573 1869 617 1902 dum
623 1868 712 1913 perficere
720 1879 757 1903 non

56 1919 189 1963 posset—quia,
201 1919 236 1954 etsi
249 1921 332 1964 pontifex
345 1922 446 1955 concedere
458 1921 484 1954 illi
497 1922 545 1965 quod
557 1922 635 1965 petierat
646 1922 709 1962 voluit,
721 1932 758 1955 non

57 1978 119 2006 tamen
128 1973 177 2006 ciues
185 1972 262 2013 romani,
270 1978 289 2006 vt
297 1978 334 2007 tam
343 1973 397 2017 longe
405 1975 428 2008 ab
437 1974 483 2008 vrbe
491 1974 575 2008 tenderet
579 1973 591 2015 ¹,
599 1973 760 2018 permitterentl—

58 2025 102 2059 Mox
106 2025 167 2059 vcro¹⁰
172 2024 255 2069 pontifex
260 2024 323 2067 factus,
327 2036 374 2070 opus
379 2027 409 2060 diu
416 2026 540 2061 desideratum
545 2026 630 2071 perfecit;
637 2026 681 2061 alios
686 2026 760 2072 quidem
769 2039 788 2069 35

58 2078 181 2122 predicatores
189 2077 270 2119 mittens,
277 2079 311 2111 sed
321 2079 361 2121 ipse
369 2080 543 2122 predicationem,vt
553 2079 675 2120 fructificaret,
683 2081 721 2114 suis
729 2090 760 2114 ex-

58 2130 191 2164 hortationibus
199 2141 219 2163 ac
227 2130 313 2173 precibus
320 2130 415 2165 adiuuans.
461 2124 536 2166 Interea
543 2132 664 2176 Augustinus,
672 2133 761 2167 adiutorio

58 2195 102 2219 vsus
111 2182 213 2218 Ethelherti
220 2184 274 2226 regis,
282 2183 389 2217 conuocauit
400 2185 423 2218 ad
434 2195 488 2218 suurn
496 2185 606 2228 colloquium
615 2184 711 2228 episcopos
721 2184 760 2218 siue

59 2238 143 2271 doctores
151 2236 235 2280 proxime
241 2236 336 2270 Britonum
345 2237 445 2279 prouineie,
451 2237 470 2270 in
477 2237 517 2270 loco
522 2236 552 2280 qui
558 2236 569 2256 ¹¹
575 2247 633 2280 vsque
639 2237 693 2270 hodie
699 2237 761 2280 lingua

59 2289 291 2333 Anglorum‘Augustines
297 2288 320 2323 ok
324 2288 347 2330 ¹¹,'
352 2289 371 2322 id
378 2294 406 2323 est
415 2289 481 2323 ‘robur
486 2288 596 2333 Augustini,¹
602 2289 621 2322 in
626 2289 706 2323 confinio
711 2289 761 2324 Wic-
770 2303 790 2334 4⁰

60 2344 126 2376 tiorum
136 2347 155 2377 et
164 2342 308 2377 Occidentalium
316 2342 417 2381 Saxonum,
424 2343 538 2386 appellatur;
550 2342 634 2386 cepitque
644 2342 671 2376 eis
681 2342 762 2378 fraterna

60 2395 185 2429 admonitione
200 2396 278 2430 suadere
292 2401 312 2430 vt
326 2406 372 2440 pace
387 2395 474 2430 catholica
487 2405 551 2430 secum
565 2394 631 2437 habita,
644 2405 762 2450 communem

81 2489 86 2507 ¹
93 2490 113 2519 al.
120 2490 217 2528 frontispicii,
225 2491 281 2520 frontis
287 2490 351 2528 speciei.
388 2489 418 2519 ¹T.
426 2498 456 2519 om.
464 2499 499 2527 que.
536 2489 542 2506 ³
549 2489 569 2519 nl.
578 2498 609 2519 om.
646 2489 652 2508 ¹
659 2491 677 2521 T.
685 2500 716 2521 om.
723 2491 763 2528 quia.

60 2529 66 2547 ¹
76 2529 94 2559 T.
101 2530 158 2560 vocati.
205 2529 211 2548 ⁶
221 2530 239 2560 T.
247 2529 283 2559 elle.
326 2528 331 2548 ¹
341 2530 359 2560 T.
367 2539 397 2559 orn.
405 2530 429 2559 ad,
477 2529 483 2546 ¹
493 2529 513 2560 ul.
520 2529 607 2560 recederet.
654 2530 661 2548 ¹
671 2531 691 2561 al.
698 2535 764 2569 potuere

61 2569 157 2607 permittere.
217 2570 230 2588 ¹⁰
240 2571 260 2601 al.
267 2579 297 2601 om.
358 2569 369 2587 ¹¹
380 2569 398 2600 T.
404 2569 422 2600 E.
429 2569 459 2600 vbi.
520 2568 532 2588 ¹¹
542 2569 582 2601 Bed.
589 2569 695 2609 Augustinaes
700 2580 724 2602 ac.
