1762 2803
217 128 262 184 bo
277 126 377 180 sonno
393 127 534 183 tonnunoo.
683 140 724 186 251

25 257 115 282 annorum
127 249 146 282 in
157 251 235 293 quodam
247 250 283 283 alto
295 255 313 283 et
325 251 403 284 rotundo
414 256 470 294 puteo
481 250 531 284 iuxta
543 249 657 284 mansionem
669 248 726 293 patris

25 299 54 334 sui
65 302 176 347 profundus]
189 302 241 347 aquis
252 304 355 348 absorptus,
363 304 416 337 binas
427 303 469 338 aut¹
481 303 553 338 circiter
561 303 616 336 horas
623 301 728 337 undelibet¹

25 353 128 398 inquisitus,
141 356 215 390 tandem
229 356 254 390 ibi
266 356 357 399 inuentus,
370 361 452 392 mortuus
465 361 558 392 extractus
571 361 604 391 est.
628 355 727 390 Proculus

26 408 125 443 obtinenda
133 410 170 444 vita
182 410 217 444 deo
228 415 246 444 et
258 410 364 445 beatissimo
375 411 444 455 presuli
456 410 529 445 emissis
537 410 589 452 votis,
599 410 673 444 demum
685 413 727 454 post

26 462 72 495 duas
82 463 127 496 alias
138 463 192 497 horas
204 463 270 497 reuixit
282 475 334 507 puer,
344 474 365 497 ac
377 464 448 499 cuidam
460 475 502 498 eum
514 463 600 498 baiulanti
608 463 627 497 in
635 462 684 497 vlnis
693 462 744 501 hec5

26 514 82 546 verba
92 512 216 558 {oquebaturr
233 516 324 549 ‘Thomas
330 516 342 558 ³,
356 519 430 550 eamus.¹
453 517 480 549 lbi
495 526 540 559 ergo
555 520 690 558 consequenter
704 515 727 547 ab

26 565 89 600 amicis
108 567 143 600 deo
158 577 178 601 ac
193 568 247 601 beato
259 568 299 601 viro
313 568 377 611 gratiis
392 567 449 603 actis¹
464 567 560 608 conualuit,
576 572 594 602 ct
609 566 666 602 creuit
681 575 728 610 puer

26 618 138 654 benedicens
149 621 204 654 deum
216 620 235 654 in
247 620 315 655 sanctis
326 620 370 655 suis.

46 672 60 707 ‘l
72 672 129 706 Lectio
140 675 165 706 iti.
188 667 247 707 Hanc
256 673 333 717 gratiam
344 673 488 709 resuscitationis
496 673 614 718 paruulorum
623 677 650 707 tot
657 672 727 706 vicibus

25 725 48 758 ad
57 720 173 760 'declaranda
189 726 299 760 confessoris
315 727 344 761 sui
359 728 425 761 merita
440 726 525 761 dominus
538 726 652 766 ostendebat,
665 725 696 759 vt¹
711 724 726 758 si
737 735 756 757 ro

26 778 125 820 quemlibet
142 784 229 813 euentum
249 780 364 824 singulariter
379 790 520 824 exponeremus,
535 779 629 814 videretur
644 778 727 821 prolecto

26 840 50 863 ex
65 831 168 874 pluralitate
180 842 255 866 casuum
269 843 300 866 res
312 834 377 866 eadem
389 832 459 876 pluries
472 832 562 866 refricata.
585 831 670 866 Contenti
683 841 727 874 ergo

25 884 106 927 exempli
113 884 119 903 ¹
126 884 183 928 gratia
191 884 257 929 [istis]¹
265 885 333 929 paucis,
341 886 428 920 audacter
436 886 490 919 etiam
501 885 610 931 profitemur
618 884 682 919 eadem
690 883 727 918 vite

26 937 116 971 beneficia
127 939 194 972 adultis
204 939 294 983 plurimis,
305 950 359 973 casus
367 945 385 972 et
393 945 451 973 status
462 949 506 973 suos
517 945 582 983 postea
593 938 727 979 confitentibus,

26 989 100 1024 diuino¹
109 1001 186 1026 munere
198 1003 219 1026 ac
231 992 395 1026 sanctissimi¹viri
407 993 472 1027 merito
484 992 541 1027 fuisse
553 992 622 1026 collata.
644 991 727 1033 Quorum
737 998 755 1030 15

26 1054 95 1086 nempe
112 1044 141 1077 alii
160 1056 202 1079 cum
220 1045 262 1078 telis
281 1046 373 1088 perforati,
385 1046 433 1078 alii¹⁰
448 1046 509 1078 hostili
525 1045 574 1078 ferro
592 1044 682 1085 transfixi,
697 1044 726 1077 alii

26 1095 93 1129 massis
101 1097 196 1130 metallicis
208 1097 231 1131 ad
241 1097 338 1131 cerebrum
350 1097 422 1141 [vsque]
434 1097 522 1141 percussi,
531 1097 560 1130 alii
568 1096 633 1139 rapido
645 1096 727 1129 fluminis

26 1159 81 1181 cursu
89 1149 185 1192 submersi,
193 1150 224 1183 alii
231 1149 313 1184 febribus
321 1150 378 1185 acutis
386 1162 406 1185 ac
414 1150 481 1185 ceteris
489 1150 624 1184 infirmitatibus
631 1149 727 1183 exanimes

26 1201 96 1244 effecti3
108 1202 188 1245 profusis
199 1213 232 1247 per
240 1204 309 1238 amicos
316 1205 339 1237 ad
347 1210 432 1238 sanctum
444 1203 555 1238 orationibus
566 1209 621 1247 atque
628 1202 681 1245 votis,
689 1202 726 1236 vite

26 1265 47 1289 ac
55 1254 173 1290 incolumitati
181 1256 338 1290 desideratissime
346 1257 423 1291 restituti
431 1261 479 1291 sunt.
736 1266 756 1287 20

47 1309 149 1353 ttsepnnm
160 1310 191 1352 die,
203 1311 222 1343 in
232 1311 332 1344 solennitate
342 1314 400 1345 sancte
410 1311 468 1345 Marte
478 1310 583 1355 Mngdnlene
594 1310 613 1343 tn
623 1310 704 1351 lectiones,
713 1312 729 1343 et

25 1364 110 1396 tetentorin
118 1363 138 1396 de
145 1366 203 1396 sancto
212 1363 305 1397 Osmnndo
312 1374 352 1396 cnm
360 1363 460 1407 antiphonis
467 1364 488 1396 iii
491 1364 548 1406 primi
554 1364 639 1397 nocturni.
662 1362 686 1395 Si
691 1363 728 1395 dies

26 1414 124 1448 dominicus
132 1416 180 1459 infra
187 1418 267 1448 octonum
272 1414 284 1434 ¹¹
292 1415 423 1459 enenerit,finnt
431 1416 452 1448 iii
459 1415 516 1458 pn'nze
523 1414 600 1448 lectiones
607 1414 627 1448 de
634 1413 727 1453 donn'nr'co,

25 1466 100 1500 vritelicet
106 1467 182 1500 lectiones
189 1470 308 1511 stutrnscn'pte,
317 1472 332 1501 et
338 1469 377 1501 inde
388 1470 470 1513 legantur
476 1468 514 1501 bine
525 1471 540 1501 et
552 1467 601 1501 bine:
612 1470 628 1501 et
633 1467 659 1501 sic
666 1467 686 1501 de
694 1467 729 1500 ntis

26 1521 44 1553 oi
51 1520 149 1553 lectionibus
153 1521 204 1564 finnt
213 1521 237 1553 iii.
259 1521 285 1554 Et
294 1524 328 1553 tres
337 1521 392 1554 medie
398 1522 475 1554 lectiones
482 1521 502 1554 de
508 1524 568 1555 sancto
575 1521 607 1565 qni
614 1521 727 1563 continentiae
737 1529 756 1560 ²5

26 1629 80 1660 vocnt.
105 1626 147 1660 Tres
154 1626 211 1660 vltime
218 1627 295 1661 lectiones
302 1626 322 1660 de
328 1628 430 1669 expositione
437 1627 524 1670 ercongelti
530 1630 549 1660 vt
555 1631 615 1670 supro.

133 1742 148 1777 il
160 1741 181 1774 ln
193 1741 273 1775 Ocrnun
283 1751 429 1775 rnnusmrroms
440 1751 505 1775 snucrr
517 1741 628 1776 Osnunur‘t

47 1804 91 1839 Lect.
100 1806 111 1838 i,
132 1804 207 1885 CVm
215 1805 279 1839 sedulo
287 1810 347 1839 mente
356 1805 403 1850 capti
409 1806 431 1839 ad
438 1806 555 1850 sepulchrum
563 1804 610 1839 beati
615 1804 649 1839 viri
657 1803 727 1839 restitui

182 1864 294 1899 meruemnt,
303 1859 394 1893 Iohannes
402 1860 482 1902 quidam,
490 1858 600 1893 intolerabili
608 1859 669 1893 surore
677 1859 727 1892 labo-

27 1921 75 1952 rans,
84 1913 107 1944 ad
115 1911 203 1954 capellam
211 1913 264 1943 beate
271 1912 352 1953 virginis,
358 1912 388 1944 vbi
396 1917 479 1944 sanctum
487 1921 554 1955 corpus
561 1912 631 1945 iacebat
638 1917 727 1954 tempore,
735 1922 756 1952 3⁰

27 1964 118 1998 celebrato
125 1964 136 1981 ¹³
144 1964 201 1998 misse
210 1963 283 2008 [officio]
291 1963 314 1997 de
323 1963 363 2007 ipsa
374 1964 438 1997 eadem
446 1963 522 2007 virgine,
530 1962 612 1997 cathenis
623 1968 641 1997 et
649 1962 727 1997 vinculis

26 2017 91 2052 ferreis
98 2016 182 2052 manibus
187 2015 274 2060 colligatis
279 2016 302 2052 ab
307 2014 369 2051 amicis
381 2017 471 2052 deductus
477 2021 510 2051 est.
533 2016 611 2051 Coactus
619 2015 678 2060 igitur,
683 2016 728 2051 dum

27 2071 57 2105 alii
65 2077 154 2111 orassent,
162 2082 183 2105 se
191 2070 238 2104 intra
246 2070 376 2104 concauitatem
384 2070 448 2104 tumuli
456 2070 549 2111 inclinare,
554 2071 646 2113 stupendo
654 2076 727 2111 euentu,

27 2135 69 2159 cum
82 2135 141 2169 agnus
154 2123 184 2158 dei
197 2124 232 2158 deo
244 2122 291 2168 patri
306 2134 339 2166 pro
357 2123 482 2167 peccatoribus
500 2123 610 2165 immolatur,
619 2123 691 2158 vincula
705 2124 728 2158 de

27 2178 107 2211 brachiis
115 2183 180 2221 sponte
189 2179 260 2217 eadunt,
268 2183 286 2210 et
294 2177 324 2210 ille
335 2177 417 2219 seipsum
425 2176 477 2219 erigit
485 2180 548 2210 mente
556 2186 617 2210 sanus.
640 2176 727 2210 Ceterum
736 2186 755 2216 35

28 2241 70 2266 cum
85 2231 130 2265 alias
141 2240 188 2265 vxor
201 2230 295 2265 cuiusdam
307 2240 341 2273 pre
355 2229 410 2264 nimio
424 2229 486 2263 dolore
499 2228 581 2264 dentium
595 2228 662 2263 mentis
675 2228 728 2272 quasi

28 2282 103 2318 exitium
109 2282 121 2302 ¹⁴
129 2294 190 2327 passa,
197 2282 216 2316 in
228 2284 294 2317 eodem
306 2283 346 2317 loco
357 2294 398 2317 cum
410 2282 475 2316 marito
486 2293 520 2316 suo
531 2283 554 2317 ad
566 2282 667 2317 orationem
678 2288 728 2317 esset

27 2337 128 2377 constituta,
134 2336 194 2371 subito
202 2337 249 2371 dens
257 2337 351 2371 morbidus
359 2337 381 2370 ab
389 2346 421 2370 ore
429 2336 477 2370 illius
485 2335 548 2378 exiliit,
553 2335 589 2371 et¹⁵
595 2335 636 2380 ipsa
641 2336 728 2370 continuo

28 2390 78 2425 omni
86 2390 148 2424 dolore
156 2389 235 2424 efficitur
240 2389 253 2409 ¹¹
261 2390 342 2424 liberata.
360 2390 383 2423 R.
391 2390 435 2423 sicut
441 2390 459 2423 r'n
468 2389 499 2423 die.

46 2465 117 2495 ¹om.in
126 2465 158 2495 SB.
215 2464 339 2495 ¹SB.ubilibet.
398 2463 520 2495 ‘suttona
577 2464 728 2501 ‘Egratusactus

26 2504 93 2536 ³E.ac.
144 2505 179 2534 ⁰E.
187 2505 268 2542 exemplis.
319 2504 353 2534 1Ε,
362 2504 416 2541 ipsius.
468 2504 503 2533 ΒΕ.
511 2504 565 2534 diuini.
612 2503 661 2534 ⁰813.
671 2504 728 2533 sancti.

26 2544 39 2564 ¹⁰
48 2544 131 2575 telis—alii
140 2554 171 2574 orn.
178 2545 194 2574 in
202 2545 233 2575 SB.
303 2543 313 2562 ¹¹
324 2545 356 2574 SB.
364 2549 432 2574 octauas.
498 2544 510 2562 ¹¹
520 2544 538 2573 Ε.
546 2544 620 2573 edmundi
686 2544 698 2561 ¹¹
708 2543 727 2574 E.

27 2588 98 2621 tempore
106 2584 189 2614 celebrate,
230 2583 242 2603 ¹¹
253 2584 273 2614 nl.
281 2584 350 2613 exilium.
389 2584 473 2613 ”odom
514 2583 665 2614 usuefficactter,
