1762 2803
253 117 299 172 bt
313 114 414 169 banuo
429 114 559 168 tttttttiuo.
707 125 752 172 4²5

52 244 71 278 in
79 240 125 277 mari
132 239 224 281 amiserat,
230 236 329 282 reperiunt
351 236 437 271 Transito
445 233 496 276 mari,
502 236 525 269 ad
533 236 609 268 domum
615 233 703 277 principis
711 244 753 267 eum

53 306 89 340 quo
97 292 198 328 Maurelius
208 289 300 325 habitabat
311 288 426 333 perueniunt.
449 287 532 330 Quorum
543 285 642 327 lachrimis,
649 290 668 320 et
675 285 753 321 clauium

53 345 158 383 ostensione
168 344 191 378 ad
199 342 296 378 ecclesiam
306 352 359 377 suam
367 342 468 376 desolatam
475 340 554 375 reditum
563 344 654 374 maturare
661 338 756 374 humiliter

53 390 133 446 rogatus,
144 396 213 433 audiuit
225 397 244 431 in
256 396 339 441 sompnis
350 394 436 440 angelum
448 394 540 429 dicentem
551 392 597 429 sibi:
614 391 672 428 ‘Ecce
685 391 755 427 meritis

53 454 89 490 tuis
100 462 145 487 oues
158 450 190 485 tibi
201 449 311 484 commissas
322 449 402 483 seruauit
415 448 501 482 dominus
511 457 546 491 pro
557 446 623 491 quibus
634 445 712 490 rogasti3
727 444 773 483 in·5

54 516 111 549 super
118 509 136 537 et
143 513 222 547 puerum
230 512 286 546 quem
294 501 325 534 diu
332 501 414 544 plorasti,
422 500 487 535 reddet
495 500 537 533 tibi:
561 499 655 541 Regresso
662 497 724 541 itaque
732 497 755 531 ad

55 558 118 594 vrbem
130 565 182 591 suam
195 552 287 599 episcopo,
295 558 359 597 aperto
371 551 423 597 puen'
434 551 532 596 sepulchro
543 557 561 586 et
572 550 654 585 oratione
665 550 757 594 completa

54 609 125 653 vtrique
140 611 252 651 consurgunt
265 604 366 641 Maurelius
379 606 402 640 de
414 604 501 647 oratione,
514 608 533 638 et
545 614 593 648 puer
605 614 616 637 a
629 608 693 638 morte.
715 602 757 646 Quo

56 662 168 702 confirmato,
182 670 207 693 er
220 664 287 693 euentu
303 668 345 692 eum
361 658 474 692 ‘uenatum'
486 657 569 699 vocauit3
583 656 679 698 instruxit;
695 655 755 701 quiin

56 715 163 759 episcopatu
169 711 267 747 virtutibus
275 716 293 746 et
301 710 394 746 miraculis
401 710 470 745 florens
478 709 494 744 ei
503 710 602 745 succedere
609 708 681 744 meruit.
766 716 785 740 10

134 853 150 890 tl
162 845 197 887 Dr:
208 863 279 887 sancro
289 843 397 887 Wnrmno
408 861 496 887 rrrscoro
507 860 531 886 ar
542 859 659 887 conrassonr
664 849 675 885 ¹.

60 936 184 1015 REgnante
195 941 256 970 autern
268 937 287 970 in
297 936 364 971 Cancia
375 947 419 981 rege
431 935 519 978 Edbaldo,
529 941 548 970 et
559 935 578 969 in
591 934 759 969 Northanhuntbn'a

120 1000 164 1032 rege

182 989 274 1029 Oswaldn,
289 990 313 1023 de
331 989 392 1022 inclita
410 989 470 1032 gentis
484 988 589 1032 Anglorum
606 988 693 1031 prosapia
710 997 759 1020 anno

58 1040 126 1075 domini
137 1041 273 1075 sexcentesimo
283 1040 376 1076 tricesimo
383 1047 448 1086 quarto
459 1045 514 1075 natus
525 1046 553 1074 est
560 1040 662 1082 Wiliridus,
670 1039 759 1083 euestigio

58 1099 131 1128 sanetus
144 1093 207 1128 celesti
220 1094 303 1139 prodigio
315 1094 427 1138 designatus.
450 1094 496 1129 Cum
510 1094 559 1128 enim
574 1092 685 1138 intempeste
699 1092 759 1127 noctis

58 1147 130 1182 silentio
138 1157 185 1191 puer
192 1147 267 1182 beatus²
274 1147 356 1192 prodiret
366 1148 389 1182 ab
399 1148 445 1188 aluo,
453 1147 551 1194 columpna
562 1145 609 1191 ignis
619 1157 675 1190 super
683 1147 758 1180 domum
768 1160 786 1191 15

58 1201 77 1233 ln
88 1210 124 1243 qua
136 1201 246 1234 nascebatur
257 1200 320 1234 celitus
331 1200 405 1242 emissa,
417 1211 481 1234 omnes
492 1199 551 1234 noctis
562 1200 648 1234 tenebras
660 1199 712 1233 radio
725 1209 758 1233 sue

59 1252 104 1286 lucis
114 1253 204 1286 abstersit.
227 1253 279 1286 Tunc
286 1252 340 1286 vicini
348 1256 490 1296 prorumpentes
500 1252 523 1286 ad
532 1250 594 1296 ignem
606 1251 641 1285 cito
652 1256 733 1293 currunt,
741 1256 759 1285 et

59 1304 152 1339 flammam
160 1305 221 1340 radios
229 1304 355 1340 emittentem³
362 1304 464 1349 inueniunt,
472 1306 506 1340 sed
514 1305 589 1339 domurn
597 1304 622 1338 nil
632 1304 708 1339 lesionis
715 1304 760 1349 pati,

59 1358 146 1392 mirantes
162 1358 258 1402 aspiciunt.
303 1351 354 1394 Cum
369 1358 419 1393 enim
434 1363 484 1393 esset
498 1368 545 1403 puer
559 1358 608 1392 bone
621 1356 694 1399 indolis,
706 1362 760 1402 atque

59 1415 126 1445 etatem
136 1410 219 1445 moribus
229 1413 368 1454 transcendens,
379 1411 405 1445 nil
416 1411 493 1456 puerilis
503 1411 587 1453 leuitatis,
597 1410 624 1445 nil
634 1410 731 1446 insolentie
741 1410 759 1445 in
769 1427 789 1448 ιο

60 1463 98 1497 suis
106 1464 188 1497 moribus
196 1465 292 1498 admittere
299 1465 362 1504 voluit,
370 1465 403 1497 sed
411 1465 436 1497 ita
444 1464 527 1496 modeste
535 1463 554 1495 in
560 1463 645 1496 omnibus
653 1473 674 1497 se
681 1464 761 1506 gerebat,

60 1518 79 1548 vt
89 1514 144 1549 etiam
155 1526 166 1548 a
176 1515 275 1550 maioribus
286 1521 378 1550 amaretur
389 1520 407 1550 et
414 1520 538 1550 veneraretur.
562 1514 603 1549 Non
611 1514 761 1560 garrulitatum

61 1566 166 1602 detractioni
181 1574 212 1602 aut
227 1569 345 1612 contentioni,
358 1570 392 1604 sed
406 1568 443 1604 hiis
458 1578 493 1612 que
508 1569 538 1603 dei
553 1574 602 1610 sunt,
614 1577 687 1602 summo
701 1567 762 1602 studio

61 1621 164 1655 adherebat.
192 1621 228 1656 Vbi
242 1632 286 1656 vero
305 1621 483 1666 quartumdecimum
501 1620 554 1655 etatis
572 1620 630 1666 attigit
649 1631 724 1663 annum,
739 1622 761 1656 ad

61 1672 143 1717 reginam
160 1673 211 1709 venit
230 1674 325 1718 Ellledam,
341 1676 369 1710 eui
387 1675 505 1710 intentionis⁴
519 1674 633 1719 propositum
650 1674 729 1709 innotuit
743 1680 789 1723 vt25

64 1726 126 1760 relicto
137 1727 199 1762 seculo
207 1727 237 1762 dei
247 1738 268 1762 se
278 1728 391 1773 manciparet
401 1727 493 1772 obsequio.
516 1728 575 1770 Quem
583 1728 606 1762 ad
613 1728 692 1762 insulam
699 1726 763 1761 lindis-

64 1777 169 1813 farnensem
176 1780 226 1814 misit
233 1785 252 1814 et
259 1781 391 1814 monachorum
397 1780 473 1824 collegio
479 1779 544 1814 sociari
552 1779 599 1813 fecit.
619 1780 641 1813 In
647 1790 683 1824 quo
689 1790 763 1814 monas·

62 1829 107 1864 terio
115 1842 157 1865 cum
164 1831 232 1877 aliquot
239 1832 293 1867 annis
300 1833 373 1867 Christo
380 1832 465 1875 seruiret‚
472 1832 568 1877 proposuit
575 1832 636 1867 animo
644 1832 723 1867 Romam
730 1832 763 1867 ire.

63 1883 123 1924 Quem
134 1885 198 1929 regina
209 1886 291 1929 predicta
301 1886 351 1919 misit
362 1887 384 1920 ad
396 1897 459 1929 regem
471 1886 538 1919 Cancie
550 1885 694 1927 Ercombertum‚
705 1886 762 1920 filiurn

62 1937 148 1970 auunculi
166 1939 200 1978 sui,
214 1937 310 1982 postulans
324 1943 344 1971 vt
359 1948 401 1972 eum
416 1937 516 1972 honorifice
532 1937 611 1972 Romam
627 1938 763 1973 transmitteret.
772 1954 791 1984 30

63 1986 110 2023 Cum
129 2000 165 2033 quo
184 1989 316 2034 aliquantisper
330 1991 441 2032 demoratus,
456 1990 530 2024 iubente
547 2000 590 2034 rege
606 2000 648 2024 cum
663 1990 764 2024 Benedicto

63 2046 184 2083 cognomento
196 2041 275 2086 Biscop⁵
289 2042 324 2076 iter
336 2052 403 2076 versus
414 2042 493 2076 Romam
509 2041 589 2087 arripuit.
612 2042 648 2085 Qui
661 2053 703 2078 cum
715 2042 764 2087 Lug-

64 2093 133 2127 dunum
142 2094 277 2138 peruenissent,
285 2105 296 2128 a
304 2095 378 2130 Dalfino
386 2094 469 2129 eiusdem
478 2094 557 2129 ciuitatis
567 2093 655 2141 episcopo
664 2095 765 2131 honorifice

64 2147 144 2191 suscepti
152 2154 205 2182 sunt:
214 2147 300 2183 Wilsrido
306 2153 368 2183 autem
375 2159 386 2183 a
392 2147 479 2194 pontifice
484 2153 562 2192 retento,
568 2148 679 2184 Benedictus
686 2149 765 2185 Romam

63 2209 122 2243 vsque
132 2202 226 2244 profectus
236 2207 270 2236 est.
293 2202 422 2237 Delectabatur
433 2202 482 2237 enirn
493 2201 569 2237 antistes
580 2202 677 2247 prudentia
688 2202 765 2247 iuuenis,
774 2221 792 2252 ti

64 2254 122 2295 gratia
128 2253 202 2289 venusti
209 2255 271 2290 vultus
281 2265 302 2290 ae
312 2256 416 2290 maturitate
426 2254 537 2290 intentionis.
558 2255 613 2291 Vnde
620 2267 693 2301 queque
700 2267 765 2291 neces·

65 2307 113 2340 saria
127 2307 163 2349 ipsi
177 2318 199 2341 ac
214 2308 268 2342 sociis
283 2308 328 2350 eius,
341 2309 385 2341 dum
400 2318 463 2343 secum
478 2318 521 2342 esse
535 2308 626 2349 volebant,
638 2308 766 2343 habundanter

65 2357 161 2403 tribuebat,
169 2365 187 2395 et
198 2360 276 2405 insuper
286 2360 374 2396 offerebat
383 2365 408 2402 vt,
416 2360 432 2395 si
442 2360 502 2403 vellet,
510 2365 582 2404 partem
594 2360 651 2395 Gallie
663 2372 700 2396 non
712 2362 766 2397 mini-

84 2438 90 2455 ¹
100 2439 181 2478 Abridged
191 2441 230 2470 from
242 2440 269 2470 the
277 2440 314 2470 Vita
325 2441 347 2478 by
356 2440 429 2477 Eadmer,
436 2440 452 2470 in
459 2439 479 2471 Α.
487 2440 516 2471 SS.
526 2440 567 2470 flou.
574 2440 613 2478 Apr.
621 2440 649 2470 Ill.
661 2450 676 2478 p.
684 2442 720 2478 296,
727 2442 766 2471 with

65 2478 145 2508 additions
154 2480 195 2509 from
202 2479 251 2510 Beda.
272 2480 306 2509 lite
317 2481 362 2509 older
371 2480 398 2509 lite
408 2480 429 2517 by
437 2479 510 2509 Heddius
517 2480 540 2517 (in
548 2479 582 2510 MS.
590 2479 623 2510 Feli
632 2489 645 2516 1,
652 2479 705 2510 which
716 2481 730 2510 is
737 2482 765 2510 the

65 2516 130 2555 missing
142 2518 198 2549 Salisb.
209 2519 249 2554 tls„
262 2520 293 2549 and
303 2519 352 2556 Vesp.
363 2519 408 2555 Dvi;
424 2519 448 2549 ed,
460 2518 477 2547 in
489 2519 528 2548 Gale
542 2519 573 2554 lll)
586 2519 616 2549 has
628 2524 656 2548 not
667 2519 707 2547 been
720 2521 766 2550 used.

65 2553 200 2589 “Eadmmatris
240 2558 274 2589 ¹T.
282 2558 377 2589 emittentes.
417 2557 593 2589 ‘Eadmsuementis
634 2557 669 2588 ⁵13.
676 2558 735 2589 biscob.
