1762 2803
295 101 341 156 oe
356 100 456 153 &aaut
471 101 597 154 ttanma
756 113 798 160 117

96 222 161 255 dentes
177 223 199 256 ad
211 222 271 256 virum
285 222 315 257 dei
326 227 422 257 venerunt.
445 223 536 258 Omnibus
551 223 600 258 enim
616 223 638 258 ad
654 223 712 268 pedes
726 223 766 259 eius
779 224 797 259 in

96 279 145 307 terra
159 275 265 318 prouolutis,
279 286 312 309 rex
325 286 346 309 se
360 276 442 320 grauiter
454 277 660 319 peccasse-confitetur,
675 276 739 311 humili
755 288 799 321 pos·

95 327 156 363 tulans
168 339 223 372 prece
231 333 250 362 vt
261 327 290 362 sui
301 328 388 362 misertus
399 328 544 373 omnipotentem
554 340 589 371 pro
599 340 620 363 se
631 334 649 362 et
658 329 698 363 suis
708 336 799 364 exoraret.

96 380 176 416 Sanctus
188 387 249 416 autem
261 381 356 416 Bernacus
367 382 416 425 regis
428 383 523 417 dexteram
534 382 644 426 suscipiens,
656 383 716 416 erexit
727 394 770 417 eum
780 390 798 417 et

95 439 194 477 gratanter,
205 434 254 478 quod
266 434 387 477 commiserat,
399 435 479 478 indulsit,
487 446 561 470 vaccam
572 436 591 470 in
603 441 704 480 conspectu
716 435 816 472 omnium5

95 486 215 529 resuscitauit,
228 492 246 521 et
258 487 302 531 lupo
314 488 452 522 custodiendam
465 488 561 523 commisit.
584 488 628 522 Post
644 489 678 523 hec
694 499 757 532 regem
771 499 798 522 ro

95 539 145 582 gauit
159 545 179 573 vt
195 551 258 574 secum
277 546 399 584 pernoctaret,
414 547 432 574 et
449 543 498 584 quod
515 541 612 584 pauloante
631 541 691 575 fronte
707 541 799 575 obstinata

96 597 201 635 negauerat,
216 592 250 626 hoc
265 603 315 627 nunc
327 593 410 637 largitlua
425 593 513 628 charitate
528 598 546 628 et
561 598 623 627 mente
637 593 715 637 gratuita
728 592 799 627 obtulit.

96 643 139 678 Rex
150 649 211 679 autem
223 645 290 689 gratias
302 646 319 680 ei
330 656 393 690 agens,
401 645 454 680 hilari
462 650 525 681 mente
533 645 627 680 remansit.
651 646 675 680 Et
683 657 724 680 curn
731 646 761 680 vir
768 646 798 681 dei

96 696 152 730 nichil
166 709 201 739 pro
216 709 262 732 cena
274 699 323 742 regis
338 704 422 742 paratum
437 699 518 738 haberet,
531 698 609 732 accessit
621 699 644 731 ad
659 709 748 741 quercum
762 709 798 742 que
808 708 827 729 10

95 759 154 794 prope
169 750 233 793 stabat,
246 756 264 785 et
279 761 313 796 pro
326 750 374 786 foliis
389 750 516 795 dependentes
531 749 612 785 triticeos
627 750 719 795 decerpsit
733 762 798 796 panes,

95 809 183 848 quotquot
193 804 256 839 habuit
267 805 392 846 necessarios;
403 805 453 839 vnde
464 809 482 838 et
494 814 574 847 quercus
584 802 614 838 illa
626 804 720 845 ‘Quercus
732 804 798 847 Panis,¹

96 857 139 889 dum
155 858 219 900 stabat,
230 858 334 891 vocabatur.
356 856 441 891 Accessit
453 867 526 900 quoque
540 856 563 889 ad
576 861 678 891 torrentem
694 856 725 900 qui
740 867 799 901 prope

95 913 140 952 erat,
148 914 167 944 et
178 920 212 953 pro
223 920 271 953 aqua
281 909 300 944 in
312 919 378 953 magna
389 908 501 944 abundantia
508 908 571 943 vinum
583 907 654 951 hausit3
666 919 700 953 pro
708 909 799 953 lapidibus

96 962 119 995 de
130 966 213 995 torrente
224 962 289 996 eodem
301 962 362 1006 pisces
373 962 396 995 ad
408 961 522 1005 saturitatem
532 960 623 996 extraxit:
633 967 652 995 et
663 962 749 996 saturatis
760 973 799 996 om·
808 973 826 1003 15

95 1014 154 1057 nibus,
166 1014 280 1050 dormierunt
291 1025 349 1060 usque
361 1025 421 1050 mane.
443 1014 496 1049 Tunc
508 1024 588 1058 surgens
598 1024 632 1049 rex
644 1014 669 1049 ait
680 1015 703 1049 ad
714 1020 798 1050 sanctum

96 1067 211 1102 Bernacum:
224 1068 281 1110 ‘Quia
291 1068 388 1112 gratuitam
398 1067 538 1102 beneficentiam
550 1072 600 1101 tuam
611 1067 680 1111 accepi,
692 1078 727 1112 ego
739 1068 799 1102 muni-

96 1120 188 1154 ficentiam
199 1131 260 1155 meam
269 1121 302 1155 tibi
313 1121 369 1165 gratis
379 1120 442 1165 largiri
452 1131 489 1154 non
501 1120 596 1163 dedignor.
619 1119 641 1153 In
653 1120 728 1154 nornine
739 1120 769 1155 dei
781 1127 799 1155 et

96 1173 165 1208 domini
176 1174 234 1208 nostri
245 1174 301 1210 ihesu
309 1173 383 1217 Christi,
391 1180 409 1209 te
420 1179 438 1209 et
448 1174 507 1208 locum
516 1177 573 1214 tuum,
580 1176 675 1217 totumque
687 1173 798 1209 territorium

95 1227 118 1260 ad
130 1227 190 1261 locum
205 1233 256 1261 tuum
267 1228 368 1272 pertinens,
380 1239 452 1262 necnon
464 1238 529 1261 omnes
540 1225 559 1259 in
571 1237 593 1260 eo
603 1231 705 1268 manentes,
717 1228 740 1261 ab
748 1228 798 1262 omni
808 1241 828 1261 ao

95 1279 146 1322 regia
157 1280 252 1315 exactione
263 1281 400 1325 imperpetuum
411 1280 478 1314 libero!
501 1279 551 1321 Quot
562 1284 580 1313 et
591 1278 664 1322 quantis
676 1285 752 1314 sanctus
763 1280 799 1316 iste

95 1332 114 1366 in
124 1332 161 1367 vita
173 1344 206 1367 sua
217 1334 310 1368 miraculis
321 1339 339 1368 et
349 1334 402 1368 bonis
414 1333 501 1377 operibus
510 1332 605 1373 effulserit,
615 1331 689 1366 difficile
701 1332 798 1377 quisquam

96 1390 156 1427 potest
164 1385 261 1429 explicare.
276 1387 358 1421 Transiit
366 1392 427 1420 autem
436 1387 459 1420 de
466 1386 501 1419 hoc
509 1385 578 1418 mundo
585 1385 608 1418 ad
617 1385 710 1419 dominum
719 1386 799 1429 septimo

96 1438 137 1472 idus
145 1439 213 1481 aprilis.

383 1483 399 1520 tl
409 1480 512 1516 Narrutrb¹.

118 1530 202 1573 Sanctus
214 1538 291 1584 Helyas,
299 1541 400 1574 secundum
408 1539 530 1582 vincentium,
538 1537 659 1573 monasticam
670 1537 726 1573 vitam
737 1549 800 1583 agens,
808 1550 826 1579 25

96 1592 170 1625 feminei
177 1603 234 1626 sexus
242 1593 360 1628 miseratione
368 1598 475 1634 commotus,
483 1593 591 1626 deuotarum
599 1590 629 1625 dei
636 1590 728 1634 virginum
737 1601 799 1626 curam

96 1645 180 1687 habebat,
196 1650 214 1679 et
229 1645 248 1679 in
261 1646 340 1690 quodam
356 1645 421 1690 grandi
437 1644 549 1679 monasterio
563 1655 622 1688 vsque
637 1645 660 1677 ad
676 1649 799 1679 trecentarum

96 1698 206 1732 feminarum
217 1709 314 1733 numerum
325 1699 428 1743 collegerat,
440 1708 540 1742 earumque
552 1697 711 1733 conuersationem
727 1697 800 1733 ordina·

96 1751 132 1785 bat.
155 1751 208 1792 Quod
223 1762 264 1785 curn
272 1762 306 1796 per
316 1751 410 1786 biennium
422 1752 459 1785 iarn
471 1751 550 1793 lecisset,
561 1756 580 1784 et
592 1751 652 1784 adhuc
664 1750 737 1785 iuuenis
747 1752 799 1796 quasi

95 1803 170 1848 triginta
186 1815 278 1839 annorum
294 1810 349 1846 esset,
367 1806 427 1840 subito
446 1805 506 1839 carnis
521 1804 660 1848 temptationem
680 1815 748 1847 passus
766 1811 827 1844 esaan

97 1856 205 1901 Relictoquc
221 1857 333 1893 monasterio
348 1859 392 1892 dum
408 1869 443 1903 per
461 1857 568 1891 solitudines
586 1856 624 1900 iugi
643 1856 698 1890 biduo
715 1856 800 1892 iciunus²

96 1915 171 1952 erraret,
182 1910 218 1944 ait:
231 1910 320 1945 ‘Domine
330 1911 381 1953 deus,
391 1917 422 1945 aut
434 1910 496 1944 occide
508 1921 544 1952 me,
554 1915 585 1944 ant
595 1909 734 1953 temptationem
745 1910 799 1944 istam

96 1963 174 1997 exclude
188 1974 199 1997 a
214 1966 255 1998 me!
276 1959 360 2008 Vespere
371 1963 425 2007 igitur
436 1964 453 1997 ei
464 1962 523 1997 subito
534 1973 624 2006 sompnus
634 1962 721 2006 irrepsit:
733 1968 751 1997 et
760 1968 799 1998 tres

96 2015 171 2058 angelos
182 2016 205 2049 ad
216 2027 237 2050 se
244 2016 319 2051 venisse
329 2016 401 2061 aspexit
411 2016 504 2050 dicentes:
517 2015 564 2049 ‘Cur
572 2025 658 2059 egressus
666 2026 687 2049 es
695 2016 719 2049 de
726 2025 799 2050 monas·

96 2068 142 2102 terio
151 2067 285 2103 feminarum?'
308 2069 343 2111 Qui
354 2080 395 2103 cum
406 2069 489 2103 timuisse
500 2080 521 2103 se
529 2068 597 2102 diceret
606 2080 630 2102 ne
639 2074 670 2102 aut
679 2069 714 2102 sibi
724 2074 755 2102 aut
763 2068 799 2103 illis
808 2079 827 2109 35

96 2125 176 2162 noceret,
182 2122 279 2156 dixerunt:
289 2122 318 2156 ‘Si
324 2122 428 2156 huiusmodi
435 2127 486 2156 metu
494 2132 528 2166 per
534 2131 568 2155 nos
576 2120 663 2155 liberatus
669 2119 730 2162 fueris,
735 2131 799 2156 rursus

97 2173 169 2207 illarum
184 2184 247 2209 curam
263 2174 374 2219 suscipiest'
403 2176 486 2219 Cumque
500 2174 577 2210 libenter
591 2173 719 2219 adquieuisset‚
731 2178 749 2208 et
764 2173 799 2209 hoc

97 2226 213 2270 exigentibus
220 2228 257 2262 illis
264 2228 366 2262 iuramento
374 2228 472 2270 firmasset,
478 2239 526 2262 vnus
534 2238 597 2262 eorum
606 2237 671 2262 manus
679 2226 727 2261 illius
735 2227 800 2270 tenuit,

97 2286 115 2314 et
130 2280 176 2313 alter
190 2281 254 2323 pedes,
266 2280 331 2315 tertius
343 2291 388 2315 vero
399 2278 488 2314 nouacula
500 2281 594 2314 testiculos
606 2280 645 2314 eius
657 2279 746 2315 abscidit:
761 2290 799 2324 non

97 2333 145 2377 quod
157 2342 202 2367 vere
215 2333 250 2367 hoc
262 2334 335 2374 faceret,
348 2333 381 2367 sed
395 2334 443 2377 quod
456 2332 516 2367 facere
528 2332 626 2368 videretur.
649 2332 727 2377 Angelis
738 2338 799 2368 autem
808 2344 828 2374 4ο

96 2385 250 2428 interrogantibus
265 2397 289 2420 an
304 2386 372 2430 aliquid
389 2386 424 2420 sibi
439 2386 531 2430 proluisse
546 2385 636 2420 sensisset
653 2385 722 2420 sactum
739 2398 800 2428 suum,

97 2438 232 2479 ‘vehementer,
239 2438 302 2483 inquit,
310 2439 397 2483 intelligo,
405 2439 496 2483 quoddam
505 2449 551 2473 onus
559 2438 607 2473 circa
614 2449 645 2473 me
652 2450 695 2474 esse
703 2439 800 2481 sublatum,

97 2496 115 2525 et
125 2490 170 2525 satis
178 2492 233 2524 credo
240 2501 271 2525 me
279 2493 329 2526 omni
336 2503 391 2536 quam
399 2492 519 2526 formidabam
525 2491 608 2525 molestia
616 2492 724 2527 liberatum!
743 2493 800 2536 Igitur

157 2553 162 2571 ¹
173 2554 224 2585 From.
231 2554 275 2586 Vino.
284 2554 323 2585 Bell.
331 2555 359 2594 Sp.
367 2555 388 2585 Η,
395 2555 432 2594 xvii,
440 2556 464 2586 81.
629 2554 635 2572 ²
645 2555 663 2586 E.
671 2552 739 2587 ieiuniis.
