<?xml version="1.0" encoding="UTF-8"?>
<!DOCTYPE html PUBLIC "-//W3C//DTD XHTML 1.0 Transitional//EN"
    "http://www.w3.org/TR/xhtml1/DTD/xhtml1-transitional.dtd">
<html xmlns="http://www.w3.org/1999/xhtml" xml:lang="en" lang="en">
 <head>
  <title>
</title>
<meta http-equiv="Content-Type" content="text/html;charset=utf-8" />
  <meta name='ocr-system' content='tesseract 3.04.00' />
  <meta name='ocr-capabilities' content='ocr_page ocr_carea ocr_par ocr_line ocrx_word'/>
</head>
<body>
  <div class='ocr_page' id='page_1' title='image "./MN5111ucmf_0/MN5111ucmf_0_0337.png"; bbox 0 0 1762 2803; ppageno 0'>
   <div class='ocr_carea' id='block_1_1' title="bbox 232 94 781 162">
    <p class='ocr_par' dir='ltr' id='par_1_1' title="bbox 232 94 781 162">
     <span class='ocr_line' id='line_1_1' title="bbox 232 94 781 162; baseline -0.011 -9"><span class='ocrx_word' id='word_1_1' title='bbox 232 94 234 97; x_wconf 81' lang='grc'><strong>’</strong></span> <span class='ocrx_word' id='word_1_2' title='bbox 262 100 308 157; x_wconf 63' lang='lat' dir='ltr'>pe</span> <span class='ocrx_word' id='word_1_3' title='bbox 323 98 425 153; x_wconf 56' lang='lat' dir='ltr'>&amp;anua</span> <span class='ocrx_word' id='word_1_4' title='bbox 441 98 596 162; x_wconf 66' lang='lat' dir='ltr'>damiatae.</span> <span class='ocrx_word' id='word_1_5' title='bbox 737 115 781 160; x_wconf 81' lang='lat'>247</span> 
     </span>
    </p>
   </div>
   <div class='ocr_carea' id='block_1_2' title="bbox 102 250 493 295">
    <p class='ocr_par' dir='ltr' id='par_1_2' title="bbox 102 250 493 295">
     <span class='ocr_line' id='line_1_2' title="bbox 102 250 493 295; baseline 0.003 -9"><span class='ocrx_word' id='word_1_6' title='bbox 102 251 149 295; x_wconf 84' lang='lat' dir='ltr'>[MS.</span> <span class='ocrx_word' id='word_1_7' title='bbox 158 252 197 286; x_wconf 90' lang='lat' dir='ltr'>Tib.</span> <span class='ocrx_word' id='word_1_8' title='bbox 205 251 251 287; x_wconf 85' lang='lat' dir='ltr'>a&#39;dds</span> <span class='ocrx_word' id='word_1_9' title='bbox 259 263 263 287; x_wconf 75' lang='grc' dir='ltr'><strong>ε</strong></span> <span class='ocrx_word' id='word_1_10' title='bbox 391 250 477 286; x_wconf 80' lang='lat' dir='ltr'>Narratio</span> <span class='ocrx_word' id='word_1_11' title='bbox 482 252 493 287; x_wconf 91' lang='lat'>¹.</span> 
     </span>
    </p>
   </div>
   <div class='ocr_carea' id='block_1_3' title="bbox 75 323 814 2067">
    <p class='ocr_par' dir='ltr' id='par_1_3' title="bbox 75 323 814 2067">
     <span class='ocr_line' id='line_1_3' title="bbox 100 323 782 376; baseline 0.003 -11"><span class='ocrx_word' id='word_1_12' title='bbox 100 323 137 365; x_wconf 86' lang='lat' dir='ltr'>Vir</span> <span class='ocrx_word' id='word_1_13' title='bbox 155 331 228 376; x_wconf 86' lang='lat' dir='ltr'>quidam</span> <span class='ocrx_word' id='word_1_14' title='bbox 245 331 388 366; x_wconf 86' lang='lat' dir='ltr'>cenomannicus</span> <span class='ocrx_word' id='word_1_15' title='bbox 407 332 430 366; x_wconf 89' lang='lat' dir='ltr'>ad</span> <span class='ocrx_word' id='word_1_16' title='bbox 448 336 531 366; x_wconf 88' lang='lat' dir='ltr'>sanctum</span> <span class='ocrx_word' id='word_1_17' title='bbox 551 331 637 367; x_wconf 92' lang='lat' dir='ltr'>Iacobum</span> <span class='ocrx_word' id='word_1_18' title='bbox 656 332 782 376; x_wconf 86' lang='lat' dir='ltr'>proficiscens,</span> 
     </span>
     <span class='ocr_line' id='line_1_4' title="bbox 75 383 783 428; baseline 0.001 -10"><span class='ocrx_word' id='word_1_19' title='bbox 75 384 150 418; x_wconf 73' lang='lat' dir='ltr'>&#39;cuidam</span> <span class='ocrx_word' id='word_1_20' title='bbox 164 384 249 418; x_wconf 85' lang='lat' dir='ltr'>terribilis</span> <span class='ocrx_word' id='word_1_21' title='bbox 262 384 321 418; x_wconf 83' lang='lat' dir='ltr'>sonae</span> <span class='ocrx_word' id='word_1_22' title='bbox 334 383 428 425; x_wconf 82' lang='lat' dir='ltr'>obuiauit;</span> <span class='ocrx_word' id='word_1_23' title='bbox 443 383 474 427; x_wconf 91' lang='lat' dir='ltr'>qui</span> <span class='ocrx_word' id='word_1_24' title='bbox 489 384 603 428; x_wconf 79' lang='lat' dir='ltr'>stupefactus</span> <span class='ocrx_word' id='word_1_25' title='bbox 618 385 678 418; x_wconf 87' lang='lat' dir='ltr'>crucis</span> <span class='ocrx_word' id='word_1_26' title='bbox 693 395 714 419; x_wconf 91' lang='lat' dir='ltr'>se</span> <span class='ocrx_word' id='word_1_27' title='bbox 729 385 783 428; x_wconf 82' lang='lat' dir='ltr'>signo</span> 
     </span>
     <span class='ocr_line' id='line_1_5' title="bbox 78 436 782 483; baseline 0.004 -13"><span class='ocrx_word' id='word_1_28' title='bbox 78 436 161 471; x_wconf 89' lang='lat' dir='ltr'>muniuit.</span> <span class='ocrx_word' id='word_1_29' title='bbox 178 437 211 472; x_wconf 90' lang='lat' dir='ltr'>llle</span> <span class='ocrx_word' id='word_1_30' title='bbox 218 448 263 472; x_wconf 89' lang='lat' dir='ltr'>uero</span> <span class='ocrx_word' id='word_1_31' title='bbox 271 437 385 481; x_wconf 79' lang='lat' dir='ltr'>signaculum</span> <span class='ocrx_word' id='word_1_32' title='bbox 393 436 445 480; x_wconf 94' lang='lat' dir='ltr'>quasi</span> <span class='ocrx_word' id='word_1_33' title='bbox 453 437 595 481; x_wconf 88' lang='lat' dir='ltr'>paruipendens,</span> <span class='ocrx_word' id='word_1_34' title='bbox 602 438 614 482; x_wconf 86' lang='lat'>(‘</span> <span class='ocrx_word' id='word_1_35' title='bbox 620 438 746 483; x_wconf 83' lang='lat' dir='ltr'>Nequaquam,</span> <span class='ocrx_word' id='word_1_36' title='bbox 754 438 782 473; x_wconf 90' lang='lat' dir='ltr'>in·</span> 
     </span>
     <span class='ocr_line' id='line_1_6' title="bbox 79 483 782 535; baseline 0.006 -13"><span class='ocrx_word' id='word_1_37' title='bbox 79 489 123 533; x_wconf 95' lang='lat' dir='ltr'>quit,</span> <span class='ocrx_word' id='word_1_38' title='bbox 131 490 165 524; x_wconf 88' lang='lat' dir='ltr'>hoc</span> <span class='ocrx_word' id='word_1_39' title='bbox 173 490 227 524; x_wconf 90' lang='lat' dir='ltr'>modo</span> <span class='ocrx_word' id='word_1_40' title='bbox 235 490 289 534; x_wconf 85' lang='lat' dir='ltr'>tueri)</span> <span class='ocrx_word' id='word_1_41' title='bbox 301 496 319 524; x_wconf 91' lang='lat' dir='ltr'>te</span> <span class='ocrx_word' id='word_1_42' title='bbox 330 483 400 534; x_wconf 84' lang='lat' dir='ltr'>poteris</span> <span class='ocrx_word' id='word_1_43' title='bbox 408 490 451 535; x_wconf 91' lang='lat' dir='ltr'>quin</span> <span class='ocrx_word' id='word_1_44' title='bbox 460 500 512 524; x_wconf 90' lang='lat' dir='ltr'>meus</span> <span class='ocrx_word' id='word_1_45' title='bbox 520 490 552 524; x_wconf 92' lang='lat' dir='ltr'>sis.</span> <span class='ocrx_word' id='word_1_46' title='bbox 575 491 633 525; x_wconf 93' lang='lat' dir='ltr'>Porro</span> <span class='ocrx_word' id='word_1_47' title='bbox 644 491 660 525; x_wconf 94' lang='lat' dir='ltr'>si</span> <span class='ocrx_word' id='word_1_48' title='bbox 669 492 782 535; x_wconf 87' lang='lat' dir='ltr'>procid(ens)</span> 
     </span>
     <span class='ocr_line' id='line_1_7' title="bbox 78 543 799 590; baseline 0.004 -13"><span class='ocrx_word' id='word_1_49' title='bbox 78 543 184 578; x_wconf 83' lang='lat' dir='ltr'>adoraueris</span> <span class='ocrx_word' id='word_1_50' title='bbox 196 554 231 585; x_wconf 88' lang='lat' dir='ltr'>me,</span> <span class='ocrx_word' id='word_1_51' title='bbox 241 543 304 578; x_wconf 79' lang='lat' dir='ltr'>faciam</span> <span class='ocrx_word' id='word_1_52' title='bbox 317 549 335 578; x_wconf 90' lang='lat' dir='ltr'>te</span> <span class='ocrx_word' id='word_1_53' title='bbox 347 543 446 587; x_wconf 88' lang='lat' dir='ltr'>locuplete(</span> <span class='ocrx_word' id='word_1_54' title='bbox 466 544 475 578; x_wconf 87' lang='grc'>,’</span> <span class='ocrx_word' id='word_1_55' title='bbox 502 544 533 578; x_wconf 87' lang='lat' dir='ltr'>Ad</span> <span class='ocrx_word' id='word_1_56' title='bbox 545 544 585 587; x_wconf 87' lang='lat' dir='ltr'>hec)</span> <span class='ocrx_word' id='word_1_57' title='bbox 599 544 664 579; x_wconf 88' lang='lat' dir='ltr'>homo:</span> <span class='ocrx_word' id='word_1_58' title='bbox 677 545 753 590; x_wconf 86' lang='lat' dir='ltr'>‘Liquet</span> <span class='ocrx_word' id='word_1_59' title='bbox 763 551 799 585; x_wconf 84' lang='lat' dir='ltr'>te5</span> 
     </span>
     <span class='ocr_line' id='line_1_8' title="bbox 79 595 782 642; baseline 0.006 -13"><span class='ocrx_word' id='word_1_60' title='bbox 79 606 128 629; x_wconf 89' lang='lat' dir='ltr'>nunc</span> <span class='ocrx_word' id='word_1_61' title='bbox 138 596 195 640; x_wconf 91' lang='lat' dir='ltr'>partis</span> <span class='ocrx_word' id='word_1_62' title='bbox 205 608 247 631; x_wconf 90' lang='lat' dir='ltr'>esse</span> <span class='ocrx_word' id='word_1_63' title='bbox 255 596 347 640; x_wconf 86' lang='lat' dir='ltr'>s(inistre;</span> <span class='ocrx_word' id='word_1_64' title='bbox 359 596 402 639; x_wconf 83' lang='lat' dir='ltr'>sint]</span> <span class='ocrx_word' id='word_1_65' title='bbox 411 602 442 631; x_wconf 93' lang='lat' dir='ltr'>tua</span> <span class='ocrx_word' id='word_1_66' title='bbox 449 595 486 640; x_wconf 85' lang='lat' dir='ltr'>tibi,</span> <span class='ocrx_word' id='word_1_67' title='bbox 494 596 550 631; x_wconf 87' lang='lat' dir='ltr'>michi</span> <span class='ocrx_word' id='word_1_68' title='bbox 558 596 625 632; x_wconf 86' lang='lat' dir='ltr'>sufficit</span> <span class='ocrx_word' id='word_1_69' title='bbox 631 597 699 632; x_wconf 83' lang='lat' dir='ltr'>Christi</span> <span class='ocrx_word' id='word_1_70' title='bbox 708 597 782 642; x_wconf 76' lang='lat' dir='ltr'>largicio</span> 
     </span>
     <span class='ocr_line' id='line_1_9' title="bbox 80 649 782 696; baseline 0.006 -14"><span class='ocrx_word' id='word_1_71' title='bbox 80 659 135 692; x_wconf 89' lang='lat' dir='ltr'>quem</span> <span class='ocrx_word' id='word_1_72' title='bbox 149 649 208 684; x_wconf 92' lang='lat' dir='ltr'>solum</span> <span class='ocrx_word' id='word_1_73' title='bbox 221 650 287 684; x_wconf 75' lang='lat' dir='ltr'>adoro!</span> <span class='ocrx_word' id='word_1_74' title='bbox 309 649 332 683; x_wconf 88' lang='lat' dir='ltr'>Et</span> <span class='ocrx_word' id='word_1_75' title='bbox 345 650 387 684; x_wconf 88' lang='lat' dir='ltr'>ille:</span> <span class='ocrx_word' id='word_1_76' title='bbox 399 650 487 694; x_wconf 88' lang='lat' dir='ltr'>‘Oportet</span> <span class='ocrx_word' id='word_1_77' title='bbox 498 654 517 684; x_wconf 91' lang='lat' dir='ltr'>te</span> <span class='ocrx_word' id='word_1_78' title='bbox 530 651 560 684; x_wconf 92' lang='lat' dir='ltr'>uel</span> <span class='ocrx_word' id='word_1_79' title='bbox 569 649 646 685; x_wconf 90' lang='lat' dir='ltr'>inuitum</span> <span class='ocrx_word' id='word_1_80' title='bbox 660 651 742 696; x_wconf 85' lang='lat' dir='ltr'>(alquuid</span> <span class='ocrx_word' id='word_1_81' title='bbox 758 652 782 686; x_wconf 90' lang='lat' dir='ltr'>de</span> 
     </span>
     <span class='ocr_line' id='line_1_10' title="bbox 79 702 781 748; baseline 0.006 -14"><span class='ocrx_word' id='word_1_82' title='bbox 79 711 121 734; x_wconf 91' lang='lat' dir='ltr'>meo</span> <span class='ocrx_word' id='word_1_83' title='bbox 133 702 211 737; x_wconf 66' lang='lat' dir='ltr'>habere!</span> <span class='ocrx_word' id='word_1_84' title='bbox 234 703 257 735; x_wconf 88' lang='lat' dir='ltr'>Et</span> <span class='ocrx_word' id='word_1_85' title='bbox 268 713 311 736; x_wconf 85' lang='lat' dir='ltr'>mox</span> <span class='ocrx_word' id='word_1_86' title='bbox 323 702 395 736; x_wconf 89' lang='lat' dir='ltr'>iactauit</span> <span class='ocrx_word' id='word_1_87' title='bbox 411 712 468 746; x_wconf 88' lang='lat' dir='ltr'>super</span> <span class='ocrx_word' id='word_1_88' title='bbox 481 708 534 747; x_wconf 93' lang='lat' dir='ltr'>caput</span> <span class='ocrx_word' id='word_1_89' title='bbox 548 703 628 737; x_wconf 91' lang='lat' dir='ltr'>hominis</span> <span class='ocrx_word' id='word_1_90' title='bbox 641 703 693 747; x_wconf 85' lang='lat' dir='ltr'>quasi</span> <span class='ocrx_word' id='word_1_91' title='bbox 705 703 781 748; x_wconf 90' lang='lat' dir='ltr'>pallium</span> 
     </span>
     <span class='ocr_line' id='line_1_11' title="bbox 78 754 782 800; baseline 0.004 -12"><span class='ocrx_word' id='word_1_92' title='bbox 78 754 139 789; x_wconf 90' lang='lat' dir='ltr'>tenuis</span> <span class='ocrx_word' id='word_1_93' title='bbox 151 756 231 796; x_wconf 86' lang='lat' dir='ltr'>materie,</span> <span class='ocrx_word' id='word_1_94' title='bbox 239 765 275 799; x_wconf 90' lang='lat' dir='ltr'>quo</span> <span class='ocrx_word' id='word_1_95' title='bbox 283 755 363 789; x_wconf 82' lang='lat' dir='ltr'>crinibus</span> <span class='ocrx_word' id='word_1_96' title='bbox 371 754 440 789; x_wconf 88' lang='lat' dir='ltr'>adustis</span> <span class='ocrx_word' id='word_1_97' title='bbox 448 754 494 790; x_wconf 91' lang='lat' dir='ltr'>cutis</span> <span class='ocrx_word' id='word_1_98' title='bbox 501 754 566 798; x_wconf 89' lang='lat' dir='ltr'>capitis</span> <span class='ocrx_word' id='word_1_99' title='bbox 574 755 668 800; x_wconf 84' lang='lat' dir='ltr'>denigrata</span> <span class='ocrx_word' id='word_1_100' title='bbox 675 756 782 800; x_wconf 78' lang='lat' dir='ltr'>permansit,</span> 
     </span>
     <span class='ocr_line' id='line_1_12' title="bbox 79 806 811 852; baseline 0.001 -12"><span class='ocrx_word' id='word_1_101' title='bbox 79 811 97 841; x_wconf 91' lang='lat' dir='ltr'>et</span> <span class='ocrx_word' id='word_1_102' title='bbox 105 806 160 841; x_wconf 92' lang='lat' dir='ltr'>homo</span> <span class='ocrx_word' id='word_1_103' title='bbox 171 807 253 852; x_wconf 87' lang='lat' dir='ltr'>trepidus</span> <span class='ocrx_word' id='word_1_104' title='bbox 265 812 347 842; x_wconf 90' lang='lat' dir='ltr'>sanctum</span> <span class='ocrx_word' id='word_1_105' title='bbox 362 807 447 841; x_wconf 90' lang='lat' dir='ltr'>Iacobum</span> <span class='ocrx_word' id='word_1_106' title='bbox 457 806 565 843; x_wconf 86' lang='lat' dir='ltr'>inclamauit.</span> <span class='ocrx_word' id='word_1_107' title='bbox 589 807 624 850; x_wconf 81' lang='lat' dir='ltr'>Qui</span> <span class='ocrx_word' id='word_1_108' title='bbox 636 818 679 842; x_wconf 81' lang='lat' dir='ltr'>mox</span> <span class='ocrx_word' id='word_1_109' title='bbox 687 809 783 850; x_wconf 80' lang='lat' dir='ltr'>assistens,</span> <span class='ocrx_word' id='word_1_110' title='bbox 792 819 811 841; x_wconf 81' lang='grc' dir='ltr'>ιο</span> 
     </span>
     <span class='ocr_line' id='line_1_13' title="bbox 79 860 783 905; baseline 0.004 -12"><span class='ocrx_word' id='word_1_111' title='bbox 79 861 177 894; x_wconf 88' lang='lat' dir='ltr'>demonem</span> <span class='ocrx_word' id='word_1_112' title='bbox 185 860 290 904; x_wconf 87' lang='lat' dir='ltr'>increpauit,</span> <span class='ocrx_word' id='word_1_113' title='bbox 300 860 370 904; x_wconf 86' lang='lat' dir='ltr'>aequis</span> <span class='ocrx_word' id='word_1_114' title='bbox 378 866 427 894; x_wconf 85' lang='lat' dir='ltr'>esset</span> <span class='ocrx_word' id='word_1_115' title='bbox 438 860 505 903; x_wconf 85' lang='lat' dir='ltr'>quidue</span> <span class='ocrx_word' id='word_1_116' title='bbox 513 860 584 903; x_wconf 85' lang='lat' dir='ltr'>negocii</span> <span class='ocrx_word' id='word_1_117' title='bbox 596 861 672 895; x_wconf 89' lang='lat' dir='ltr'>haberet</span> <span class='ocrx_word' id='word_1_118' title='bbox 683 861 783 905; x_wconf 89' lang='lat' dir='ltr'>inquisiuit.</span> 
     </span>
     <span class='ocr_line' id='line_1_14' title="bbox 80 912 784 959; baseline 0.003 -12"><span class='ocrx_word' id='word_1_119' title='bbox 80 913 116 955; x_wconf 83' lang='lat' dir='ltr'>Qui</span> <span class='ocrx_word' id='word_1_120' title='bbox 131 914 239 949; x_wconf 84' lang='lat' dir='ltr'>constrictus</span> <span class='ocrx_word' id='word_1_121' title='bbox 255 913 290 949; x_wconf 84' lang='lat' dir='ltr'>ait:</span> <span class='ocrx_word' id='word_1_122' title='bbox 309 913 393 948; x_wconf 88' lang='lat' dir='ltr'>‘Demon</span> <span class='ocrx_word' id='word_1_123' title='bbox 409 923 450 948; x_wconf 90' lang='lat' dir='ltr'>sum</span> <span class='ocrx_word' id='word_1_124' title='bbox 465 912 546 947; x_wconf 89' lang='lat' dir='ltr'>humano</span> <span class='ocrx_word' id='word_1_125' title='bbox 561 913 625 958; x_wconf 85' lang='lat' dir='ltr'>generi</span> <span class='ocrx_word' id='word_1_126' title='bbox 641 913 731 949; x_wconf 82' lang='lat' dir='ltr'>infestus:</span> <span class='ocrx_word' id='word_1_127' title='bbox 749 925 784 959; x_wconf 84' lang='lat' dir='ltr'>ego</span> 
     </span>
     <span class='ocr_line' id='line_1_15' title="bbox 79 964 784 1010; baseline 0.004 -12"><span class='ocrx_word' id='word_1_128' title='bbox 79 966 188 1000; x_wconf 90' lang='lat' dir='ltr'>christianos</span> <span class='ocrx_word' id='word_1_129' title='bbox 202 977 257 1010; x_wconf 87' lang='lat' dir='ltr'>reges</span> <span class='ocrx_word' id='word_1_130' title='bbox 275 966 295 999; x_wconf 95' lang='lat' dir='ltr'>in</span> <span class='ocrx_word' id='word_1_131' title='bbox 314 965 397 1000; x_wconf 82' lang='lat' dir='ltr'>orientali</span> <span class='ocrx_word' id='word_1_132' title='bbox 415 964 530 1009; x_wconf 86' lang='lat' dir='ltr'>proseccione</span> <span class='ocrx_word' id='word_1_133' title='bbox 549 965 648 1010; x_wconf 82' lang='lat' dir='ltr'>impediui3</span> <span class='ocrx_word' id='word_1_134' title='bbox 667 977 701 1010; x_wconf 87' lang='lat' dir='ltr'>ego</span> <span class='ocrx_word' id='word_1_135' title='bbox 720 977 784 1010; x_wconf 87' lang='lat' dir='ltr'>regem</span> 
     </span>
     <span class='ocr_line' id='line_1_16' title="bbox 81 1018 784 1064; baseline 0.003 -12"><span class='ocrx_word' id='word_1_136' title='bbox 81 1019 180 1053; x_wconf 85' lang='lat' dir='ltr'>Ricardum</span> <span class='ocrx_word' id='word_1_137' title='bbox 191 1030 225 1062; x_wconf 88' lang='lat' dir='ltr'>per</span> <span class='ocrx_word' id='word_1_138' title='bbox 241 1019 345 1053; x_wconf 89' lang='lat' dir='ltr'>ministrum</span> <span class='ocrx_word' id='word_1_139' title='bbox 360 1029 422 1052; x_wconf 91' lang='lat' dir='ltr'>meum</span> <span class='ocrx_word' id='word_1_140' title='bbox 434 1019 500 1053; x_wconf 89' lang='lat' dir='ltr'>ducem</span> <span class='ocrx_word' id='word_1_141' title='bbox 514 1018 606 1062; x_wconf 85' lang='lat' dir='ltr'>Aus(tri)e</span> <span class='ocrx_word' id='word_1_142' title='bbox 621 1018 716 1063; x_wconf 85' lang='lat' dir='ltr'>captiuaui.</span> <span class='ocrx_word' id='word_1_143' title='bbox 745 1019 784 1064; x_wconf 84' lang='lat' dir='ltr'>Ego</span> 
     </span>
     <span class='ocr_line' id='line_1_17' title="bbox 80 1070 812 1116; baseline 0.001 -11"><span class='ocrx_word' id='word_1_144' title='bbox 80 1082 153 1115; x_wconf 89' lang='lat' dir='ltr'>quoque</span> <span class='ocrx_word' id='word_1_145' title='bbox 161 1071 221 1106; x_wconf 89' lang='lat' dir='ltr'>eidem</span> <span class='ocrx_word' id='word_1_146' title='bbox 229 1076 326 1116; x_wconf 86' lang='lat' dir='ltr'>postquam</span> <span class='ocrx_word' id='word_1_147' title='bbox 334 1071 421 1105; x_wconf 90' lang='lat' dir='ltr'>liberatus</span> <span class='ocrx_word' id='word_1_148' title='bbox 433 1071 465 1104; x_wconf 84' lang='lat' dir='ltr'>suit</span> <span class='ocrx_word' id='word_1_149' title='bbox 477 1070 543 1115; x_wconf 88' lang='lat' dir='ltr'>iugiter</span> <span class='ocrx_word' id='word_1_150' title='bbox 554 1071 625 1114; x_wconf 79' lang='lat' dir='ltr'>assiste,</span> <span class='ocrx_word' id='word_1_151' title='bbox 633 1072 729 1116; x_wconf 88' lang='lat' dir='ltr'>potissime</span> <span class='ocrx_word' id='word_1_152' title='bbox 737 1072 784 1107; x_wconf 87' lang='lat' dir='ltr'>eirca</span> <span class='ocrx_word' id='word_1_153' title='bbox 793 1084 812 1115; x_wconf 81' lang='lat'>15</span> 
     </span>
     <span class='ocr_line' id='line_1_18' title="bbox 80 1123 784 1169; baseline 0.003 -11"><span class='ocrx_word' id='word_1_154' title='bbox 80 1123 139 1159; x_wconf 87' lang='lat' dir='ltr'>cubile</span> <span class='ocrx_word' id='word_1_155' title='bbox 147 1124 187 1159; x_wconf 88' lang='lat' dir='ltr'>eius</span> <span class='ocrx_word' id='word_1_156' title='bbox 194 1130 212 1159; x_wconf 86' lang='lat' dir='ltr'>et</span> <span class='ocrx_word' id='word_1_157' title='bbox 219 1125 315 1159; x_wconf 89' lang='lat' dir='ltr'>thesauros</span> <span class='ocrx_word' id='word_1_158' title='bbox 319 1135 366 1168; x_wconf 90' lang='lat' dir='ltr'>quos</span> <span class='ocrx_word' id='word_1_159' title='bbox 373 1124 466 1158; x_wconf 73' lang='lat' dir='ltr'>recondit!</span> <span class='ocrx_word' id='word_1_160' title='bbox 486 1124 528 1158; x_wconf 89' lang='lat' dir='ltr'>Hiis</span> <span class='ocrx_word' id='word_1_161' title='bbox 534 1123 586 1159; x_wconf 88' lang='lat' dir='ltr'>dietis</span> <span class='ocrx_word' id='word_1_162' title='bbox 594 1123 692 1169; x_wconf 86' lang='lat' dir='ltr'>disparuit;</span> <span class='ocrx_word' id='word_1_163' title='bbox 705 1130 723 1159; x_wconf 88' lang='lat' dir='ltr'>et</span> <span class='ocrx_word' id='word_1_164' title='bbox 729 1125 784 1160; x_wconf 89' lang='lat' dir='ltr'>homo</span> 
     </span>
     <span class='ocr_line' id='line_1_19' title="bbox 80 1177 784 1222; baseline 0.003 -11"><span class='ocrx_word' id='word_1_165' title='bbox 80 1177 159 1219; x_wconf 87' lang='lat' dir='ltr'>rediens,</span> <span class='ocrx_word' id='word_1_166' title='bbox 168 1177 247 1212; x_wconf 88' lang='lat' dir='ltr'>Ricardo</span> <span class='ocrx_word' id='word_1_167' title='bbox 258 1177 297 1222; x_wconf 88' lang='lat' dir='ltr'>regi</span> <span class='ocrx_word' id='word_1_168' title='bbox 307 1178 355 1221; x_wconf 93' lang='lat' dir='ltr'>quod</span> <span class='ocrx_word' id='word_1_169' title='bbox 367 1177 438 1212; x_wconf 88' lang='lat' dir='ltr'>uiderat</span> <span class='ocrx_word' id='word_1_170' title='bbox 449 1177 515 1218; x_wconf 91' lang='lat' dir='ltr'>retulit,</span> <span class='ocrx_word' id='word_1_171' title='bbox 524 1182 578 1221; x_wconf 90' lang='lat' dir='ltr'>caput</span> <span class='ocrx_word' id='word_1_172' title='bbox 589 1178 688 1212; x_wconf 87' lang='lat' dir='ltr'>ustulatum</span> <span class='ocrx_word' id='word_1_173' title='bbox 699 1179 784 1213; x_wconf 87' lang='lat' dir='ltr'>ostendit.</span> 
     </span>
     <span class='ocr_line' id='line_1_20' title="bbox 80 1229 784 1275; baseline 0.003 -11"><span class='ocrx_word' id='word_1_174' title='bbox 80 1231 133 1265; x_wconf 90' lang='lat' dir='ltr'>Vnde</span> <span class='ocrx_word' id='word_1_175' title='bbox 143 1242 177 1265; x_wconf 89' lang='lat' dir='ltr'>rex</span> <span class='ocrx_word' id='word_1_176' title='bbox 190 1231 214 1265; x_wconf 92' lang='lat' dir='ltr'>de</span> <span class='ocrx_word' id='word_1_177' title='bbox 229 1236 290 1265; x_wconf 90' lang='lat' dir='ltr'>cetero</span> <span class='ocrx_word' id='word_1_178' title='bbox 303 1230 370 1264; x_wconf 89' lang='lat' dir='ltr'>castius</span> <span class='ocrx_word' id='word_1_179' title='bbox 384 1229 435 1273; x_wconf 67' lang='lat' dir='ltr'>unit,</span> <span class='ocrx_word' id='word_1_180' title='bbox 448 1235 466 1264; x_wconf 92' lang='lat' dir='ltr'>et</span> <span class='ocrx_word' id='word_1_181' title='bbox 480 1231 590 1265; x_wconf 87' lang='lat' dir='ltr'>elemosinas</span> <span class='ocrx_word' id='word_1_182' title='bbox 602 1230 784 1275; x_wconf 67' lang='lat' dir='ltr'>erogauit-Huius</span> 
     </span>
     <span class='ocr_line' id='line_1_21' title="bbox 80 1282 783 1327; baseline 0.003 -11"><span class='ocrx_word' id='word_1_183' title='bbox 80 1283 129 1327; x_wconf 83' lang='lat' dir='ltr'>regis</span> <span class='ocrx_word' id='word_1_184' title='bbox 141 1283 220 1317; x_wconf 88' lang='lat' dir='ltr'>animam</span> <span class='ocrx_word' id='word_1_185' title='bbox 231 1283 299 1327; x_wconf 88' lang='lat' dir='ltr'>elapsis</span> <span class='ocrx_word' id='word_1_186' title='bbox 310 1293 347 1317; x_wconf 92' lang='lat' dir='ltr'>non</span> <span class='ocrx_word' id='word_1_187' title='bbox 361 1282 424 1327; x_wconf 84' lang='lat' dir='ltr'>paucis</span> <span class='ocrx_word' id='word_1_188' title='bbox 435 1288 477 1326; x_wconf 92' lang='lat' dir='ltr'>post</span> <span class='ocrx_word' id='word_1_189' title='bbox 489 1284 557 1317; x_wconf 89' lang='lat' dir='ltr'>obitum</span> <span class='ocrx_word' id='word_1_190' title='bbox 572 1283 612 1317; x_wconf 90' lang='lat' dir='ltr'>eius</span> <span class='ocrx_word' id='word_1_191' title='bbox 626 1283 680 1318; x_wconf 88' lang='lat' dir='ltr'>annis</span> <span class='ocrx_word' id='word_1_192' title='bbox 692 1294 783 1318; x_wconf 90' lang='lat' dir='ltr'>unacum</span> 
     </span>
     <span class='ocr_line' id='line_1_22' title="bbox 80 1334 813 1381; baseline 0.001 -11"><span class='ocrx_word' id='word_1_193' title='bbox 80 1336 141 1370; x_wconf 87' lang='lat' dir='ltr'>anima</span> <span class='ocrx_word' id='word_1_194' title='bbox 153 1335 242 1381; x_wconf 85' lang='lat' dir='ltr'>Stephani</span> <span class='ocrx_word' id='word_1_195' title='bbox 254 1334 386 1370; x_wconf 87' lang='lat' dir='ltr'>cantuariensis</span> <span class='ocrx_word' id='word_1_196' title='bbox 397 1335 530 1380; x_wconf 87' lang='lat' dir='ltr'>archiepiscopi</span> <span class='ocrx_word' id='word_1_197' title='bbox 540 1340 614 1370; x_wconf 88' lang='lat' dir='ltr'>sanctus</span> <span class='ocrx_word' id='word_1_198' title='bbox 624 1336 733 1370; x_wconf 91' lang='lat' dir='ltr'>Edmundus</span> <span class='ocrx_word' id='word_1_199' title='bbox 745 1336 784 1381; x_wconf 90' lang='lat' dir='ltr'>epi·</span> <span class='ocrx_word' id='word_1_200' title='bbox 793 1350 813 1371; x_wconf 65' lang='grc' dir='ltr'>πο</span> 
     </span>
     <span class='ocr_line' id='line_1_23' title="bbox 80 1389 784 1434; baseline 0 -10"><span class='ocrx_word' id='word_1_201' title='bbox 80 1401 147 1434; x_wconf 89' lang='lat' dir='ltr'>scopus</span> <span class='ocrx_word' id='word_1_202' title='bbox 158 1401 169 1424; x_wconf 92' lang='lat' dir='ltr'>a</span> <span class='ocrx_word' id='word_1_203' title='bbox 180 1390 233 1434; x_wconf 92' lang='lat' dir='ltr'>penis</span> <span class='ocrx_word' id='word_1_204' title='bbox 244 1389 344 1434; x_wconf 87' lang='lat' dir='ltr'>purgatorii</span> <span class='ocrx_word' id='word_1_205' title='bbox 355 1390 450 1424; x_wconf 85' lang='lat' dir='ltr'>liberatam</span> <span class='ocrx_word' id='word_1_206' title='bbox 462 1390 534 1424; x_wconf 85' lang='lat' dir='ltr'>celestis</span> <span class='ocrx_word' id='word_1_207' title='bbox 545 1389 597 1434; x_wconf 88' lang='lat' dir='ltr'>regni</span> <span class='ocrx_word' id='word_1_208' title='bbox 609 1390 675 1434; x_wconf 84' lang='lat' dir='ltr'>gaudia</span> <span class='ocrx_word' id='word_1_209' title='bbox 685 1395 784 1434; x_wconf 87' lang='lat' dir='ltr'>penetrare</span> 
     </span>
     <span class='ocr_line' id='line_1_24' title="bbox 81 1443 785 1489; baseline 0.001 -12"><span class='ocrx_word' id='word_1_210' title='bbox 81 1443 146 1488; x_wconf 86' lang='lat' dir='ltr'>[uidit].</span> <span class='ocrx_word' id='word_1_211' title='bbox 165 1444 270 1478; x_wconf 72' lang='lat' dir='ltr'>²Henricus</span> <span class='ocrx_word' id='word_1_212' title='bbox 286 1455 359 1488; x_wconf 90' lang='lat' dir='ltr'>quoque</span> <span class='ocrx_word' id='word_1_213' title='bbox 376 1443 461 1478; x_wconf 83' lang='lat' dir='ltr'>roffensis</span> <span class='ocrx_word' id='word_1_214' title='bbox 481 1443 579 1488; x_wconf 86' lang='lat' dir='ltr'>episcopus</span> <span class='ocrx_word' id='word_1_215' title='bbox 595 1454 700 1478; x_wconf 89' lang='lat' dir='ltr'>sermonem</span> <span class='ocrx_word' id='word_1_216' title='bbox 716 1444 785 1489; x_wconf 93' lang='lat' dir='ltr'>populo</span> 
     </span>
     <span class='ocr_line' id='line_1_25' title="bbox 79 1496 786 1541; baseline 0 -10"><span class='ocrx_word' id='word_1_217' title='bbox 79 1497 154 1539; x_wconf 83' lang='lat' dir='ltr'>taciens,</span> <span class='ocrx_word' id='word_1_218' title='bbox 162 1497 227 1531; x_wconf 87' lang='lat' dir='ltr'>eodem</span> <span class='ocrx_word' id='word_1_219' title='bbox 238 1507 286 1531; x_wconf 87' lang='lat' dir='ltr'>anno</span> <span class='ocrx_word' id='word_1_220' title='bbox 298 1507 334 1541; x_wconf 92' lang='lat' dir='ltr'>quo</span> <span class='ocrx_word' id='word_1_221' title='bbox 345 1496 415 1540; x_wconf 86' lang='lat' dir='ltr'>prelata</span> <span class='ocrx_word' id='word_1_222' title='bbox 426 1497 472 1530; x_wconf 84' lang='lat' dir='ltr'>facta</span> <span class='ocrx_word' id='word_1_223' title='bbox 484 1502 512 1531; x_wconf 92' lang='lat' dir='ltr'>est</span> <span class='ocrx_word' id='word_1_224' title='bbox 520 1496 572 1539; x_wconf 86' lang='lat' dir='ltr'>uisio,</span> <span class='ocrx_word' id='word_1_225' title='bbox 580 1496 649 1531; x_wconf 88' lang='lat' dir='ltr'>scilicet</span> <span class='ocrx_word' id='word_1_226' title='bbox 656 1507 705 1531; x_wconf 83' lang='lat' dir='ltr'>anno</span> <span class='ocrx_word' id='word_1_227' title='bbox 716 1497 786 1532; x_wconf 90' lang='lat' dir='ltr'>domini</span> 
     </span>
     <span class='ocr_line' id='line_1_26' title="bbox 80 1548 786 1594; baseline 0.001 -12"><span class='ocrx_word' id='word_1_228' title='bbox 80 1549 177 1583; x_wconf 90' lang='lat' dir='ltr'>millesimo</span> <span class='ocrx_word' id='word_1_229' title='bbox 185 1549 310 1583; x_wconf 87' lang='lat' dir='ltr'>ducentesimo</span> <span class='ocrx_word' id='word_1_230' title='bbox 321 1548 413 1583; x_wconf 92' lang='lat' dir='ltr'>tricesimo</span> <span class='ocrx_word' id='word_1_231' title='bbox 425 1551 511 1590; x_wconf 89' lang='lat' dir='ltr'>secundo,</span> <span class='ocrx_word' id='word_1_232' title='bbox 518 1555 560 1592; x_wconf 89' lang='lat' dir='ltr'>post</span> <span class='ocrx_word' id='word_1_233' title='bbox 569 1549 637 1583; x_wconf 91' lang='lat' dir='ltr'>obitum</span> <span class='ocrx_word' id='word_1_234' title='bbox 645 1550 728 1584; x_wconf 88' lang='lat' dir='ltr'>eiusdem</span> <span class='ocrx_word' id='word_1_235' title='bbox 736 1550 786 1594; x_wconf 80' lang='lat' dir='ltr'>regis</span> 
     </span>
     <span class='ocr_line' id='line_1_27' title="bbox 81 1601 813 1646; baseline -0.004 -9"><span class='ocrx_word' id='word_1_236' title='bbox 81 1613 129 1637; x_wconf 86' lang='lat' dir='ltr'>anno</span> <span class='ocrx_word' id='word_1_237' title='bbox 140 1601 232 1636; x_wconf 84' lang='lat' dir='ltr'>tricesimo</span> <span class='ocrx_word' id='word_1_238' title='bbox 246 1601 309 1643; x_wconf 88' lang='lat' dir='ltr'>tercio,</span> <span class='ocrx_word' id='word_1_239' title='bbox 320 1601 429 1636; x_wconf 84' lang='lat' dir='ltr'>fiducialiter</span> <span class='ocrx_word' id='word_1_240' title='bbox 443 1606 555 1646; x_wconf 86' lang='lat' dir='ltr'>protestatus</span> <span class='ocrx_word' id='word_1_241' title='bbox 566 1606 595 1636; x_wconf 89' lang='lat' dir='ltr'>est</span> <span class='ocrx_word' id='word_1_242' title='bbox 606 1601 681 1636; x_wconf 84' lang='lat' dir='ltr'>dicens:</span> <span class='ocrx_word' id='word_1_243' title='bbox 693 1601 786 1636; x_wconf 84' lang='lat' dir='ltr'>‘Gaudete</span> <span class='ocrx_word' id='word_1_244' title='bbox 794 1613 813 1643; x_wconf 81' lang='lat'>²5</span> 
     </span>
     <span class='ocr_line' id='line_1_28' title="bbox 81 1654 787 1699; baseline 0.001 -11"><span class='ocrx_word' id='word_1_245' title='bbox 81 1664 146 1689; x_wconf 90' lang='lat' dir='ltr'>omnes</span> <span class='ocrx_word' id='word_1_246' title='bbox 162 1654 181 1688; x_wconf 95' lang='lat' dir='ltr'>in</span> <span class='ocrx_word' id='word_1_247' title='bbox 193 1654 267 1689; x_wconf 90' lang='lat' dir='ltr'>domino</span> <span class='ocrx_word' id='word_1_248' title='bbox 277 1654 348 1697; x_wconf 85' lang='lat' dir='ltr'>iratres,</span> <span class='ocrx_word' id='word_1_249' title='bbox 363 1654 443 1689; x_wconf 88' lang='lat' dir='ltr'>scientes</span> <span class='ocrx_word' id='word_1_250' title='bbox 458 1655 507 1699; x_wconf 91' lang='lat' dir='ltr'>quod</span> <span class='ocrx_word' id='word_1_251' title='bbox 522 1664 560 1689; x_wconf 92' lang='lat' dir='ltr'>uno</span> <span class='ocrx_word' id='word_1_252' title='bbox 571 1655 674 1699; x_wconf 91' lang='lat' dir='ltr'>eodemque</span> <span class='ocrx_word' id='word_1_253' title='bbox 685 1656 715 1689; x_wconf 87' lang='lat' dir='ltr'>die</span> <span class='ocrx_word' id='word_1_254' title='bbox 726 1665 787 1699; x_wconf 88' lang='lat' dir='ltr'>nuper</span> 
     </span>
     <span class='ocr_line' id='line_1_29' title="bbox 82 1707 786 1752; baseline 0.001 -10"><span class='ocrx_word' id='word_1_255' title='bbox 82 1707 166 1742; x_wconf 83' lang='lat' dir='ltr'>exierunt</span> <span class='ocrx_word' id='word_1_256' title='bbox 178 1708 201 1742; x_wconf 93' lang='lat' dir='ltr'>de</span> <span class='ocrx_word' id='word_1_257' title='bbox 216 1707 321 1752; x_wconf 85' lang='lat' dir='ltr'>purgatorio</span> <span class='ocrx_word' id='word_1_258' title='bbox 334 1718 368 1742; x_wconf 84' lang='lat' dir='ltr'>rex</span> <span class='ocrx_word' id='word_1_259' title='bbox 381 1708 474 1752; x_wconf 90' lang='lat' dir='ltr'>quondam</span> <span class='ocrx_word' id='word_1_260' title='bbox 486 1707 590 1752; x_wconf 88' lang='lat' dir='ltr'>Anglorum</span> <span class='ocrx_word' id='word_1_261' title='bbox 604 1707 701 1751; x_wconf 88' lang='lat' dir='ltr'>Ricardus,</span> <span class='ocrx_word' id='word_1_262' title='bbox 713 1713 731 1743; x_wconf 92' lang='lat' dir='ltr'>et</span> <span class='ocrx_word' id='word_1_263' title='bbox 743 1707 786 1743; x_wconf 88' lang='lat' dir='ltr'>Ste-</span> 
     </span>
     <span class='ocr_line' id='line_1_30' title="bbox 80 1760 785 1806; baseline 0.001 -12"><span class='ocrx_word' id='word_1_264' title='bbox 80 1760 153 1805; x_wconf 88' lang='lat' dir='ltr'>phanus</span> <span class='ocrx_word' id='word_1_265' title='bbox 169 1760 301 1796; x_wconf 87' lang='lat' dir='ltr'>cantuariensis</span> <span class='ocrx_word' id='word_1_266' title='bbox 315 1760 469 1806; x_wconf 87' lang='lat' dir='ltr'>archiepiscopus,</span> <span class='ocrx_word' id='word_1_267' title='bbox 483 1771 525 1796; x_wconf 92' lang='lat' dir='ltr'>cum</span> <span class='ocrx_word' id='word_1_268' title='bbox 542 1771 579 1796; x_wconf 91' lang='lat' dir='ltr'>uno</span> <span class='ocrx_word' id='word_1_269' title='bbox 593 1760 688 1806; x_wconf 85' lang='lat' dir='ltr'>capellano</span> <span class='ocrx_word' id='word_1_270' title='bbox 702 1760 785 1796; x_wconf 90' lang='lat' dir='ltr'>eiusdem</span> 
     </span>
     <span class='ocr_line' id='line_1_31' title="bbox 81 1814 786 1859; baseline 0 -11"><span class='ocrx_word' id='word_1_271' title='bbox 81 1814 217 1859; x_wconf 88' lang='lat' dir='ltr'>archiepiscopi,</span> <span class='ocrx_word' id='word_1_272' title='bbox 226 1815 249 1848; x_wconf 90' lang='lat' dir='ltr'>ad</span> <span class='ocrx_word' id='word_1_273' title='bbox 257 1820 375 1859; x_wconf 90' lang='lat' dir='ltr'>conspectum</span> <span class='ocrx_word' id='word_1_274' title='bbox 387 1814 450 1848; x_wconf 89' lang='lat' dir='ltr'>diuine</span> <span class='ocrx_word' id='word_1_275' title='bbox 461 1814 561 1849; x_wconf 88' lang='lat' dir='ltr'>maiestatis</span> <span class='ocrx_word' id='word_1_276' title='bbox 569 1814 669 1859; x_wconf 73' lang='lat' dir='ltr'>migraturi,</span> <span class='ocrx_word' id='word_1_277' title='bbox 692 1815 716 1848; x_wconf 91' lang='lat' dir='ltr'>Et</span> <span class='ocrx_word' id='word_1_278' title='bbox 724 1814 743 1848; x_wconf 96' lang='lat' dir='ltr'>in</span> <span class='ocrx_word' id='word_1_279' title='bbox 755 1814 786 1849; x_wconf 86' lang='lat' dir='ltr'>illa</span> 
     </span>
     <span class='ocr_line' id='line_1_32' title="bbox 81 1867 814 1912; baseline 0.003 -12"><span class='ocrx_word' id='word_1_280' title='bbox 81 1867 111 1901; x_wconf 90' lang='lat' dir='ltr'>die</span> <span class='ocrx_word' id='word_1_281' title='bbox 122 1878 159 1901; x_wconf 90' lang='lat' dir='ltr'>non</span> <span class='ocrx_word' id='word_1_282' title='bbox 167 1867 203 1900; x_wconf 90' lang='lat' dir='ltr'>nisi</span> <span class='ocrx_word' id='word_1_283' title='bbox 213 1867 239 1900; x_wconf 91' lang='lat' dir='ltr'>illi</span> <span class='ocrx_word' id='word_1_284' title='bbox 249 1872 287 1901; x_wconf 89' lang='lat' dir='ltr'>tres</span> <span class='ocrx_word' id='word_1_285' title='bbox 297 1868 321 1901; x_wconf 90' lang='lat' dir='ltr'>de</span> <span class='ocrx_word' id='word_1_286' title='bbox 331 1868 376 1901; x_wconf 90' lang='lat' dir='ltr'>locis</span> <span class='ocrx_word' id='word_1_287' title='bbox 383 1868 480 1911; x_wconf 91' lang='lat' dir='ltr'>penalibus</span> <span class='ocrx_word' id='word_1_288' title='bbox 488 1868 579 1901; x_wconf 82' lang='lat' dir='ltr'>exierunt.</span> <span class='ocrx_word' id='word_1_289' title='bbox 603 1867 650 1909; x_wconf 88' lang='lat' dir='ltr'>Hoc,</span> <span class='ocrx_word' id='word_1_290' title='bbox 658 1868 722 1910; x_wconf 89' lang='lat' dir='ltr'>inquit,</span> <span class='ocrx_word' id='word_1_291' title='bbox 730 1867 785 1901; x_wconf 87' lang='lat' dir='ltr'>michi</span> <span class='ocrx_word' id='word_1_292' title='bbox 793 1882 814 1912; x_wconf 75' lang='lat'>3⁰</span> 
     </span>
     <span class='ocr_line' id='line_1_33' title="bbox 81 1919 785 1962; baseline 0 -9"><span class='ocrx_word' id='word_1_293' title='bbox 81 1925 100 1954; x_wconf 91' lang='lat' dir='ltr'>et</span> <span class='ocrx_word' id='word_1_294' title='bbox 107 1920 178 1953; x_wconf 88' lang='lat' dir='ltr'>cuidam</span> <span class='ocrx_word' id='word_1_295' title='bbox 190 1920 220 1953; x_wconf 92' lang='lat' dir='ltr'>alii</span> <span class='ocrx_word' id='word_1_296' title='bbox 231 1919 287 1953; x_wconf 88' lang='lat' dir='ltr'>tercia</span> <span class='ocrx_word' id='word_1_297' title='bbox 297 1919 333 1953; x_wconf 88' lang='lat' dir='ltr'>iam</span> <span class='ocrx_word' id='word_1_298' title='bbox 345 1920 385 1953; x_wconf 86' lang='lat' dir='ltr'>uice</span> <span class='ocrx_word' id='word_1_299' title='bbox 396 1930 431 1962; x_wconf 87' lang='lat' dir='ltr'>per</span> <span class='ocrx_word' id='word_1_300' title='bbox 437 1919 527 1952; x_wconf 90' lang='lat' dir='ltr'>uisionem</span> <span class='ocrx_word' id='word_1_301' title='bbox 540 1919 640 1953; x_wconf 89' lang='lat' dir='ltr'>reuelatum</span> <span class='ocrx_word' id='word_1_302' title='bbox 652 1924 686 1959; x_wconf 88' lang='lat' dir='ltr'>est,</span> <span class='ocrx_word' id='word_1_303' title='bbox 694 1919 719 1952; x_wconf 85' lang='lat' dir='ltr'>ita</span> <span class='ocrx_word' id='word_1_304' title='bbox 726 1920 785 1953; x_wconf 90' lang='lat' dir='ltr'>mani·</span> 
     </span>
     <span class='ocr_line' id='line_1_34' title="bbox 81 1971 786 2017; baseline 0 -10"><span class='ocrx_word' id='word_1_305' title='bbox 81 1973 134 2014; x_wconf 82' lang='lat' dir='ltr'>feste,</span> <span class='ocrx_word' id='word_1_306' title='bbox 146 1973 194 2017; x_wconf 91' lang='lat' dir='ltr'>quod</span> <span class='ocrx_word' id='word_1_307' title='bbox 205 1973 228 2007; x_wconf 90' lang='lat' dir='ltr'>ab</span> <span class='ocrx_word' id='word_1_308' title='bbox 243 1971 305 2006; x_wconf 88' lang='lat' dir='ltr'>animo</span> <span class='ocrx_word' id='word_1_309' title='bbox 320 1983 361 2007; x_wconf 86' lang='lat' dir='ltr'>meo</span> <span class='ocrx_word' id='word_1_310' title='bbox 377 1972 437 2007; x_wconf 91' lang='lat' dir='ltr'>omnis</span> <span class='ocrx_word' id='word_1_311' title='bbox 450 1971 571 2007; x_wconf 88' lang='lat' dir='ltr'>dubitacionis</span> <span class='ocrx_word' id='word_1_312' title='bbox 587 1971 696 2016; x_wconf 85' lang='lat' dir='ltr'>ambiguitas</span> <span class='ocrx_word' id='word_1_313' title='bbox 711 1971 786 2017; x_wconf 89' lang='lat' dir='ltr'>penitus</span> 
     </span>
     <span class='ocr_line' id='line_1_35' title="bbox 81 2025 215 2067; baseline -0.015 -8"><span class='ocrx_word' id='word_1_314' title='bbox 81 2025 215 2067; x_wconf 80' lang='lat' dir='ltr'>remouetur.’]³</span> 
     </span>
    </p>
   </div>
   <div class='ocr_carea' id='block_1_4' title="bbox 82 2130 786 2243">
    <p class='ocr_par' dir='ltr' id='par_1_4' title="bbox 82 2130 786 2243">
     <span class='ocr_line' id='line_1_36' title="bbox 101 2130 786 2171; baseline -0.001 -10"><span class='ocrx_word' id='word_1_315' title='bbox 101 2130 107 2150; x_wconf 89' lang='lat'>¹</span> <span class='ocrx_word' id='word_1_316' title='bbox 116 2131 140 2161; x_wconf 79' lang='lat' dir='ltr'>Ex</span> <span class='ocrx_word' id='word_1_317' title='bbox 148 2132 206 2162; x_wconf 90' lang='lat' dir='ltr'>Chron.</span> <span class='ocrx_word' id='word_1_318' title='bbox 214 2131 291 2162; x_wconf 88' lang='lat' dir='ltr'>Bromton</span> <span class='ocrx_word' id='word_1_319' title='bbox 298 2131 344 2170; x_wconf 88' lang='lat' dir='ltr'>(Dec.</span> <span class='ocrx_word' id='word_1_320' title='bbox 352 2130 386 2161; x_wconf 86' lang='lat' dir='ltr'>Ser.</span> <span class='ocrx_word' id='word_1_321' title='bbox 393 2140 409 2169; x_wconf 65' lang='lat' dir='ltr'>p.</span> <span class='ocrx_word' id='word_1_322' title='bbox 417 2130 469 2171; x_wconf 83' lang='lat'>1162).</span> <span class='ocrx_word' id='word_1_323' title='bbox 549 2130 555 2148; x_wconf 81' lang='lat'>²</span> <span class='ocrx_word' id='word_1_324' title='bbox 566 2131 590 2161; x_wconf 77' lang='lat' dir='ltr'>Cf.</span> <span class='ocrx_word' id='word_1_325' title='bbox 598 2130 653 2169; x_wconf 84' lang='lat' dir='ltr'>Roger</span> <span class='ocrx_word' id='word_1_326' title='bbox 660 2130 786 2167; x_wconf 82' lang='lat' dir='ltr'>dechdover,</span> 
     </span>
     <span class='ocr_line' id='line_1_37' title="bbox 82 2181 237 2243; baseline 0 -2"><span class='ocrx_word' id='word_1_327' title='bbox 82 2182 96 2203; x_wconf 38' lang='grc' dir='ltr'>Β.</span> <span class='ocrx_word' id='word_1_328' title='bbox 102 2181 178 2242; x_wconf 51' lang='grc' dir='ltr'>ξῗείῐεεῐ</span> <span class='ocrx_word' id='word_1_329' title='bbox 185 2212 202 2241; x_wconf 95' lang='lat' dir='ltr'>in</span> <span class='ocrx_word' id='word_1_330' title='bbox 209 2212 226 2243; x_wconf 93' lang='lat' dir='ltr'>T.</span> <span class='ocrx_word' id='word_1_331' title='bbox 233 2221 237 2242; x_wconf 75' lang='lat' dir='ltr'>z</span> 
     </span>
    </p>
   </div>
   <div class='ocr_carea' id='block_1_5' title="bbox 82 2253 787 2458">
    <p class='ocr_par' dir='ltr' id='par_1_5' title="bbox 83 2253 786 2336">
     <span class='ocr_line' id='line_1_38' title="bbox 103 2253 786 2298; baseline -0.006 -8"><span class='ocrx_word' id='word_1_332' title='bbox 103 2253 226 2298; x_wconf 84' lang='lat' dir='ltr'>OCuthburga,</span> <span class='ocrx_word' id='word_1_333' title='bbox 236 2263 264 2289; x_wconf 90' lang='lat' dir='ltr'>tuo</span> <span class='ocrx_word' id='word_1_334' title='bbox 274 2258 341 2297; x_wconf 88' lang='lat' dir='ltr'>presidio</span> <span class='ocrx_word' id='word_1_335' title='bbox 352 2259 388 2288; x_wconf 83' lang='lat' dir='ltr'>iuua</span> <span class='ocrx_word' id='word_1_336' title='bbox 397 2262 424 2288; x_wconf 91' lang='lat' dir='ltr'>tuo</span> <span class='ocrx_word' id='word_1_337' title='bbox 435 2267 494 2296; x_wconf 90' lang='lat' dir='ltr'>pronos</span> <span class='ocrx_word' id='word_1_338' title='bbox 502 2258 588 2295; x_wconf 80' lang='lat' dir='ltr'>obsequio:</span> <span class='ocrx_word' id='word_1_339' title='bbox 599 2257 624 2287; x_wconf 88' lang='lat' dir='ltr'>Ab</span> <span class='ocrx_word' id='word_1_340' title='bbox 631 2257 689 2287; x_wconf 88' lang='lat' dir='ltr'>erroris</span> <span class='ocrx_word' id='word_1_341' title='bbox 700 2266 730 2286; x_wconf 89' lang='lat' dir='ltr'>nos</span> <span class='ocrx_word' id='word_1_342' title='bbox 741 2257 786 2286; x_wconf 87' lang='lat' dir='ltr'>trahe</span> 
     </span>
     <span class='ocr_line' id='line_1_39' title="bbox 83 2298 560 2336; baseline -0.006 -6"><span class='ocrx_word' id='word_1_343' title='bbox 83 2300 136 2336; x_wconf 87' lang='lat' dir='ltr'>deuio,</span> <span class='ocrx_word' id='word_1_344' title='bbox 144 2304 160 2330; x_wconf 86' lang='lat' dir='ltr'>et</span> <span class='ocrx_word' id='word_1_345' title='bbox 166 2300 183 2329; x_wconf 96' lang='lat' dir='ltr'>in</span> <span class='ocrx_word' id='word_1_346' title='bbox 190 2300 219 2329; x_wconf 87' lang='lat' dir='ltr'>celi</span> <span class='ocrx_word' id='word_1_347' title='bbox 226 2299 261 2329; x_wconf 90' lang='lat' dir='ltr'>loca</span> <span class='ocrx_word' id='word_1_348' title='bbox 267 2298 332 2336; x_wconf 86' lang='lat' dir='ltr'>palacio.</span> <span class='ocrx_word' id='word_1_349' title='bbox 351 2298 371 2328; x_wconf 90' lang='lat' dir='ltr'>V.</span> <span class='ocrx_word' id='word_1_350' title='bbox 383 2298 415 2328; x_wconf 87' lang='lat' dir='ltr'>Ora</span> <span class='ocrx_word' id='word_1_351' title='bbox 423 2307 451 2336; x_wconf 90' lang='lat' dir='ltr'>pro</span> <span class='ocrx_word' id='word_1_352' title='bbox 459 2298 504 2329; x_wconf 89' lang='lat' dir='ltr'>nobis</span> <span class='ocrx_word' id='word_1_353' title='bbox 510 2298 560 2328; x_wconf 80' lang='lat' dir='ltr'>beata.</span> 
     </span>
    </p>

    <p class='ocr_par' dir='ltr' id='par_1_6' title="bbox 82 2335 787 2458">
     <span class='ocr_line' id='line_1_40' title="bbox 104 2335 787 2377; baseline -0.007 -7"><span class='ocrx_word' id='word_1_354' title='bbox 104 2335 151 2371; x_wconf 82' lang='lat' dir='ltr'>Deus</span> <span class='ocrx_word' id='word_1_355' title='bbox 158 2340 184 2377; x_wconf 88' lang='lat' dir='ltr'>qui</span> <span class='ocrx_word' id='word_1_356' title='bbox 195 2339 253 2369; x_wconf 86' lang='lat' dir='ltr'>eximie</span> <span class='ocrx_word' id='word_1_357' title='bbox 260 2338 334 2369; x_wconf 85' lang='lat' dir='ltr'>castitatis</span> <span class='ocrx_word' id='word_1_358' title='bbox 343 2338 427 2376; x_wconf 75' lang='lat' dir='ltr'>priuilegio</span> <span class='ocrx_word' id='word_1_359' title='bbox 437 2338 510 2367; x_wconf 78' lang='lat' dir='ltr'>famulam</span> <span class='ocrx_word' id='word_1_360' title='bbox 517 2342 559 2367; x_wconf 85' lang='lat' dir='ltr'>tuam</span> <span class='ocrx_word' id='word_1_361' title='bbox 567 2336 672 2374; x_wconf 87' lang='lat' dir='ltr'>Cuthburgam</span> <span class='ocrx_word' id='word_1_362' title='bbox 680 2335 787 2373; x_wconf 87' lang='lat' dir='ltr'>multipliciter</span> 
     </span>
     <span class='ocr_line' id='line_1_41' title="bbox 82 2375 786 2415; baseline -0.006 -7"><span class='ocrx_word' id='word_1_363' title='bbox 82 2380 170 2410; x_wconf 82' lang='lat' dir='ltr'>decorasti:</span> <span class='ocrx_word' id='word_1_364' title='bbox 181 2380 201 2408; x_wconf 87' lang='lat' dir='ltr'>da</span> <span class='ocrx_word' id='word_1_365' title='bbox 210 2379 256 2409; x_wconf 93' lang='lat' dir='ltr'>nobis</span> <span class='ocrx_word' id='word_1_366' title='bbox 265 2378 325 2408; x_wconf 79' lang='lat' dir='ltr'>famulis</span> <span class='ocrx_word' id='word_1_367' title='bbox 335 2378 370 2415; x_wconf 89' lang='lat' dir='ltr'>tuis,</span> <span class='ocrx_word' id='word_1_368' title='bbox 379 2378 413 2407; x_wconf 89' lang='lat' dir='ltr'>eius</span> <span class='ocrx_word' id='word_1_369' title='bbox 423 2382 524 2415; x_wconf 82' lang='lat' dir='ltr'>promerente</span> <span class='ocrx_word' id='word_1_370' title='bbox 534 2376 654 2412; x_wconf 86' lang='lat' dir='ltr'>intercessione,</span> <span class='ocrx_word' id='word_1_371' title='bbox 661 2375 743 2413; x_wconf 89' lang='lat' dir='ltr'>utriusque</span> <span class='ocrx_word' id='word_1_372' title='bbox 753 2376 786 2405; x_wconf 87' lang='lat' dir='ltr'>uite</span> 
     </span>
     <span class='ocr_line' id='line_1_42' title="bbox 82 2415 787 2458; baseline -0.006 -8"><span class='ocrx_word' id='word_1_373' title='bbox 82 2420 212 2458; x_wconf 65' lang='lat' dir='ltr'>prosperitatem</span> <span class='ocrx_word' id='word_1_374' title='bbox 222 2423 239 2449; x_wconf 90' lang='lat' dir='ltr'>ut</span> <span class='ocrx_word' id='word_1_375' title='bbox 249 2419 290 2449; x_wconf 87' lang='lat' dir='ltr'>sicut</span> <span class='ocrx_word' id='word_1_376' title='bbox 299 2419 334 2448; x_wconf 87' lang='lat' dir='ltr'>eius</span> <span class='ocrx_word' id='word_1_377' title='bbox 344 2417 475 2447; x_wconf 75' lang='lat' dir='ltr'>commemoratio</span> <span class='ocrx_word' id='word_1_378' title='bbox 484 2418 565 2447; x_wconf 88' lang='lat' dir='ltr'>nobiscum</span> <span class='ocrx_word' id='word_1_379' title='bbox 574 2416 626 2454; x_wconf 82' lang='lat' dir='ltr'>agitur</span> <span class='ocrx_word' id='word_1_380' title='bbox 636 2416 714 2454; x_wconf 81' lang='lat' dir='ltr'>interris,</span> <span class='ocrx_word' id='word_1_381' title='bbox 726 2415 748 2445; x_wconf 83' lang='lat' dir='ltr'>ita</span> <span class='ocrx_word' id='word_1_382' title='bbox 757 2424 787 2454; x_wconf 86' lang='lat' dir='ltr'>per</span> 
     </span>
    </p>
   </div>
   <div class='ocr_carea' id='block_1_6' title="bbox 83 2455 786 2539">
    <p class='ocr_par' dir='ltr' id='par_1_7' title="bbox 83 2455 786 2539">
     <span class='ocr_line' id='line_1_43' title="bbox 83 2455 786 2539; baseline -0.004 -51"><span class='ocrx_word' id='word_1_383' title='bbox 83 2459 234 2539; x_wconf 58' lang='lat' dir='ltr'>{iussintqruentum</span> <span class='ocrx_word' id='word_1_384' title='bbox 241 2459 292 2490; x_wconf 90' lang='lat' dir='ltr'>nostri</span> <span class='ocrx_word' id='word_1_385' title='bbox 300 2458 376 2488; x_wconf 84' lang='lat' dir='ltr'>memoria</span> <span class='ocrx_word' id='word_1_386' title='bbox 385 2458 427 2496; x_wconf 88' lang='lat' dir='ltr'>apud</span> <span class='ocrx_word' id='word_1_387' title='bbox 436 2462 452 2487; x_wconf 89' lang='lat' dir='ltr'>te</span> <span class='ocrx_word' id='word_1_388' title='bbox 461 2466 525 2497; x_wconf 87' lang='lat' dir='ltr'>semper</span> <span class='ocrx_word' id='word_1_389' title='bbox 533 2457 609 2487; x_wconf 84' lang='lat' dir='ltr'>habeatur</span> <span class='ocrx_word' id='word_1_390' title='bbox 620 2456 637 2485; x_wconf 95' lang='lat' dir='ltr'>in</span> <span class='ocrx_word' id='word_1_391' title='bbox 646 2455 690 2494; x_wconf 86' lang='lat' dir='ltr'>celis,</span> <span class='ocrx_word' id='word_1_392' title='bbox 698 2465 731 2494; x_wconf 89' lang='lat' dir='ltr'>per.</span> <span class='ocrx_word' id='word_1_393' title='bbox 754 2455 786 2492; x_wconf 64' lang='lat' dir='ltr'>(Cf.</span> 
     </span>
     <span class='ocr_line' id='line_1_44' title="bbox 98 2509 151 2529; baseline 0 0"><span class='ocrx_word' id='word_1_394' title='bbox 98 2509 109 2529; x_wconf 83' lang='lat' dir='ltr'>r.</span> <span class='ocrx_word' id='word_1_395' title='bbox 130 2509 151 2529; x_wconf 83' lang='lat' dir='ltr'>ar.</span> 
     </span>
    </p>
   </div>
   <div class='ocr_carea' id='block_1_7' title="bbox 0 0 893 2803">
    <p class='ocr_par' dir='ltr' id='par_1_8' title="bbox 0 0 893 2803">
     <span class='ocr_line' id='line_1_45' title="bbox 0 0 893 2803; baseline 0 0"><span class='ocrx_word' id='word_1_396' title='bbox 0 0 893 2803; x_wconf 95' lang='lat' dir='ltr'> </span> 
     </span>
    </p>
   </div>
  </div>
 </body>
</html>
