1762 2803
108 140 134 185 72
297 130 377 182 lautu
393 127 509 189 brutana
524 125 616 188 antiit.

106 249 212 294 parochiam
230 260 287 292 suam,
306 249 357 284 iuxta
374 249 464 284 Secanam
482 248 558 283 fluuium
575 248 668 292 paululum
683 246 807 291 requiescens,

107 303 195 348 angelicis
201 302 295 347 colloquiis
302 303 403 336 fruebatur:
416 302 456 343 Quo
464 302 483 335 in
489 302 529 335 loco
537 301 644 335 ecclesiam¹
652 306 670 334 et
677 299 808 334 zenodochium

107 366 209 401 pauperum
217 361 290 391 sanctus
298 356 375 390 antistes
383 355 488 391 construxit.
531 347 613 390 Sanctus
621 354 695 388 tandem
701 353 809 395 Audoenus,

107 421 149 443 cum
163 415 226 444 sancto
242 408 317 442 Sidonio
333 409 413 451 genere²
427 409 487 449 Scoto,
503 407 533 452 qui
548 406 679 441 monasterium
695 407 744 450 quod
760 417 808 440 nnnc

90 474 99 503 5
108 463 207 496 ‘Sanctum
220 461 324 494 Sidonium’
333 461 396 494 dicunt
407 460 515 502 construxit,
523 461 546 493 ad
554 460 616 493 limina
626 460 750 503 apostolorum
759 458 809 493 Petri

108 518 126 548 et
134 513 185 548 Pauli
195 513 273 547 Romam
284 512 377 556 profectus
387 518 421 547 est.
445 512 567 547 Prosterneus
577 516 638 546 autem
650 522 670 546 se
682 511 759 556 singulis
771 521 809 546 me-

108 567 170 600 moriis
185 567 309 609 apostolorum
325 571 343 600 et
358 571 466 610 martyrum,
478 571 521 600 vota
535 565 674 609 supplicationis
687 570 725 599 tam
739 574 773 608 pro
789 575 809 599 se

107 629 162 663 quam
176 628 209 662 pro
223 628 268 661 pace
281 617 337 652 totius
351 617 428 652 ecclesie
443 617 531 652 catholice
544 617 614 658 obtulit,
628 617 732 660 lachrymas
747 622 809 651 tamen

107 671 166 716 magis
174 681 229 715 quam
236 671 293 706 verba
303 670 354 706 fudit.
376 670 492 715 Vbicumque
503 676 606 715 prostratus
615 670 634 704 in
645 669 727 705 oratione
735 669 810 712 iacebat,

80 738 99 759 ro
107 725 183 759 flumina
195 724 329 769 lachrymarum
341 724 468 768 pauimentum
478 724 583 768 irrigabant.
606 724 689 768 Cumque
703 725 726 758 ad
739 724 810 758 confes-

107 777 178 812 sionem
191 777 239 812 beati
252 777 302 812 Petri
315 778 364 811 hunc
377 788 452 812 versum
465 777 565 821 inciperet:
584 777 706 811 ‘Exultabunt
718 777 777 811 sancti
791 777 810 811 in

107 831 175 873 gloria'
191 830 279 864 diuinitus
296 841 406 874 responsum
422 835 460 864 est:
481 829 607 864 ‘Letabuntur
621 830 640 864 in
657 829 745 864 cubilibus
761 830 810 865 suis!

109 877 186 918 interea
197 884 261 917 beatus
274 883 380 923 Audoenus,
392 888 432 916 orta
445 882 536 916 discordia
548 882 596 916 inter
609 888 684 926 gentem
698 883 811 916 Francorum

108 942 126 971 et
135 937 278 977 Austrasiorum,
286 935 381 970 Coloniam
390 935 442 979 pacis
451 946 506 970 causa
517 936 610 979 perrexit;
622 936 675 979 signo
685 935 743 970 crucis
753 946 811 979 quen-

82 1002 100 1032 15
109 991 152 1024 dam
165 994 236 1024 mutum
247 989 326 1032 signauit
338 994 357 1023 et
370 988 451 1032 linguam
463 994 554 1022 tacentem
565 987 614 1032 loqui
625 989 711 1022 continuo
724 989 777 1031 fecit:
793 994 811 1023 et

109 1043 213 1076 discordem
221 1042 309 1084 populum
316 1040 366 1074 initis
373 1041 424 1084 pacis
432 1040 525 1074 federibus
533 1040 659 1083 concordauit;
672 1045 689 1074 et
697 1040 716 1075 iu
725 1039 812 1075 Neustria

109 1094 215 1128 demonium
223 1093 297 1138 fugauit.
342 1086 404 1128 Cum³
411 1093 439 1127 vir
447 1093 476 1127 dei
485 1093 533 1127 diem
542 1093 601 1127 obitus
609 1094 637 1127 sui
645 1093 726 1127 febribus
733 1099 811 1128 vexatus

109 1147 206 1182 imminere
220 1147 339 1190 conspiceret,
352 1147 435 1180 hortatus
448 1153 477 1180 est
490 1158 553 1191 regem
565 1153 584 1180 vt
600 1148 684 1181 abbatem
697 1148 811 1182 ansbertum

109 1201 149 1235 eius
160 1202 227 1235 faceret
239 1211 376 1234 successorem:
393 1205 412 1233 et
425 1205 467 1243 post
481 1200 641 1243 quadragesimum
654 1200 728 1234 tertium
741 1200 812 1243 episco-

82 1266 101 1288 20
109 1258 163 1297 patus
171 1252 199 1288 sui
209 1263 284 1295 annum,
292 1264 340 1286 anno
351 1251 404 1287 etatis
415 1263 448 1287 sue
460 1252 585 1296 nonagesimo,
593 1257 612 1287 et
622 1264 670 1287 anno
681 1253 812 1288 incarnationis

109 1306 200 1340 dominice
212 1306 347 1340 sexcentesimo
359 1305 550 1349 septuagesimonono,
561 1306 595 1340 kal.
605 1306 715 1349 septembris
727 1305 812 1349 migrauit

109 1361 132 1393 ad
144 1358 248 1401 dominum;
260 1358 307 1392 etin
319 1358 397 1392 ecclesia
406 1357 455 1392 beati
464 1358 514 1392 Petri
524 1358 603 1400 apostoli
614 1358 735 1402 Rothomago,
743 1358 762 1391 in
773 1359 812 1391 loco

109 1422 164 1456 quem
174 1410 240 1446 viuens
252 1415 388 1455 preparauerat,
398 1410 491 1455 sepelitur,
537 1403 583 1445 Post
594 1410 707 1446 tricesimum
718 1412 812 1455 sepulture

110 1473 143 1497 sue
157 1473 225 1496 annum
239 1462 279 1495 eius
293 1473 359 1505 corpus
371 1461 463 1504 integrum
478 1466 496 1495 et
511 1463 580 1505 absque
593 1462 714 1505 corruptionis
728 1462 812 1496 molestia

83 1530 101 1560 25
110 1515 199 1550 illibatum
213 1519 307 1558 repertum
322 1515 406 1549 est—⁴
413 1507 470 1549 Circa
484 1525 553 1549 annum
568 1514 638 1549 domini
652 1515 813 1558 nongentesimum

110 1567 363 1611 quinquagesimumsextum,
371 1572 454 1609 ternpore
462 1566 511 1608 regis
519 1566 592 1609 Edgari,
600 1572 691 1600 venerunt
699 1567 718 1600 in
726 1567 813 1610 Angliam

111 1619 173 1654 clerici
181 1624 263 1662 quatuor,
271 1624 289 1653 et
300 1619 356 1662 regali
366 1619 416 1653 curie
427 1630 447 1653 se
458 1623 592 1662 presentantes,
600 1620 623 1653 ad
635 1625 753 1663 conspectum
764 1620 813 1665 regis

111 1678 129 1707 et
142 1672 252 1716 colloquium
262 1672 335 1706 adducti
345 1677 393 1706 sunt.
417 1672 452 1714 Qui
463 1683 504 1706 curn
515 1678 588 1716 tempus
598 1679 708 1717 oportunum
718 1685 739 1708 se
749 1680 813 1708 nactos

111 1726 243 1767 existimarent,
256 1726 305 1768 quod
318 1725 337 1758 in
351 1736 429 1768 regnum
441 1725 481 1760 eius
493 1726 579 1769 reliquias
592 1726 650 1760 sancti
665 1727 751 1760 Audoeni
766 1732 813 1761 attu-

84 1793 103 1820 30
111 1780 176 1821 lerant,
188 1778 272 1811 familiari
283 1777 338 1811 affatu
350 1778 425 1811 auribus
436 1778 485 1822 regis
498 1778 604 1813 intulerunt,
627 1780 695 1813 Audito
708 1785 769 1814 autem
779 1791 813 1814 rex

111 1831 186 1866 nomine
199 1831 257 1865 sancti
270 1830 361 1872 Audoeni,
375 1831 474 1875 obstupuit,
486 1842 521 1865 nec
536 1842 556 1866 se
572 1832 606 1866 hoc
620 1833 696 1866 credere
711 1844 766 1876 posse
777 1833 814 1868 vlla

111 1885 181 1919 ratione
190 1883 290 1926 respondit.
313 1883 373 1917 Atilii
383 1883 439 1917 nichil
446 1884 509 1918 verius
519 1894 562 1919 esse
573 1890 684 1925 asserentes,
693 1885 813 1919 addiderunt:

111 1937 181 1972 ‘Proba
188 1935 309 1980 qualicunque
317 1937 372 1970 modo
381 1936 439 1980 magis
450 1936 482 1970 tibi
491 1936 586 1980 placuerit,
594 1938 636 1981 igne
647 1949 681 1972 seu
691 1939 815 1983 quorumlibet

111 1989 240 2023 miraculorum
255 1990 398 2032 experimentis:
417 1996 435 2023 et
449 1990 464 2023 si
480 2001 547 2033 corpus
562 1991 628 2034 prefati
641 1991 704 2034 patris,
717 1991 814 2025 silentibus

83 2054 102 2084 35
111 2041 208 2082 miraculis,
220 2051 257 2075 non
273 2051 315 2075 esse
330 2041 436 2084 constiterit,
447 2053 481 2076 nos
497 2042 543 2076 tanti
556 2043 647 2077 mendacii
662 2054 709 2085 reos,
721 2044 767 2088 lege,
779 2055 815 2088 qua

111 2095 179 2129 iustum
190 2094 249 2136 fuerit,
260 2094 335 2137 punitos
346 2105 356 2127 a
366 2100 398 2127 tuo
409 2095 541 2129 exterminabis
551 2097 619 2139 regno!
642 2096 666 2130 Et
674 2097 698 2130 ait
706 2108 750 2132 rex:
763 2097 814 2131 ‘Hoc

111 2148 161 2182 enim
171 2158 209 2181 non
221 2147 303 2188 seculari,
314 2147 347 2181 sed
359 2147 444 2181 examine
454 2149 509 2182 debet
520 2149 644 2183 ecclesiastico
653 2149 732 2184 diffiniri.
755 2149 814 2184 Susti-

112 2207 154 2234 nete
170 2210 213 2243 ergo
229 2201 287 2234 donec
303 2199 452 2243 archiepiscopus
466 2201 533 2242 veniat,
547 2213 583 2245 que
598 2202 658 2236 dicitis
673 2203 740 2243 audiat,
754 2203 815 2237 audita

112 2253 210 2295 examinet,
226 2252 318 2294 diiudicet,
331 2257 349 2286 et
365 2253 408 2297 quid
422 2253 440 2287 in
454 2259 505 2288 tanta
518 2265 538 2288 re
552 2254 576 2288 sit
589 2255 690 2289 tenendum
703 2257 815 2291 sententiam

84 2318 104 2348 40
112 2305 169 2339 ferat?
193 2305 239 2339 Cum
247 2310 307 2339 autem
316 2305 464 2350 archiepiscopus
472 2313 547 2340 sanctus
556 2307 596 2341 Odo
604 2307 716 2349 aduenisset,
725 2313 743 2342 et
754 2309 815 2343 clerici

113 2357 219 2401 interrogati
231 2357 250 2391 in
261 2368 295 2391 suo
306 2358 400 2402 proposito
411 2366 563 2404 perseuerassent
575 2365 594 2395 et
605 2360 740 2396 examinatione
753 2367 815 2397 osten-

113 2411 170 2445 sionis
182 2411 243 2445 diuine
256 2422 297 2445 rem
308 2412 419 2455 inuestigare
430 2413 502 2457 magnis
513 2413 600 2457 precibus
613 2420 726 2456 exorassent,
739 2415 763 2449 ait
777 2415 815 2460 epi-

114 2474 180 2507 scopus
188 2476 191 2497 :
204 2464 320 2498 ‘Adducatur
327 2466 411 2508 leprosus
419 2466 489 2510 aliquis,
495 2472 514 2500 vt
520 2478 544 2501 ex
550 2472 618 2501 euentu
626 2466 675 2500 illius
683 2478 815 2511 cognoscamus

133 2532 245 2563 ¹E.ecclesia
306 2532 400 2572 ²E,gente.
460 2535 550 2566 tamne.
610 2534 672 2566 ⁴From
680 2536 816 2569 hereed.inAct.

113 2572 143 2602 SS.
151 2572 191 2601 Boll.
198 2573 239 2608 Aug.
246 2572 273 2601 lV,
280 2583 296 2610 p.
304 2574 338 2611 804.
