1762 2803
128 175 173 218 324
319 162 399 215 tuoto
414 160 531 223 illumne
547 161 639 223 linaiis.

127 282 174 326 viso,
182 293 241 328 nepos
249 282 323 328 quidam
336 283 397 328 regis¹
411 283 529 318 contristatus
539 283 598 326 valde,
610 293 652 317 curn
665 280 715 316 omni
729 279 831 316 humilitate

128 338 199 381 rogauit
209 339 283 372 beatum
292 336 379 384 Piranum
386 341 406 372 vt
416 347 481 381 regem
492 347 503 371 a
513 337 590 372 mortuis
602 336 711 370 resuscitare
720 335 831 379 dignaretur.

128 389 170 432 Quo
181 396 250 431 orante,
259 401 292 423 rex
304 401 314 423 a
325 389 402 424 mortuis
414 400 520 434 resurgens,
528 389 627 434 prostrauit
638 401 659 423 se
669 390 692 423 ad
703 390 762 434 pedes
773 385 831 421 sancti

129 443 196 484 Pisani,
211 449 230 477 et
244 443 364 486 penitentiam
380 453 438 486 agens
452 442 503 477 dedit
514 443 531 477 ei
543 442 601 477 filium
617 452 677 476 suum.
721 434 831 484 ²Tempore

112 496 211 529 sautumni
225 500 299 530 sanctus
312 495 389 528 Piranus
402 494 515 528 lintheamen
526 504 583 528 vnum
595 494 684 538 expandit
695 504 753 537 super
764 494 831 526 rubum

129 549 221 591 quendam
241 557 303 581 moros
321 548 384 591 nigros
402 548 506 590 habentem,
520 552 538 580 ct
553 547 598 580 illud
616 546 640 580 ibi
658 545 736 589 reliquit,
752 544 831 589 preuidit

128 601 178 635 enim
193 601 212 635 in
228 600 293 645 spiritu
308 602 357 644 quod
373 601 430 635 rubus
445 600 475 635 ille
491 599 607 635 necessarius
622 604 673 635 esset
688 598 765 633 futurus.
788 597 832 632 Post

128 655 197 697 pascha
205 653 254 687 enim
262 653 312 688 venit
320 653 414 697 Cohingus
424 664 458 687 rex
468 654 491 687 ad
500 664 565 687 cenam
579 662 666 697 magnam
674 662 729 697 quam
737 651 772 686 sibi
779 662 832 696 para-

128 712 181 741 uerat
186 706 288 741 Concolor³
296 717 330 740 rex
335 708 353 741 in
360 706 428 740 finibus
434 706 510 741 Ossirie,
530 705 603 750 Regina
610 710 671 740 autem
677 705 754 749 Cohingi
761 705 833 739 amabat

102 766 121 786 10
129 770 193 802 regem
202 760 324 793 Concolorem
332 764 350 793 et
357 770 404 794 vxor
413 759 453 794 eius
464 759 506 793 fieri
513 759 592 793 volebat,
617 759 659 793 Rex
669 764 730 793 autem
738 757 832 801 Cohingus

129 822 188 846 senex
204 816 254 846 erat:
270 812 304 846 sed
315 811 407 845 Concolor
418 816 513 856 peccatum
528 811 642 845 committere
655 821 742 852 renuens,
753 810 833 844 uiuentis

129 865 179 909 regis
187 874 265 900 uxorem
277 866 361 909 accipere
372 865 503 898 detestabatur.
525 863 596 899 Videris
608 868 669 898 autem
681 862 745 907 regina
757 873 778 898 se
790 871 833 897 esse

130 922 260 962 contemptam,
272 918 320 951 inter
331 919 378 952 duos
389 929 444 961 reges
456 917 566 951 discordiam
578 918 666 951 suscitare
678 928 715 951 non
727 915 797 958 timuit;
812 925 833 950 se

129 970 184 1004 etiam
194 970 287 1004 infirmam
298 970 395 1004 simulauit.
419 969 453 1004 Cui
464 980 530 1004 omnes
540 970 638 1004 dixerunt:
650 970 709 1011 ‘Quid
717 970 745 1004 vis
752 974 772 1003 vt
780 970 833 1002 detur

103 1030 120 1059 15
129 1022 182 1056 tibi?’
205 1022 278 1066 Regina
292 1022 327 1056 ait:
346 1023 473 1057 ‘Desiderium
488 1033 550 1057 meum
565 1033 603 1057 non
619 1028 647 1057 est
662 1021 717 1056 huius
732 1021 832 1065 temporis:

129 1075 171 1109 volo
180 1084 241 1109 moros
250 1076 357 1108 comedere!
380 1074 457 1108 Timens
465 1080 526 1108 autern
535 1074 626 1109 Concolor
637 1085 671 1108 rex
681 1085 705 1108 ne
716 1074 780 1117 regina
790 1083 833 1108 eum

129 1128 152 1162 ad
165 1128 279 1173 peccandum
293 1127 380 1169 alliceret,
392 1138 402 1161 a
415 1133 479 1161 sancto
491 1127 558 1161 Pirano
570 1126 663 1161 humiliter
676 1126 763 1162 auxilium
775 1125 833 1170 petiit.

129 1181 181 1216 Tunc
190 1182 267 1216 Piranus
275 1181 324 1215 misit
332 1182 354 1215 ad
363 1181 429 1215 rubum
437 1180 564 1226 supradictum
572 1193 576 1216 ς
588 1186 607 1216 et
617 1180 704 1215 inuentus
714 1185 743 1215 est
750 1190 792 1214 cum
800 1189 833 1214 suo

129 1234 189 1269 fructu
198 1236 269 1280 plenus,
278 1239 296 1269 et
307 1235 420 1269 lintheamen
432 1245 488 1278 super
498 1246 519 1269 se
529 1235 600 1269 habens
611 1244 720 1279 expansum.
744 1233 768 1268 Et
779 1233 833 1268 allato

103 1297 122 1317 20
130 1287 189 1321 fructu
197 1287 261 1330 regina
268 1288 349 1328 satiatur,
357 1292 375 1321 et
383 1292 423 1321 erat
431 1288 484 1331 quasi
494 1287 531 1321 mel
541 1287 560 1321 in
569 1298 601 1321 ore
613 1287 755 1321 comedentium.
779 1286 833 1320 Facta

129 1345 190 1374 autem
200 1350 235 1384 per
243 1339 331 1373 Piranum
341 1339 389 1372 inter
399 1350 453 1383 reges
463 1350 514 1383 pace,
523 1341 587 1382 regina
598 1339 698 1383 prostrauit
710 1350 730 1373 se
741 1340 764 1373 ad
774 1340 833 1383 pedes

130 1392 163 1427 viri
171 1392 206 1427 dei.
229 1392 263 1426 Cui
270 1393 299 1426 vir
306 1398 381 1426 sanctus
392 1393 428 1427 ait:
441 1393 494 1425 ‘Non
506 1403 582 1436 possum
594 1397 612 1425 te
624 1403 635 1426 a
646 1396 705 1426 morte
716 1391 833 1435 iugulationis

130 1446 241 1480 defendere.¹
265 1445 288 1480 Et
303 1445 371 1479 sactum
385 1451 413 1479 est
425 1450 444 1479 vt
459 1445 500 1489 ipsa
512 1445 576 1489 regina
589 1450 655 1489 postea
668 1444 749 1489 iugulata
764 1444 797 1487 sit;
815 1449 833 1479 et

131 1498 220 1533 Concolor
232 1509 266 1532 rex
277 1498 341 1532 obtulit
353 1509 374 1532 se
382 1498 450 1532 Pisano
457 1509 499 1532 cum
510 1499 559 1532 omni
569 1503 660 1542 potestate
671 1509 704 1532 sua
714 1497 733 1531 in
744 1502 833 1532 eternum.

103 1563 121 1591 η
131 1544 183 1586 Cum
196 1551 278 1586 venisset
291 1550 391 1595 Loigaire⁴
402 1562 436 1585 rer
447 1561 489 1584 cum
505 1550 587 1585 exercitu
602 1561 635 1584 suo
650 1552 673 1585 ad
688 1550 756 1585 bellum
771 1556 834 1585 contra

130 1614 194 1648 regem
207 1602 337 1644 cassiliensem,
351 1604 429 1637 Piranus
443 1604 507 1637 exiens
517 1604 568 1637 venit
578 1609 598 1638 vt
609 1615 674 1647 pacem
690 1604 771 1638 mitteret
786 1604 834 1638 inter

130 1656 178 1691 illos.
201 1655 239 1691 Sed
247 1666 301 1699 reges
310 1655 397 1700 superbia
405 1655 463 1689 inflati
470 1666 536 1699 pacem
544 1656 628 1700 recipere
636 1660 750 1690 recusarunt.
773 1656 834 1691 Orans

131 1709 187 1754 igitur
197 1710 262 1744 beatus
272 1708 355 1750 Piranus,
367 1709 416 1753 quod
424 1710 447 1743 ab
455 1708 561 1744 hominibus
571 1708 647 1754 adipisci
657 1720 694 1743 non
703 1708 761 1754 potuit
773 1720 784 1744 a
798 1710 833 1744 deo

130 1762 243 1807 impetrauit.
261 1762 309 1795 Nam
317 1773 359 1796 cum
370 1762 434 1796 hostes
444 1762 486 1796 hinc
497 1767 516 1797 et
527 1762 570 1796 inde
580 1764 603 1797 ad
613 1763 683 1797 bellum
693 1762 833 1807 processissent,

102 1827 122 1855 30
130 1815 202 1848 subito³
209 1814 257 1848 inter
264 1814 306 1847 ilios
317 1814 363 1847 silua
371 1814 458 1848 radicitus
466 1820 574 1857 prostratur,
582 1820 600 1848 et
608 1815 699 1850 exercitus
706 1820 783 1859 vterque
794 1816 834 1850 sine

130 1866 217 1901 desiderii
229 1867 257 1900 sui
269 1865 335 1900 effectu
346 1866 370 1900 ab
381 1866 461 1901 inuicem
473 1867 569 1910 digressus
581 1871 614 1901 est.
638 1867 716 1901 Piranus
724 1878 769 1901 vero
781 1879 834 1901 exer-

129 1920 173 1954 citui
184 1920 233 1964 regis
245 1930 319 1954 vaccam
329 1930 385 1953 vnam
396 1926 415 1953 et
427 1919 525 1953 humerum
537 1919 575 1954 suis
586 1920 681 1954 cuiusdam
693 1920 754 1955 dedit:
767 1925 785 1954 et
796 1926 834 1956 toto

130 1973 211 2008 exercitu
219 1972 263 2007 inde
274 1978 354 2007 saturato
363 1973 461 2007 nonnullas
470 1972 557 2017 reliquias
565 1972 680 2008 dimiserunt.
724 1966 833 2008 Latrunculi

130 2028 204 2070 quidam
212 2027 235 2059 ad
243 2026 361 2070 spoliandum
367 2032 386 2060 et
393 2026 514 2070 iugulandum
522 2032 613 2061 excuntes
621 2027 664 2060 dum
672 2026 691 2060 in
700 2027 780 2071 quadam
788 2026 834 2062 silua

103 2092 122 2122 35
131 2090 152 2114 se
167 2079 283 2121 occultarent,
297 2079 396 2113 Louanus⁶
408 2079 482 2122 quidam
495 2079 561 2113 nobilis
576 2079 628 2113 irruit
643 2090 700 2123 super
715 2090 753 2114 eos.
777 2080 834 2114 Cuius

131 2131 196 2165 faciem
211 2131 238 2164 illi
252 2131 342 2171 uidentes,
356 2132 457 2165 timuerunt
472 2131 539 2165 timore
555 2143 627 2175 magno,
644 2137 662 2165 et
677 2133 798 2176 desperantes
814 2145 834 2168 se

131 2185 194 2218 viuere
204 2193 265 2226 posse,
273 2189 373 2217 orauerunt
380 2189 400 2217 vt
410 2184 456 2217 deus
468 2183 539 2217 meritis
551 2184 609 2218 sancti
618 2183 680 2218 Pirani
690 2185 785 2219 adiuuaret
797 2196 834 2220 eos.

132 2236 155 2270 Et
162 2235 222 2270 subito
228 2240 266 2269 tota
273 2235 303 2270 illa
311 2236 357 2270 silua
363 2237 449 2270 intereos
456 2236 536 2271 flammis
544 2236 592 2281 ignis
598 2235 605 2255 ⁷
611 2237 736 2281 choruscante,
743 2237 834 2279 Louanus,

131 2292 194 2334 ignem
202 2288 319 2333 repentinum
328 2288 401 2331 timens,
409 2289 432 2324 ad
440 2299 473 2324 sua
482 2288 546 2324 rediit:
559 2295 577 2324 et
587 2290 668 2325 latrones
678 2291 704 2324 illi
714 2291 761 2325 salui
768 2291 834 2335 effecti,

100 2354 123 2383 qo
133 2343 156 2377 ad
169 2346 252 2376 sanctum
265 2342 351 2376 Piranum
363 2341 464 2384 venientes,
472 2353 531 2386 vsque
543 2343 566 2376 ad
578 2342 627 2376 diem
638 2343 702 2377 mortis
714 2354 800 2378 succum
812 2356 835 2379 eo

133 2399 283 2439 permanserunt.
335 2387 418 2428 Sanctus
429 2400 491 2427 autem
504 2395 580 2428 Piranus
592 2403 676 2430 sanctum
686 2397 784 2434 Patricium
796 2398 835 2441 epi-

131 2457 208 2492 scopum
220 2456 262 2482 cum
273 2447 338 2482 decem
350 2447 425 2491 regibus
437 2446 527 2481 Hibernie
539 2452 557 2481 et
568 2458 632 2482 eorum
643 2448 761 2492 exercitibus,
770 2449 835 2484 occisis

150 2531 156 2549 ¹
166 2541 187 2561 sc.
196 2530 212 2561 S.
220 2529 311 2567 Carthacus,
320 2529 336 2559 S.
344 2528 410 2559 Kierani
417 2528 493 2559 alumnus.
550 2529 556 2547 ²
566 2530 589 2559 Ci
597 2530 642 2568 Coig.
649 2540 683 2568 cap.
693 2541 716 2569 19.
773 2532 779 2549 ³
790 2532 834 2568 eotg.

131 2571 253 2609 Conehrydhius
260 2570 293 2600 dux
300 2570 370 2600 Ossoric.
444 2569 450 2586 ⁴
461 2569 505 2607 Colg.
514 2579 542 2601 rex
549 2570 640 2609 Themorie,
647 2580 693 2601 name
701 2581 731 2602 om.
799 2572 806 2591 ⁶
816 2571 833 2602 E.

130 2613 186 2643 subita.
232 2610 382 2649 ⁶Colg.Louanus.
432 2608 528 2648 ⁷E.signis.
