1762 2803
102 58 104 64 ’
133 81 161 124 70
202 138 204 144 y
254 75 255 78 ¹
291 81 293 84 ⁴
323 66 403 118 utute
418 62 535 125 tremus
551 62 643 125 unctis.

133 188 198 232 Dauid,
210 187 322 233 spiritualem
334 187 428 229 citharam,
442 186 580 221 consonantiam
592 196 644 219 sacre
656 184 751 229 scripture,
763 183 834 218 insanie

132 241 192 274 Saulis
206 239 367 282 temperantem,
386 239 470 271 manibus
493 239 604 280 acceptauit:
625 238 643 270 in
667 250 703 280 qua
725 237 834 271 sufficientia

132 293 214 328 armonie
233 292 353 327 deliramenta
367 302 436 326 vesane
451 290 519 325 inuidie
535 290 649 324 exheredare
667 290 760 325 didicerat.
783 288 834 332 Quis,

133 357 196 391 queso,
207 351 245 379 tam
256 346 311 379 dilate
322 344 440 388 benignitatis
452 342 572 377 constantiam
584 354 621 376 non
635 344 716 386 miretur,
728 343 772 378 dum
785 353 834 376 com-

115 413 123 441 5
133 399 224 444 plexionis
236 399 314 432 colerice
325 397 409 432 scintillis
419 397 480 431 eidem
488 397 531 431 vitio
539 398 645 430 naturaliter
654 397 759 440 dispositus,
770 402 834 430 nature

133 452 172 486 iura
187 451 325 492 transcendens,
338 450 444 494 perfusione
456 450 514 493 gratie
527 449 599 484 sideree
611 450 699 484 naturalis
711 448 835 493 dispositionis

133 515 216 540 errorem
224 503 321 538 eliminans
332 503 427 538 ruinosum
433 504 444 546 ²,
453 503 559 537 imitabilem
568 502 636 537 Christi
644 509 753 537 sectatorem
762 514 782 537 se
790 502 836 537 fide-

134 557 204 590 lissime
213 556 350 599 comprobauitt
396 550 455 599 igitur
466 556 598 598 scripturarum
609 561 680 589 amator
691 556 836 593 ardentissimus,

133 609 305 654 probatissimorum
320 610 415 643 doctorum
426 608 504 644 ecclesie
514 607 571 643 libros
582 608 663 643 studiose
675 608 758 654 perlegit,
766 614 784 642 et
794 618 836 652 per-

108 676 125 696 ro
134 663 212 708 legendo
227 662 334 696 retinendos
349 662 437 696 memorie
453 662 592 696 commendauit.
616 661 647 695 Sic
662 662 776 705 dispensauit
792 667 836 695 tem·

135 716 209 761 poralia,
219 716 268 759 quod
278 715 364 749 connubii
373 714 473 759 spiritualis
483 726 524 749 cum
534 715 607 748 Christo
616 715 688 748 vincula
700 725 736 747 non
748 713 837 748 dissoluit.

135 768 259 810 ociositatem,
275 768 399 812 cuiuscunque
413 768 450 803 vitii
466 768 561 809 nutricem,
576 768 674 811 diligenter
689 767 788 810 excutiens,
804 777 837 811 pro

135 823 219 856 instantis
227 822 265 856 vite
273 822 386 856 reuolutione
394 827 425 855 aut
434 821 507 854 Marthe
515 821 577 862 labori,
585 821 615 855 vel
627 820 685 854 Marie
695 820 758 864 gauiso
770 821 838 854 merori

136 872 301 917 contemplabiliter
319 873 420 908 desudauit.
468 867 577 908 Accedente
595 877 679 916 tempore
694 883 742 906 vnus
757 874 780 907 de
796 883 838 907 con·

111 926 222 968 15lratribus
237 938 248 960 a
262 927 342 969 quodam
360 931 462 960 mercatore
481 937 514 969 pro
532 936 569 959 non
586 925 657 960 modica
673 936 745 959 summa
761 925 839 969 pecunie

136 989 201 1023 capam
220 978 264 1013 emit
283 983 414 1022 sumptuosam,
429 979 460 1022 qui
479 983 544 1023 postea
561 978 661 1012 venerabili
680 984 791 1022 conquestus
810 984 838 1012 est

137 1032 193 1077 priori
208 1033 256 1076 quod
272 1037 362 1066 mercator
374 1031 410 1073 ille,
421 1031 483 1066 votiua
496 1031 582 1066 firmitate
593 1031 686 1073 dissoluta,
698 1032 838 1067 intollerabilem

137 1085 172 1121 sibi
191 1085 279 1118 offerebat
294 1085 384 1118 iniuriam.
413 1085 469 1118 Cuius
484 1086 634 1128 suspendendam
650 1085 754 1128 superbiam
770 1091 788 1119 et
803 1086 839 1118 ela-

137 1139 206 1172 tionem
215 1137 310 1180 piissimus
318 1143 382 1180 pastor
389 1137 464 1170 elimare
471 1137 477 1156 ³
483 1137 588 1180 disponens,
594 1137 713 1170 considerans
719 1137 787 1178 intime,
794 1137 840 1170 sicut

111 1207 129 1227 20
138 1189 202 1232 rubigo
210 1190 279 1223 ferrum
287 1190 375 1230 deuastat,
381 1189 431 1223 tinea
436 1194 508 1223 vestem
515 1189 594 1231 dilaniat,
600 1189 623 1222 sel
632 1189 683 1223 lactis
692 1189 808 1224 dulcedinem
814 1189 840 1222 in-

138 1243 197 1285 festat,
205 1252 297 1276 venenum
305 1241 397 1275 mellicum
405 1242 499 1276 dulcorem
508 1241 599 1282 amaricat,
608 1241 633 1275 sic
641 1242 729 1285 superbia
736 1242 840 1285 religiosam

138 1295 258 1330 humilitatem
267 1300 359 1339 expugnat
366 1306 370 1337 ;
381 1301 401 1329 vt
409 1295 524 1339 supradictus
532 1294 628 1338 religiosus
636 1305 647 1328 a
654 1301 691 1329 tam
699 1294 801 1339 sumptuosi
810 1306 841 1339 ap-

138 1353 212 1393 paratus
226 1348 306 1382 nouitate
318 1348 421 1390 desisteret,
433 1359 488 1382 manu
499 1348 571 1391 corpori
585 1347 660 1391 proprio
673 1348 739 1382 iniecta
751 1349 806 1383 talem
817 1360 841 1383 ex

139 1401 234 1446 premissis
242 1401 302 1434 intulit
309 1401 446 1435 conclusionem
454 1400 563 1434 laudabilem
571 1412 575 1435 :
588 1400 659 1442 ‘Nimii‚
667 1401 730 1445 inquit,
738 1401 805 1435 valoris
814 1407 842 1435 cst

113 1471 131 1499 ²5
140 1464 185 1496 capa
191 1453 248 1497 precii
256 1464 290 1486 sex
296 1452 395 1486 solidorum
402 1454 424 1486 ad
430 1453 561 1486 inuoluendum
567 1457 616 1486 tante
622 1453 724 1495 putredinis
732 1454 842 1487 cadauerum

140 1506 270 1541 vilissimum':
282 1506 346 1540 volens
358 1505 376 1539 in
389 1506 423 1539 hoc
434 1505 572 1549 exemplificare
583 1510 602 1539 vt
614 1511 677 1548 spreto
689 1505 745 1549 pallio
756 1505 842 1549 superbie

141 1559 232 1594 subiectus
240 1559 259 1592 in
268 1564 320 1601 patre
331 1558 461 1593 informaretur
469 1558 569 1593 humilitate
577 1558 674 1594 virescere.
698 1559 776 1601 Quidam
788 1560 842 1594 ctiam

141 1611 843 1657 sibisuggesserant⁴instantiusquodpropterprelatie[dignitatem]penulas

142 1671 212 1700 emeret
219 1664 317 1709 preciosas,
326 1665 392 1708 quibus
402 1664 465 1698 mundi
476 1667 562 1699 decorem
570 1664 652 1698 ornatius
660 1665 750 1700 indueret.
773 1665 844 1708 Quibus

114 1730 133 1759 30
142 1722 193 1761 pater
198 1717 319 1750 humillimum
325 1716 385 1751 intulit
390 1727 508 1761 responsum:
517 1717 617 1758 ‘Pellicule,
623 1717 686 1760 inquit,
691 1728 781 1761 agnorum
786 1719 843 1752 nostri

141 1770 222 1812 corporis
234 1769 301 1803 molem
313 1769 424 1805 sufficienter
435 1770 515 1813 clipeant
526 1781 536 1803 a
548 1769 614 1813 frigore
622 1771 636 1804 :’
649 1770 714 1805 nolens
725 1782 789 1805 eorum
801 1781 843 1814 per-

142 1822 257 1858 suasionibus
269 1823 331 1857 vacuis
342 1823 449 1867 retorqueri,
459 1824 490 1868 qui
502 1823 590 1858 secularis
602 1833 670 1867 pompe
680 1823 723 1858 vitio
734 1824 845 1867 triumphato

142 1878 160 1912 in
172 1877 200 1911 sui
212 1882 317 1921 contemptu
329 1887 458 1920 perseuerans
469 1877 517 1912 vires
531 1878 614 1921 percepit
625 1877 745 1911 adulterantis
758 1877 845 1922 superbie

142 1930 261 1965 damnatiuas.
307 1923 347 1964 Hic
357 1930 411 1973 igitur
421 1930 558 1964 amantissimas
569 1930 631 1964 diuine
642 1930 689 1975 legis
701 1932 803 1966 sententias
814 1943 845 1965 ex·

115 1995 133 2024 35
142 1988 222 2025 estuans,
239 1984 286 2016 vitas
298 1988 371 2026 patrum
386 1983 559 2026 prouidissimorum
575 1984 674 2026 perlegens
690 1985 810 2025 excubanter,
825 1984 844 2018 in

143 2035 194 2068 illum
206 2035 296 2078 scripture
307 2036 383 2069 titulum
392 2036 484 2069 ocularem
496 2036 578 2079 porrexit
589 2040 684 2078 aspectum
696 2046 732 2079 quo
744 2037 846 2071 cautelosus

143 2087 173 2120 ille
181 2098 260 2129 serpens
271 2088 356 2130 antiquus
367 2092 449 2121 tortuosa
460 2087 550 2121 tirannide
558 2088 651 2131 quendam
659 2088 759 2122 solitarium
767 2088 846 2122 uisitauit

143 2139 209 2175 visuali
224 2139 290 2183 effigie.
319 2140 401 2182 Quorum
416 2141 516 2174 verborum
531 2146 615 2174 tenorem
631 2140 741 2174 venerabilis
758 2141 846 2175 memorie

144 2192 249 2227 Willelmus
273 2193 405 2237 Slegh'tholm.⁵
427 2199 470 2227 tunc
491 2194 579 2237 temporis
602 2193 783 2237 capellanus-modo
803 2205 847 2229 vero

116 2260 136 2290 40
144 2245 244 2281 sanctitatis
257 2246 356 2280 eminentia
367 2248 480 2281 choruscus⁰
492 2248 583 2281 miraculis
597 2247 646 2280 idem
658 2249 790 2282 monasterium
804 2258 847 2281 con-

144 2299 218 2333 decorat
226 2303 245 2333 et
253 2300 376 2333 exuberanter
387 2299 582 2335 adornat-discretius
593 2300 673 2341 intuens,
681 2300 735 2334 huius
745 2300 847 2345 questionis

145 2352 239 2385 modulum
255 2352 302 2393 patri
317 2352 433 2386 sanctissimo
446 2353 559 2396 propalauit:
572 2354 676 2387 ‘Interioris
690 2354 769 2387 hominis
782 2354 848 2387 anxius

144 2403 264 2448 intell[ect]u⁷
271 2404 351 2437 admiror
359 2415 396 2438 non
404 2405 495 2439 modicum
503 2417 559 2449 quare
567 2406 632 2449 anguis
640 2405 690 2449 ipset
697 2411 796 2447 tortuosus,
801 2406 848 2439 sicut

164 2472 332 2511 ¹E.tcmperantiam.
372 2473 496 2505 ²E.rumosum.
537 2475 661 2506 lr.eliminarel
702 2474 848 2513 ⁴E.sugesserant.

145 2514 329 2551 tnsleghtnolmensis.
380 2514 507 2545 ⁶E.clroruscis.
558 2514 659 2546 ²E.intellu.
711 2515 745 2545 ΕΕ.
754 2517 794 2553 ipso.
