1762 2803
126 160 158 203 ³30
320 142 639 205 moua'taumoaanutia

127 266 214 308 indicare,
223 266 278 301 michi
286 271 338 301 nocte
346 277 380 311 per
387 265 476 301 visionem
483 269 558 299 ostensa
564 269 611 300 sunt,
634 263 682 306 Quid
688 263 719 297 illa
724 262 833 307 significent,

128 322 204 354 obsecro
212 326 230 354 te
238 332 261 354 ne
267 320 355 353 celaueris
363 319 428 361 michi3
437 318 555 353 nolitimere.’
571 318 606 352 His
612 317 682 359 auditis,
687 318 751 351 beatus
758 316 834 360 Amphi·

128 373 185 416 baius,
202 373 283 408 sentiens
299 383 330 407 cor
344 372 384 407 eius
397 372 490 407 visitatum
503 382 514 405 a
527 372 607 413 domino,
621 381 733 415 supraquam
749 369 834 414 cuiquam

128 426 214 460 credibile
226 431 254 460 est
265 426 283 459 in
295 426 369 460 domino
381 426 476 470 gaudebat.
499 424 601 468 Statimque
612 434 685 458 crucem
697 422 766 457 domini
778 433 834 467 quam

111 490 191 520 5secum
207 479 285 512 habebat
300 479 402 522 proterens,
416 479 450 513 ait:
463 478 522 511 ‘Ecce
533 477 552 510 in
564 478 598 511 hoe
610 477 662 521 signo
673 481 726 520 potes
738 476 834 509 manifeste

128 531 223 565 dinoscere
243 531 286 574 quid
300 530 347 565 visio
362 537 393 565 tua
409 536 498 565 nocturna
512 530 561 573 velit,
578 530 622 574 quid
640 530 742 573 portendat.
773 528 834 562 Homo

128 595 207 627 namque
215 584 292 618 veniens
300 584 323 618 de
331 584 417 629 supernis
425 584 510 618 dominus
520 594 572 618 meus
583 588 611 617 est
621 583 686 617 lhesus
697 581 791 617 Christus:
804 581 835 626 qui

128 637 187 671 crucis
197 637 307 681 supplicium
315 638 377 672 subire
385 649 422 671 non
430 637 495 679 renuit,
502 642 522 671 vt
531 647 566 671 nos
577 648 588 670 a
599 642 650 670 reatu
662 647 698 679 quo
709 646 743 679 per
755 635 835 678 preuari-

128 689 229 723 cationem1
244 689 299 733 primi
315 690 397 733 parentis
416 690 457 723 Ade
476 690 584 723 tenebamur
603 688 676 730 astricti,
695 699 728 727 suo
746 688 835 731 sanguine

101 755 121 778 10
129 743 218 778 liberaret.
241 743 277 785 Qui
284 754 329 777 vero
340 755 406 778 manus
418 742 488 777 homini
501 742 603 777 iniecerunt
611 748 629 776 et
637 741 716 776 diuersis
727 740 781 785 penis
793 741 835 775 affe-

128 803 197 837 cerum,
205 797 293 839 populum
301 796 417 839 significant²
425 797 527 837 ludeorum,
537 796 567 838 qui
575 807 617 829 cum
625 795 736 838 promissum
746 794 835 828 haberent

128 848 171 892 quia
183 849 228 882 deus
242 848 269 882 eis
282 848 340 882 filium
355 859 409 883 suum
423 850 447 883 de
462 848 506 882 celis
521 847 606 890 mitteret,
618 853 636 881 et
647 847 722 881 tandem
736 856 791 889 quem
804 846 835 880 diu

129 907 271 945 expectaueram
281 901 376 945 [venisset]
382 901 393 945 ³,
399 902 505 936 venientem
511 912 549 934 non
555 904 665 944 receperunt
670 899 682 940 ⁴,
689 910 723 933 nec
731 910 764 932 sue
772 898 835 933 salutis

129 960 221 987 auctorem
234 961 364 997 cognouerunt,
375 955 436 989 sedin
447 954 532 987 omnibus
543 954 560 986 ei
571 952 721 992 contradicentes,
733 962 808 995 semper
819 952 836 985 ei

103 1019 121 1050 15
130 1007 177 1041 mala
185 1018 218 1051 pro
227 1007 280 1041 bonis
288 1013 306 1042 et
314 1008 376 1042 odium
384 1018 418 1052 pro
426 1007 523 1041 dilectione
529 1007 659 1051 rependerunt.
677 1004 761 1048 Denique
767 1004 836 1039 inuidia

130 1065 193 1094 contra
207 1072 250 1094 eum
265 1060 319 1102 ducti,
334 1062 357 1095 ad
370 1067 439 1095 tantam
451 1060 554 1104 nequiciam
566 1064 694 1104 proruperunt,
705 1063 725 1091 vt
735 1068 777 1091 eum
787 1068 836 1091 com-

130 1113 273 1157 prehenderent,
285 1113 418 1158 crucifigerent,
430 1119 448 1148 et
461 1113 570 1147 occiderent.
599 1113 630 1147 Sic
641 1112 734 1155 benignus
751 1111 836 1145 dominus

130 1166 225 1210 sanguinis
233 1166 261 1200 sui
269 1166 331 1211 precio
339 1179 373 1201 nos
381 1166 463 1208 redemit,
471 1166 497 1200 sic
506 1165 600 1200 moriendo
609 1165 672 1199 mortis
680 1164 737 1198 victor
747 1164 810 1205 extitit,
819 1169 837 1198 et

130 1220 149 1253 in
155 1230 208 1253 cruce
214 1220 303 1253 exaltatus
310 1221 332 1253 ad
339 1231 359 1254 se
365 1220 451 1255 vniuersa
457 1219 517 1252 traxit.
533 1219 563 1253 Ad
570 1218 637 1252 inferni
646 1218 724 1251 claustra
731 1223 797 1260 sponte
805 1218 837 1251 de-

102 1285 121 1308 ao
129 1273 274 1312 scendens,suos
280 1272 311 1315 qui
316 1272 352 1306 illic
357 1274 466 1306 tenebantur
471 1271 552 1311 absoluit,
559 1277 576 1305 et
581 1271 648 1305 eternis
655 1270 733 1304 nexibus
738 1271 836 1313 dyabolum

130 1324 222 1368 alligatum
230 1326 253 1358 ad
261 1325 324 1358 infima
335 1327 453 1358 tenebrarum
461 1325 501 1358 loca
509 1324 584 1358 deiecit)
616 1316 673 1358 Tunc
684 1322 772 1363 Albanus,
781 1333 837 1367 super

130 1377 246 1411 sermonibus
264 1377 312 1411 illius
330 1378 450 1412 vehementer
467 1377 565 1419 admirans,
584 1377 603 1410 in
622 1377 657 1410 hec
677 1376 732 1409 verba
753 1376 837 1418 prorupit

130 1429 205 1464 dicens:
218 1429 277 1464 ‘Vera
288 1435 335 1470 sunt,
347 1429 410 1474 inquit,
421 1441 457 1474 que
469 1430 492 1463 de
505 1429 578 1463 Christo
591 1439 688 1471 memoras,
700 1439 734 1462 nec
748 1427 837 1472 possunt⁶

130 1483 219 1518 ullatenus
236 1483 287 1527 argui
303 1483 390 1518 falsitatis.
418 1483 456 1526 Ego
472 1482 521 1516 enirn
535 1483 630 1517 euidenter
644 1482 678 1515 hac
694 1486 746 1515 nocte
760 1481 837 1526 cognoui

104 1551 122 1579 ²5
131 1536 208 1580 qualiter
222 1536 306 1570 Christus
319 1537 417 1580 dyabolum
427 1536 496 1577 vicerit,
506 1535 606 1579 alligauerit
618 1541 636 1569 et
650 1536 673 1569 ad
684 1534 751 1568 inferni
762 1535 837 1578 prosun-

131 1588 182 1622 diora
201 1588 308 1631 detruserit3
327 1589 407 1633 propriis
422 1588 479 1622 oculis
496 1588 537 1632 ipse
554 1588 647 1632 conspexi,
663 1587 704 1632 quia
719 1587 837 1622 cathenarum

131 1642 210 1675 nexibus
218 1646 265 1675 teter
272 1642 302 1675 ille
310 1641 356 1676 iacet
367 1642 453 1675 irretitus.
476 1641 498 1674 ln
509 1642 543 1674 hoc
554 1652 666 1685 cognoscens
679 1641 764 1684 quoniam
776 1641 838 1675 omnia

131 1705 167 1738 que
178 1694 249 1728 locutus
263 1705 283 1728 es
298 1705 342 1729 vera
354 1699 402 1736 sunt,
418 1695 502 1728 ammodo
518 1694 645 1729 fidelissimum
660 1705 690 1729 me
705 1693 737 1728 tibi
750 1694 838 1737 polliceor

131 1747 236 1781 auditorem.
265 1746 299 1781 Dic
310 1758 359 1792 ergo,
367 1747 507 1791 obsecro—quia
518 1748 566 1781 nosti
574 1747 724 1791 vninersa—quid
735 1747 787 1790 patri,
794 1747 837 1791 quid

104 1816 123 1845 30
132 1800 202 1844 spiritui
210 1806 273 1833 sancto
281 1800 361 1834 facturus
369 1801 410 1842 sim,
419 1802 509 1834 accedens
517 1801 540 1834 ad
548 1801 580 1834 filii
589 1800 705 1834 seruitutem.¹
730 1800 800 1840 Quibus
807 1800 837 1834 ille

131 1852 202 1895 auditis,
218 1863 259 1886 cum
272 1852 342 1896 ingenti
357 1852 468 1887 exultatione
482 1852 537 1887 dixit:
556 1853 637 1887 ‘Gratias
654 1864 689 1896 ago
705 1851 779 1885 domino
796 1863 837 1887 meo

132 1906 187 1940 Ihesu
201 1905 280 1947 Christo,
292 1907 341 1949 quod
354 1907 388 1940 hec
401 1905 435 1939 tria
447 1905 522 1939 nomina
534 1917 567 1949 per
577 1905 695 1950 temetipsum
706 1904 788 1949 proferre
801 1905 838 1938 iam

131 1959 185 1993 nosti.
207 1959 254 1992 Tres
269 1959 319 1992 enim
332 1970 427 2003 personas,
440 1970 485 2002 quas
499 1963 562 2002 aperte
574 1959 612 1993 suis
626 1958 726 2002 designasti
739 1958 837 1999 vocabulis,

132 2013 187 2046 deum
192 2022 249 2045 vnum
257 2012 317 2053 crede,
322 2012 422 2046 firmiteret
428 2011 506 2045 fideliter
511 2012 609 2056 profitere!
633 2010 737 2055 Respondit
743 2010 826 2046 Albanus
834 2022 837 2046 ι

105 2075 123 2106 55
133 2067 137 2085 ‘
144 2064 208 2105 Credo,
213 2064 276 2108 inquit,
282 2070 300 2098 et
307 2076 331 2098 ex
339 2066 373 2099 hoc
381 2065 428 2099 fides
436 2076 477 2099 mea
484 2070 517 2107 est,
527 2066 575 2108 quod
583 2065 643 2099 nullus
652 2064 675 2099 sit
683 2065 729 2099 deus
735 2063 772 2098 'nisi
780 2064 838 2098 domi-

131 2129 167 2152 nus
173 2129 226 2151 meus
234 2118 300 2151 lhesus
309 2118 396 2161 Christus,
405 2118 436 2162 qui
444 2119 549 2151 obsalutem
554 2118 648 2152 hominum
654 2117 748 2151 hominem
754 2116 838 2161 dignatus

132 2183 232 2211 assumere,
247 2171 307 2205 crucis
322 2171 408 2206 sustinuit
422 2171 534 2215 passionem.
556 2172 600 2215 lpse
617 2182 658 2205 cum
673 2176 726 2214 patre
740 2174 759 2203 et
773 2170 838 2213 spiritu

132 2229 196 2258 sancto
208 2225 253 2257 deus
262 2234 309 2258 vnus
317 2230 350 2267 est,
358 2229 376 2258 et
388 2229 450 2268 preter
461 2235 503 2257 eum
515 2234 553 2257 non
565 2229 593 2258 est
605 2224 661 2257 alius.¹
684 2222 719 2255 His
729 2221 781 2256 dictis
792 2234 837 2267 sepe

132 2277 254 2322 prosternitur
265 2282 308 2311 ante
321 2288 399 2320 crucem,
412 2283 430 2311 et
442 2277 494 2321 quasi
503 2277 616 2321 pendentem
627 2276 721 2310 dominum
734 2276 808 2310 ihesum
819 2276 838 2310 in

105 2343 125 2372 40
133 2341 187 2364 cruce
196 2335 285 2372 cerneret,
293 2330 366 2364 veniam
377 2331 412 2364 sibi
422 2332 487 2364 beatus
498 2330 583 2373 penitens
595 2331 709 2373 deprecatur.
732 2328 763 2362 Sic
774 2331 837 2373 pedes,

133 2382 159 2417 sic
166 2383 247 2416 vulneris
253 2383 259 2401 ὓ
266 2383 306 2416 loca
313 2384 388 2417 assidua
396 2383 531 2417 exosculatione
540 2383 636 2423 demulcet,
643 2393 664 2415 ac
669 2381 684 2415 si
690 2382 713 2415 ad
718 2381 777 2425 ipsius
783 2393 838 2426 quem

133 2436 212 2478 crucifigi
220 2436 290 2470 viderat
300 2437 377 2480 vestigia
386 2437 516 2480 procumberet
526 2435 653 2478 redemptoris
676 2434 769 2478 Sanguine
780 2435 838 2468 mixte

133 2499 167 2532 per
183 2499 214 2521 ora
228 2489 325 2523 uoluuntur
336 2490 436 2534 lachryme,
448 2500 504 2533 super
515 2489 559 2522 illud
570 2487 674 2523 venerabile
686 2488 755 2531 lignum
767 2487 837 2522 crucis⁷

153 2561 334 2599 1E.priuaricationem.
370 2563 494 2600 ²Esignificat.
533 2562 692 2597 ³soT.;om.inE.
725 2561 838 2593 ⁴T.Vlt.non

133 2602 329 2640 receperuntvenientem.
368 2603 402 2633 5Ε.
410 2603 476 2642 possint.
517 2601 670 2632 “Vitvulnernmst
707 2600 816 2633 lominVit.
