1762 2803
321 145 401 197 tanna
417 142 533 205 treanta
548 143 641 205 anglic.

130 271 183 300 nocte
191 276 212 299 ac
220 266 250 300 die
258 266 383 300 indesinenter
390 265 512 309 omnipotenti
522 266 557 299 deo
568 266 660 307 tundebat,
670 276 716 309 sepe
726 266 834 310 angelorum

130 318 263 355 visitationibus
279 319 416 354 demulcebatur
430 323 448 353 et
463 318 552 362 alloquiis,
568 323 585 352 et
599 318 675 352 aliorum
686 323 791 352 sanctorum
804 318 835 363 qui

131 374 154 407 de
172 372 206 405 hoc
223 373 285 406 seculo
300 377 419 406 excesserant
434 372 524 406 continuis
540 372 694 406 consolationibus
711 372 835 406 refouebatur.

132 426 272 460 Beatissimam1
282 436 326 460 vero
338 425 414 458 llariam
425 425 431 443 ²
435 425 543 469 genitricem
554 425 622 459 domini
635 424 692 459 nostri
703 424 759 459 lhesu
768 424 835 460 Christi

115 484 169 520 5toto
184 478 249 510 affectu
265 483 283 510 et
298 477 368 521 spiritu,
385 482 423 510 toto
442 479 498 511 corde
517 483 535 511 et
554 489 617 511 amore
636 477 798 520 amplectebatur³,
816 482 836 512 vt

132 541 225 573 nunquam
235 542 246 565 a
254 530 342 565 memoria
350 530 389 564 eius
398 531 496 572 excideret,
505 541 599 574 nunquam
607 531 626 565 in
634 530 695 565 uerbis
703 530 742 564 eius
751 532 837 572 deesset3

132 584 183 619 cuius
191 583 294 618 visitatione
306 588 324 618 et
333 583 457 618 consolatione
467 582 496 619 dei
506 594 571 618 seruus
583 583 671 629 nginus
681 594 727 628 sepe
737 589 836 627 recreatus,

133 636 194 672 omnia
210 648 246 681 que
259 637 323 671 mundi
337 642 389 670 erant
403 636 514 680 omittebat,
526 642 545 671 et
557 649 592 682 que
604 637 633 671 dei
647 642 699 671 erant
710 637 837 672 indesinenter

133 691 235 724 exercebat.
255 691 329 723 Miseris
337 691 450 732 condolebat,
456 701 549 734 pauperes
556 692 654 733 recreabat,
661 690 765 724 esurientes
772 701 837 733 pasce·

107 755 125 777 10
134 745 169 784 bat,
176 747 194 775 et
201 747 262 775 cetera
270 742 342 786 pietatis
350 752 406 785 opera
414 743 541 776 indesinenter
548 743 663 786 adimplebat⁴
704 735 740 775 ⁵In
749 742 837 776 diutinam

134 795 208 830 tandem
221 794 346 829 infirmitatem
360 795 452 837 decidens,
465 806 502 829 non
515 796 598 829 cessabat
610 795 639 829 die
651 806 672 829 ac
683 800 736 828 nocte
748 806 759 828 a
770 794 837 828 diuinis

134 847 221 892 quidemss
235 847 319 882 laudibus
336 848 420 881 necnon⁷
434 848 516 882 cantibus
532 847 661 891 spiritualibus,
675 852 693 880 et
707 848 755 891 quod
771 859 805 891 per
816 858 837 882 se

135 902 196 937 minus
210 906 287 945 poterat,
302 911 336 946 per
349 901 394 935 alios
410 900 497 945 compleri
513 901 595 935 faciebat.
618 901 685 935 Curam
700 911 804 945 pauperum
819 905 838 935 et

135 955 276 999 peregrinorum
289 961 331 988 ante
343 955 405 989 omnia
416 956 530 998 procurabat.
554 954 616 988 Multis
632 955 687 989 etiam
703 955 838 988 infirmantibus

109 1018 178 1051 15cum
193 1007 306 1041 inuocatione
321 1008 401 1041 nominis
417 1013 479 1041 sancte
497 1007 582 1041 trinitatis
601 1007 698 1041 sanitatem
714 1007 838 1051 impendebat,

136 1066 184 1095 tactu
195 1071 282 1094 manuum
294 1071 369 1095 suarum
377 1061 450 1095 dolores
462 1061 563 1105 expellens,
574 1066 592 1095 et
604 1061 626 1094 ab
638 1060 719 1095 obsessis
732 1061 839 1105 corporibus

137 1116 225 1148 demones
245 1114 333 1157 effugans.
378 1106 460 1149 Sanetus
479 1114 540 1156 itaque
560 1114 647 1157 nginus
666 1124 708 1147 cum
726 1125 737 1147 a
755 1115 839 1158 primeuo

136 1166 236 1200 iuuentutis
249 1166 294 1199 flore
308 1176 384 1209 semper
396 1177 440 1200 vsus
456 1166 509 1200 suerit
525 1166 588 1207 cilicio,
601 1177 650 1199 nunc
665 1166 684 1198 in
700 1167 761 1199 cinere
776 1167 839 1200 iacens

137 1219 240 1262 asperrimo
254 1219 277 1252 ad
292 1228 366 1252 caruem
382 1219 450 1252 nudam
463 1219 538 1252 indutus
551 1224 590 1252 erat
602 1219 678 1262 trogulo
690 1218 750 1261 ipsam
762 1218 839 1253 infirmi-

109 1283 128 1303 20
137 1278 193 1306 tatem
210 1277 228 1304 et
242 1271 355 1305 debilitatem
370 1271 430 1305 carnis
446 1283 479 1305 sue
494 1271 585 1315 corporali
601 1270 723 1305 maceratione
740 1277 758 1304 et
773 1271 839 1305 ieiunio

137 1324 254 1360 deuincens⁵.
298 1317 361 1360 tcum
369 1324 419 1359 enim
426 1325 491 1359 beatus
500 1324 587 1369 nginus
596 1324 681 1369 operibus
692 1324 784 1359 charitatis
792 1330 840 1360 totus

138 1381 225 1420 afflueret,
237 1378 317 1413 maxime
330 1384 392 1412 tamen
404 1378 524 1423 predicationi
536 1389 611 1423 operam
625 1377 680 1413 dedit⁴
704 1378 748 1412 Erat
760 1389 840 1423 namque

137 1433 187 1467 iuxta
200 1432 304 1465 Eouesham
316 1432 338 1465 ad
351 1436 390 1464 octo
402 1432 479 1466 miliaria
492 1436 572 1465 castrum
584 1432 711 1474 Alnecestre⁹,
723 1432 785 1476 regale
797 1437 840 1466 tunc

138 1496 229 1528 mansum,
242 1484 293 1519 cuius
304 1484 339 1519 loci
350 1484 466 1528 habitatores,
475 1489 542 1529 quanto
552 1495 614 1519 rerum
622 1484 715 1530 opulentia
723 1490 741 1519 et
748 1490 841 1529 tempora-

111 1548 129 1578 25
139 1540 184 1573 lium
203 1539 314 1571 abundantia
332 1538 435 1580 affluebant,
450 1543 501 1571 tanto
518 1538 576 1580 magis
591 1539 633 1581 gule
652 1543 671 1572 et
689 1538 761 1572 luxurie
779 1538 840 1578 dediti,

139 1591 234 1625 studentes
244 1589 320 1623 auaritie
329 1593 348 1622 et
358 1589 456 1632 cupiditati,
467 1589 593 1622 misericordia
605 1590 634 1623 dei
645 1600 666 1624 se
676 1589 762 1632 indignos
773 1590 841 1624 efficie-

139 1644 188 1677 bant.
211 1640 241 1675 Ad
256 1641 306 1675 hunc
320 1641 381 1675 locum
396 1642 486 1676 accedens
502 1641 567 1675 beatus
581 1641 674 1684 Egrvinus
687 1641 787 1685 predicauit
805 1642 841 1676 illis

139 1704 218 1738 regnum
230 1693 264 1726 dei.
288 1694 326 1727 Sed
337 1704 383 1737 gens
395 1694 465 1737 absque
479 1693 555 1727 consilio
570 1699 588 1727 et
594 1694 607 1713 ¹⁰
620 1694 721 1738 prudentia,
735 1700 753 1728 et
765 1695 842 1729 ceruicis

140 1749 191 1788 dure,
208 1757 242 1780 nec
261 1752 334 1781 assueta
352 1746 395 1780 vitia
413 1747 517 1791 relinquere
536 1747 588 1781 nec¹¹
608 1747 682 1781 monitis
703 1747 752 1782 illius
770 1748 842 1783 volebat

112 1799 262 1845 qoacquiescere.
294 1801 317 1835 Et
335 1811 377 1834 cum
396 1806 476 1835 castrum
495 1801 544 1842 illud,
559 1801 615 1835 veluti
637 1801 744 1836 nemoribus
761 1803 842 1846 undique

139 1855 236 1896 consitum,
248 1854 338 1887 conflandi
349 1853 418 1887 ferrum
428 1854 479 1887 locus
491 1858 540 1887 esset
552 1854 663 1897 aptissimus,
675 1859 693 1887 et
704 1854 760 1888 fabris
770 1860 788 1888 et
798 1854 842 1889 ferri

140 1906 267 1942 exclusoribus
284 1906 363 1940 maxime
382 1907 491 1950 repleretur,
507 1918 553 1949 gens
572 1906 665 1941 incredula
684 1907 760 1942 incudes
777 1908 842 1942 ferreis

140 1958 210 1994 malleis
221 1964 271 1992 tanto
282 1958 359 2002 strepitu
371 1959 456 1993 continue
467 1958 586 2002 percutiebat,
596 1964 616 1993 ut
627 1959 674 1994 beati
685 1959 720 1993 viri
732 1971 793 1994 sermo
805 1971 842 1994 non

141 2011 238 2054 audiretur,
243 2017 340 2046 etacastro
346 2013 433 2046 recedere
440 2012 555 2056 cogereturtt
568 2012 625 2046 Beato
631 2013 685 2057 igitur
691 2013 843 2057 [ngino]¹³cas·

113 2079 131 2110 35
141 2072 190 2100 trum
199 2070 284 2107 exeunte,
292 2076 325 2109 pre
334 2064 459 2108 concussione,
467 2065 523 2098 immo
531 2065 643 2108 confusione,
651 2066 758 2099 malleorum
767 2072 784 2100 et
792 2066 843 2100 incu-

142 2120 185 2152 dum
197 2118 256 2150 adhuc
267 2117 369 2151 tinniebant
380 2118 434 2151 ambe
446 2127 500 2151 aures
512 2117 556 2159 eius,
569 2123 587 2151 et
598 2118 663 2151 leuatis
677 2118 734 2151 oculis
747 2119 765 2152 in
777 2120 843 2159 celum,

141 2170 195 2206 flexis
206 2170 225 2203 in
235 2175 283 2204 terra
291 2169 373 2214 genibus,
381 2176 445 2204 contra
452 2176 510 2204 artem
518 2169 601 2204 fabrilem
607 2171 620 2190 ¹⁴
628 2170 682 2206 castri
692 2171 739 2206 illius
749 2172 843 2207 dominum

140 2226 252 2268 imprecatus
263 2229 296 2257 est.
319 2223 342 2258 Et
354 2235 396 2257 ecce
408 2225 467 2257 subito
479 2228 558 2258 castrum
570 2224 631 2268 ipsum
643 2230 692 2259 terra
703 2225 806 2269 absorbuit;
819 2226 844 2260 ita

142 2278 196 2322 quod,
205 2288 253 2310 nouo
263 2287 320 2320 super
327 2277 384 2310 veteri
393 2277 548 2320 qualitercumque
560 2277 670 2319 reedificato,
677 2288 736 2321 vsque
744 2279 763 2312 in
771 2279 844 2313 hodier-

114 2344 134 2373 40
143 2339 187 2364 num
206 2329 255 2363 diem
270 2328 289 2362 in
304 2329 439 2363 constructione
458 2339 547 2363 nouarum
567 2330 663 2365 domorum
682 2329 701 2364 in
720 2330 844 2366 fundamentis

142 2383 217 2426 antiqua
232 2382 303 2416 edificia
318 2382 440 2426 reperiuntur.
466 2383 564 2426 Nunquam
582 2382 631 2417 enim
646 2389 710 2428 postea
725 2383 744 2417 in
759 2385 799 2418 loco
814 2387 844 2418 illo

161 2478 195 2508 ῑΤ.
204 2478 223 2507 R.
231 2478 301 2508 Beatam.
348 2478 458 2516 ²E.deigen.
504 2478 673 2516 ³E.amp1eetabatur.
719 2479 753 2511 ιΕ,
761 2481 845 2511 amittebat.

142 2518 233 2546 ⁵·⁵al.om.
271 2517 366 2547 lominT.
403 2518 465 2548 ⁷'l'.etr
507 2517 712 2557 ⁸Cs.Chr.Evesh.p,a4.
755 2520 845 2550 tErAlue-

143 2562 198 2588 cestre.
237 2557 248 2576 ¹⁰
259 2557 299 2587 3011,
308 2558 327 2587 R.
335 2558 398 2588 etsiue.
438 2557 562 2589 ”ominBoll
604 2559 615 2577 ¹²
626 2560 644 2589 E.
652 2559 752 2596 cogitaretur.
792 2561 804 2579 ¹³
815 2570 845 2590 om.

142 2597 154 2615 ¹*
164 2596 182 2625 T.
189 2596 262 2625 fabricam
268 2597 343 2626 fabrilem.
