1762 2803
136 128 180 223 27'6
260 213 261 216 ,
326 163 407 217 meua
422 160 539 224 uacuus
554 160 647 224 fiuntc.

135 286 235 320 Paternum
253 286 318 329 quouis
337 287 392 319 modo
411 285 475 318 callide
492 288 612 328 temptarent:
639 282 675 324 Qui
694 293 737 317 vasa
756 283 835 325 quedam

135 338 198 382 glarea
216 339 314 382 replentes,
333 338 405 382 regales
427 337 524 371 thezauros
542 338 565 371 ad
584 341 668 370 sanctum
688 346 709 369 se
728 339 836 377 apportasse

136 392 224 427 simulant
235 398 253 427 et
265 393 323 426 donec
334 403 368 425 rex
378 401 468 436 prospere
480 396 587 431 reuertatur,
595 390 629 424 hos
641 388 732 423 custodire
743 388 837 422 mandant.

136 446 207 480 Annuit
222 450 301 486 sanctus,
316 445 384 488 deponi
399 444 454 486 iubet,
468 443 508 478 illos
524 443 645 478 inueniendos
661 453 703 477 esse
718 442 764 475 sicut
778 440 836 475 relicti

119 498 207 541 5fuerant
225 497 309 532 affirmat.
340 497 393 542 Rege
412 497 473 541 itaque
498 497 567 540 pacatis
590 496 624 530 sibi
646 495 725 529 inimicis
746 504 836 538 regresso,

135 552 232 586 venientes
247 552 339 594 predones
353 556 371 585 et
387 561 474 585 vasorum
487 550 574 584 interiora
589 553 697 590 scrutantes,
712 547 793 592 glaream
806 547 837 582 de-

137 608 214 646 ponunt,
234 607 252 636 et
271 603 320 647 regis
339 603 436 636 thezauros
454 602 516 636 furtim
538 601 607 635 ablatos
629 606 648 634 et
667 611 701 643 pro
719 601 747 632 'eis
765 600 838 643 glareas

135 655 229 690 immissas
236 655 276 690 fore
284 656 392 690 exclamant.
415 655 494 690 Sanctus
502 659 563 689 autem
572 654 663 692 Paternus
672 657 746 687 econtra
754 651 838 695 asseruit,

135 713 155 742 vt
166 709 258 750 dimissos,
270 709 295 743 ita
306 709 344 743 fore
356 709 446 743 inuentos.
470 707 497 742 llli
508 713 570 742 tamen
582 707 653 741 ruinam
665 707 720 745 tatius
731 706 838 740 monasterii

110 775 128 796 ιο
137 767 156 796 et
170 761 331 807 depopulationem
347 761 468 803 minabantur,
483 761 499 795 si
514 760 597 794 thezauri
613 770 650 793 non
664 760 790 793 redderentur.
820 759 838 793 A

136 826 181 859 rege
194 820 256 849 autern
271 821 325 849 antea
338 825 371 858 per
386 813 499 848 Britanniam
514 813 572 847 fuerat
587 813 666 847 edictum
681 818 700 846 vt
716 823 771 846 omne
786 823 838 846 men-

137 868 217 901 datium¹
236 878 283 910 aqua
301 867 437 901 feruentissima
455 867 629 910 deprehenderetur.
655 865 707 899 Tunc
726 865 745 899 in
765 865 838 899 feruore

137 920 213 963 spiritus
232 918 282 953 iubet
302 918 392 953 Paternus
409 928 475 962 aquam
490 918 509 952 in
525 928 572 953 eneo
588 918 661 960 cacabo,
677 919 736 951 donec
753 918 838 958 ferueret,

137 971 228 1014 calefieri3
240 977 259 1005 et
266 982 341 1005 manum
351 970 458 1013 immittens,
467 972 526 1008 albam
537 976 555 1005 et
566 971 650 1015 frigidam
657 975 699 1015 post
707 970 838 1014 aliquantulum

111 1042 128 1073 15
138 1036 189 1059 more
197 1026 280 1069 spacium
289 1025 374 1059 extraxit,
396 1024 458 1059 Coacti
467 1024 516 1058 enim
524 1029 566 1068 post
577 1024 611 1058 hec
621 1024 714 1069 predones
722 1034 764 1058 eum
772 1033 838 1057 manus

137 1089 180 1112 suas
197 1079 216 1112 in
232 1078 334 1112 sementem
354 1079 431 1121 aquam²
446 1077 547 1115 misissent,
563 1076 650 1115 malitiam
666 1076 755 1111 mentium
773 1087 838 1111 manus

137 1136 202 1165 exuste
222 1130 344 1164 declarabant.
367 1131 451 1174 Cumque
467 1131 500 1163 toti
517 1131 607 1164 combusti
624 1131 681 1164 vitam
700 1130 789 1172 finissent,
804 1141 839 1164 rex

137 1183 195 1218 oeulis
208 1187 306 1217 excecatus
319 1182 426 1225 infirmatur,
440 1187 458 1216 et
471 1187 548 1226 propter
559 1188 630 1216 reatum
643 1181 662 1216 in
676 1186 759 1216 sanctum
776 1182 839 1216 Pater-

138 1246 183 1269 num
194 1234 256 1279 inique
266 1235 385 1269 commissum
393 1246 414 1269 se
426 1236 534 1272 moriturum
546 1236 647 1269 confitetur.
670 1235 766 1268 Adductus
777 1240 839 1269 autem

111 1303 130 1325 κο
139 1288 230 1323 advirum
239 1288 319 1322 deicum
331 1299 398 1331 magna
409 1287 514 1321 difficultate
525 1299 558 1321 rex
569 1298 645 1331 gemens
657 1292 675 1322 et
686 1287 776 1332 penitens,
785 1288 839 1322 ssexis

137 1342 215 1385 genibus
226 1341 358 1385 indulgentiam
370 1340 433 1385 petiit:
449 1346 467 1374 et
479 1346 554 1385 accepta
568 1341 627 1383 venia,
641 1346 729 1376 sanantur
740 1340 787 1375 oculi
799 1341 839 1376 eius

137 1401 156 1429 et
175 1396 263 1429 membra.
313 1387 396 1429 Celestis
415 1400 476 1428 autem
494 1394 577 1436 nuncius,
596 1394 619 1428 ad
638 1399 720 1442 sanctum
741 1394 800 1429 Dauid
819 1395 837 1429 ln

139 1446 209 1480 Rosina
222 1446 274 1480 Valle
286 1446 363 1480 veniens
377 1446 434 1480 dixit:
447 1447 517 1489 ‘Surge
530 1452 548 1479 et
560 1448 607 1480 vade
620 1447 639 1480 in
652 1446 770 1480 Hierusalem
782 1452 801 1480 vt
813 1447 838 1481 ibi

137 1501 215 1544 gradum
223 1498 347 1543 episcopalem
358 1497 453 1543 suscipias,
461 1503 479 1534 et
489 1498 536 1533 adde
547 1498 579 1533 tibi
590 1499 636 1534 duos
647 1499 747 1543 condignos
757 1499 839 1543 comites,

110 1563 129 1593 ²5
140 1552 239 1586 Paternum
252 1552 336 1586 videlicet
349 1557 367 1586 et
379 1552 480 1594 Theliaum,
494 1551 526 1596 qui
541 1552 564 1585 ad
580 1552 659 1588 eundem
674 1553 751 1596 gradum
767 1553 838 1597 cpisco-

137 1606 199 1648 palem
214 1605 319 1648 promoueri
333 1605 426 1648 possint³.'
451 1604 495 1638 Mox
510 1605 571 1639 enim⁴
586 1605 647 1641 missis
663 1606 686 1639 ad
703 1605 745 1640 illos
761 1606 839 1646 nunciis,

138 1658 179 1693 sine
194 1668 246 1693 mora
261 1662 355 1692 venerunt.
379 1659 415 1691 Per
428 1658 516 1692 barbaras
532 1658 593 1691 enim*
607 1658 692 1692 nationes
707 1659 743 1692 iter
756 1664 838 1702 agentes,

137 1710 214 1753 gratiam
228 1710 331 1752 linguarum
341 1720 352 1741 a
364 1710 438 1742 domino
451 1715 566 1752 acceperunt,
580 1721 729 1754 unumquemque
742 1712 837 1745 hominem

138 1762 212 1807 propria
223 1762 285 1805 lingua
296 1762 315 1797 in
329 1772 365 1806 qua
376 1766 430 1795 natus
442 1761 500 1795 suerat
511 1761 629 1805 alloquentes.
651 1763 682 1796 Ad
692 1763 757 1797 vrbem
770 1762 838 1797 Hieru-

108 1828 130 1856 30
137 1815 195 1850 salem
210 1815 284 1849 tandem
297 1815 410 1856 accedentes,
424 1814 539 1851 nobilissime
554 1821 596 1859 post
611 1817 704 1859 apostolos
720 1816 839 1860 predicabant

137 1874 200 1902 contra
210 1868 277 1901 Iudeos
286 1873 303 1901 et
311 1867 391 1901 heresim
402 1867 471 1901 ibidem
481 1873 550 1902 ortam:
562 1879 605 1902 nam
614 1868 741 1913 vnusquisque
749 1869 767 1904 in
775 1869 838 1913 lingua

137 1932 171 1955 sua
186 1932 218 1956 eos
235 1920 332 1965 loquentes
345 1920 458 1964 intelligebat
465 1919 477 1954 ⁵.
500 1920 536 1955 Per
547 1921 683 1966 impositionem
696 1927 761 1966 postea
773 1933 839 1956 manus

137 1974 245 2017 patriarche,
263 1973 346 2016 episcopi
361 1973 439 2007 ordinati
454 1978 501 2016 sunt,
515 1979 533 2008 et
548 1974 655 2008 muneribus
673 1975 736 2010 ditati:
749 1976 838 2010 Paternus

137 2027 212 2070 quidem
226 2026 288 2059 tunica
302 2037 325 2059 ex
341 2037 386 2058 auro
401 2030 451 2059 texta
465 2031 483 2059 et
496 2027 559 2060 baculo
576 2028 648 2061 ditatur.
672 2027 761 2071 Regressi
777 2027 839 2063 enim*

108 2090 127 2121 35
137 2080 160 2113 ad
177 2078 260 2122 patriam,
277 2078 296 2112 in
312 2084 351 2112 tres
368 2077 483 2123 episcopatus
503 2078 616 2113 Britanniam
634 2079 742 2115 diuiserunt.
788 2074 838 2116 Cum

137 2137 199 2165 autem
213 2131 303 2165 Paternus
316 2131 335 2164 in
348 2131 426 2165 ecclesia
437 2131 546 2166 Mauritania
558 2133 628 2176 prelata
639 2141 681 2178 post
692 2139 753 2168 tantos
765 2134 838 2168 labores

138 2184 245 2227 quiesceret,
265 2184 392 2218 deambulabat
411 2184 485 2228 quidam
506 2186 589 2220 tirannus
614 2186 698 2230 regiones
723 2187 838 2229 altrinsecus,

137 2237 212 2271 nomine
225 2236 328 2277 Arthurus;
345 2237 375 2281 qui
391 2238 468 2281 quadam
483 2239 512 2272 die
525 2239 602 2273 veniens
614 2240 637 2273 ad
649 2240 715 2274 cellam
729 2241 787 2275 sancti
800 2240 839 2284 epi-

138 2289 195 2333 scopi,
211 2294 229 2322 et
244 2290 305 2332 ipsum
322 2290 422 2332 alloquens,
439 2291 518 2326 tunicam
535 2297 654 2326 memoratam
670 2294 748 2337 aspexit,
765 2298 783 2328 et
799 2293 840 2327 zelo

108 2358 128 2387 40
137 2342 234 2376 confossus
242 2341 316 2384 inuidie,
325 2343 390 2385 petiuit
399 2354 444 2378 eam,
467 2343 500 2377 Cui
508 2349 595 2380 sanctus:
608 2345 661 2379 ‘Non
669 2345 743 2380 cuilibet
753 2346 839 2391 maligno,

137 2397 171 2429 sed
179 2395 245 2429 clerico
253 2400 324 2429 tantum
332 2396 367 2429 deo
375 2401 445 2430 sacrato
456 2396 489 2430 hec
500 2397 561 2431 tunica
571 2398 662 2442 condigna
672 2400 712 2433 est!
736 2400 769 2434 Ille
777 2406 838 2434 autem

135 2449 235 2492 indignans
254 2448 386 2482 monasterium
405 2460 491 2492 egressus
508 2450 569 2493 [est]⁶,
585 2451 689 2496 iterumque
707 2463 805 2496 regressus
819 2456 839 2487 vt

157 2562 162 2580 ¹
172 2561 204 2591 Vit.
212 2562 263 2591 omnis
270 2562 344 2593 mendax.
406 2562 413 2579 ²
422 2564 440 2593 T.
448 2573 504 2601 aquam
511 2565 603 2596 [eruentem.
668 2565 674 2584 ⁵
685 2576 703 2596 so
710 2567 734 2603 T„
743 2567 760 2597 E.
768 2570 839 2605 possunt.

133 2601 139 2620 ¹
153 2601 193 2632 Boll.
200 2605 258 2633 autem.
300 2602 306 2619 ⁵
316 2601 422 2633 narn-intell.
430 2603 450 2632 al,
459 2613 489 2635 om.
529 2605 535 2622 ⁰
545 2613 575 2634 om.
