1762 2803
114 119 156 170 165
244 201 245 206 γ
301 122 622 187 pertinentiarum.

113 245 136 278 Et
144 255 185 280 cum
193 245 327 289 recessi[sse]t¹
338 246 441 290 episcopus,
450 247 509 281 subito
518 247 586 281 elamor
594 246 651 280 sactus
659 251 688 280 est
695 250 713 280 et
723 247 813 290 planetus,

113 309 135 331 eo
146 300 195 343 quod
207 304 278 332 mortua
288 305 321 333 est.
344 299 412 333 Audito
426 299 510 341 tumultu,
527 299 625 333 Malachias
637 299 726 341 accurrit3
742 304 760 333 et
771 310 814 333 con-

113 357 206 387 sternatus
217 357 245 386 est
257 352 322 395 animo,
333 352 368 386 sibi
379 352 473 396 imputans
483 353 532 396 quod
543 352 626 386 fraudata
636 352 694 396 gratia
706 353 814 386 sacramenti

112 406 182 441 obierit.
206 404 229 439 Et
245 410 297 439 stans
312 416 369 449 super
382 416 428 448 eam,
444 410 481 439 tota
498 411 552 439 nocte
567 405 586 439 in
601 405 670 450 gemitu
686 415 720 439 suo
737 410 755 438 et
770 404 814 439 lietu

96 459 211 499 ,siaborabat
234 458 289 492 Mane
304 464 365 492 autem
378 458 444 492 mulier
456 459 542 501 aperiens
555 458 617 493 oculos
631 469 674 492 suos
689 469 710 493 se
726 458 785 492 erexit
796 464 814 492 et

113 513 220 555 episcopum
233 510 322 544 salutauit.
368 504 412 544 Fuit
424 513 473 544 enim
486 510 564 544 eadem²
575 512 641 544 mulier
648 511 713 555 spiritu
720 510 814 544 iracundie

113 568 131 596 et
139 564 205 597 suroris
215 563 234 596 in
244 568 315 596 tantum
324 563 400 606 repleta,
410 569 430 596 vt
439 573 477 596 non
489 563 549 596 solum
556 563 611 597 vicini
621 569 639 597 et
650 564 721 606 cognati
731 564 815 606 lugerent

113 616 225 650 consortium
234 615 279 657 eius,
290 616 323 650 sed
334 621 352 650 et
364 615 396 650 filii
407 615 465 660 ipsius
476 616 507 651 vix
519 615 631 651 sustinerent
642 616 723 651 habitare
735 626 777 650 cum
788 627 815 650 ea.

113 668 187 703 Clamor
205 667 250 702 suit3
268 673 286 702 et
308 679 373 702 rancor
391 669 421 703 et³
439 673 540 713 tempestas
562 669 627 711 valida,
646 669 749 712 Vbicunque
772 674 815 702 erat.

87 721 203 756 roDoientes
219 722 251 755 tilii
266 727 362 756 traurerunt
380 733 421 756 earn
440 723 462 756 ad
481 723 594 766 episcopum,
612 723 756 756 lachrimabilem
773 732 814 755 cum

114 774 160 808 fletu
176 774 320 819 querimoniam⁴
337 776 457 819 deponentes.
486 775 519 808 Vir
538 781 599 809 autem
618 780 693 809 sanctus
712 774 755 808 lecit
774 785 815 808 eam

114 832 188 870 peccata
200 839 233 862 sua
244 829 338 862 confiteri:
350 834 368 861 et
383 829 481 872 iniungens
494 827 619 871 penitentiam,
634 827 692 861 orauit
705 838 761 871 super
775 838 815 861 eam

114 885 133 913 vt
152 881 198 915 deus
221 881 338 924 omnipotens
357 881 408 914 daret
426 880 443 913 ei
462 880 547 923 spiritum
570 879 725 914 mansuetudinis:
747 878 778 912 et³
796 880 815 912 in

115 933 189 966 nomine
204 932 274 965 domini
290 932 345 965 ihesu
357 932 436 965 Christi³
450 944 474 964 ne
486 932 533 965 ultra
544 932 632 965 irascatur
647 932 702 966 iubet.
729 931 816 974 Sequitur

89 990 165 1030 r5tanta
183 986 304 1021 mansuetudo
323 990 341 1020 et
360 989 409 1020 tanta
423 985 516 1029 patientia,
531 990 555 1027 vt,
571 995 606 1030 que
625 995 690 1019 omnes
705 994 816 1029 exasperare

116 1040 191 1082 solebat,
200 1039 254 1072 nullis
266 1040 372 1083 exasperari
380 1039 471 1082 dampnis,
480 1041 599 1081 contumeliis,
608 1039 735 1072 afflictionibus
742 1038 816 1071 valeret.

116 1091 166 1135 Egofi
174 1097 235 1125 autent
248 1091 296 1124 istud
308 1092 397 1134 superiori
409 1092 495 1124 miraculo
507 1102 575 1124 censeo
585 1091 727 1134 preferendum:
739 1091 781 1134 quia
791 1091 816 1124 ibi

115 1144 196 1178 exterior
203 1144 282 1187 quidem,
295 1144 323 1177 hic
335 1154 379 1178 vero
391 1144 466 1177 interior
477 1144 581 1177 reuixeratt
592 1143 652 1177 homo.
696 1137 733 1177 Vir
743 1144 817 1187 quidam

116 1199 218 1230 secundum
231 1197 332 1230 mundum⁷
343 1196 460 1238 honorabilis,
472 1197 574 1230 secundum
588 1197 644 1230 deum
655 1197 755 1238 timoratus,
767 1196 817 1230 venit

89 1264 107 1285 ιο
115 1249 138 1282 ad
152 1254 236 1284 sanctum
249 1249 278 1283 dei
290 1253 308 1282 et
322 1255 434 1293 conquestus
446 1253 474 1282 est
490 1250 506 1282 ei
522 1258 578 1292 super
593 1249 687 1283 sterilitate
702 1248 763 1283 anime
778 1260 817 1291 sue,

116 1303 222 1346 supplicans
240 1308 259 1336 vt
278 1302 312 1336 sibi
329 1314 340 1335 a
358 1304 393 1336 deo
412 1302 488 1345 gratiam
507 1302 613 1345 impetraret
631 1302 765 1336 lachrimarum.
795 1302 818 1335 Et

116 1355 214 1388 subridens
231 1354 335 1395 Malachiae,
348 1366 370 1388 eo
384 1355 433 1397 quod
446 1360 518 1397 gratum
534 1354 610 1387 haberet
622 1355 641 1387 in
654 1355 728 1387 homine
740 1355 818 1387 seculari

116 1407 228 1442 desiderium
236 1406 336 1451 spirituale,
345 1417 397 1441 suam
405 1406 499 1440 maxillam
511 1405 584 1439 martille
592 1405 640 1439 illius
648 1406 701 1450 quasi
708 1405 818 1440 blandiendo

117 1460 229 1505 coniungens
241 1461 276 1495 ait:
290 1460 340 1494 ‘Fiat
350 1460 382 1495 tibi
392 1461 438 1494 sicut
447 1460 518 1504 petisti?
541 1460 611 1493 Tantos
619 1459 686 1493 exinde
694 1465 712 1494 et
719 1470 768 1503 pene
776 1471 818 1494 con-

90 1526 107 1556 25
116 1514 177 1547 tinuos
190 1513 251 1546 exitus
266 1524 354 1557 aquarum
368 1515 484 1547 deduxerunt
498 1513 545 1546 oculi
558 1514 602 1553 eius,
614 1518 633 1546 vt
644 1513 688 1545 iilud
700 1512 790 1556 scripture
802 1512 818 1546 ei

117 1577 173 1608 posse
192 1565 250 1609 aptari
266 1566 369 1599 videretur:
386 1566 436 1598 ‘fons
455 1564 560 1598 honorant
575 1569 641 1607 puteus
657 1575 746 1607 aquarum
757 1564 819 1598 viucn·

117 1617 173 1651 tium.'
218 1611 269 1651 Cum
289 1623 350 1650 autem
369 1623 443 1650 sanctus
463 1618 492 1650 dei
511 1622 625 1650 sacramenta
645 1617 724 1657 offerret,
743 1617 819 1649 intuitus

118 1670 214 1703 diaconum
228 1670 327 1713 ingemuit:
343 1675 361 1703 et
374 1674 447 1713 peracto
461 1669 522 1702 officio
534 1673 662 1712 percunctatus
675 1669 697 1703 de
709 1668 819 1703 conscientia

118 1734 151 1756 sua
163 1723 258 1756 confessus
269 1728 303 1765 est,
315 1728 332 1756 et
343 1734 380 1756 non
391 1724 470 1766 negauit,
478 1722 553 1755 illusum
564 1733 585 1755 se
594 1732 628 1765 per
638 1722 758 1765 sompn[i]um
765 1727 819 1756 nocte

90 1790 109 1819 ‚30
117 1775 163 1819 ipsa.
187 1775 220 1808 Cui
231 1776 351 1820 penitentiam
365 1775 462 1818 iniungens
474 1776 510 1809 ait:
524 1775 576 1808 ‘Non
587 1776 678 1808 debueras
689 1775 744 1810 hodie
756 1775 819 1809 minis·

118 1834 182 1871 trasse,
195 1830 228 1863 sed
239 1830 344 1863 verecunde
355 1834 374 1863 te
386 1829 493 1863 subtrahere
505 1829 562 1862 sacris
573 1833 592 1862 et
603 1828 675 1862 deterre
686 1827 741 1863 tantis
753 1827 819 1862 diuinis

118 1882 205 1917 misteriis
210 1882 221 1925 ⁹,
236 1887 255 1917 vt
271 1883 305 1916 hac
316 1883 417 1917 humilitate
431 1887 520 1926 purgatus
531 1881 604 1926 dignius
616 1882 682 1916 exinde
694 1882 818 1916 ministrares.¹

118 1929 163 1969 Alia
171 1935 220 1970 enim
229 1935 269 1970 vice
277 1936 391 1970 sacrificante
398 1936 428 1969 ilio
439 1941 458 1970 et
469 1940 533 1969 orante
540 1937 585 1969 hora
595 1935 684 1978 sacrificii,
694 1936 770 1969 diacono
780 1937 819 1970 visa

119 1993 147 2022 est
158 1988 242 2022 columba
254 1988 321 2022 intrare
333 1998 367 2031 per
380 1989 480 2022 fenestram
492 1990 511 2021 in
525 1989 606 2022 claritate
620 1999 696 2032 magna,
709 1988 819 2032 basilicaque

91 2052 160 2083 35cum
179 2040 266 2084 episcopo
284 2041 367 2085 refulget.
390 2041 478 2075 Columba
494 2051 538 2075 vero
554 2040 664 2084 aliquamdiu
680 2040 819 2082 circumuolans‚

118 2087 193 2128 tandem
205 2095 273 2128 residet
283 2104 339 2139 super
347 2105 420 2129 crucem
430 2102 472 2129 ante
482 2094 547 2129 faciem
559 2095 664 2129 sacerdotis.
688 2095 732 2129 Post
743 2095 819 2129 missam

119 2146 205 2180 diaconus
214 2157 224 2179 a
233 2146 322 2182 Malachia
332 2153 439 2190 conuentus,
450 2149 484 2183 sub
494 2149 575 2192 periculo
585 2148 622 2183 vite
632 2149 704 2183 iubetur
715 2150 819 2184 nullatenus

119 2205 211 2233 secretum
219 2200 303 2242 prodere,
312 2201 371 2243 quoad
378 2201 447 2235 viueret
455 2201 501 2244 ipse.
535 2195 643 2245 Aliquando
651 2213 693 2236 cum
701 2203 720 2236 in
726 2203 819 2236 Ardmaca

119 2257 169 2285 esset
180 2261 222 2285 cum
233 2252 311 2293 quodam
323 2252 409 2294 episcopo
421 2264 460 2295 suo,
472 2255 494 2287 de
506 2259 559 2287 nocte
571 2264 650 2297 surgens
661 2256 709 2297 cepit
721 2255 819 2289 memorias

91 2318 111 2346 4⁰
120 2310 225 2338 sanctorum
230 2304 260 2347 qui
265 2304 284 2337 in
290 2304 378 2338 cimiterio
384 2305 446 2339 Sancti
453 2306 524 2339 Patricii
531 2307 582 2340 multi
588 2307 600 2326 ¹⁰
608 2311 656 2349 sunt,
661 2308 730 2341 orando
736 2307 819 2342 lustrare.

120 2358 144 2391 Et
151 2368 194 2391 ecce
202 2367 258 2390 vnum
266 2358 290 2391 de
297 2358 384 2391 altaribus
395 2358 454 2392 subito
465 2360 529 2394 ardere
539 2360 657 2404 conspiciunt.
681 2361 704 2394 Et
714 2361 819 2404 intelligens

118 2412 147 2444 vir
165 2410 199 2452 dei,
219 2410 291 2454 signum
310 2422 352 2445 esse
371 2411 432 2455 magni
451 2414 511 2446 meriti
529 2414 602 2448 illorum
619 2425 696 2458 quorum
716 2416 750 2449 sub
767 2412 819 2448 altari

139 2493 173 2521 ῑΕ.
181 2492 251 2521 recessit.
288 2492 386 2522 ²Vtr.item.
422 2493 469 2523 iom.
477 2494 492 2523 in
500 2494 518 2524 T.
553 2493 719 2532 ⁴E.queremoniam.
756 2493 819 2525 ⁵sc.S.

119 2533 196 2562 Bernard.
246 2531 252 2548 ⁵
261 2532 291 2561 Viti
300 2533 379 2562 reuixerit.
429 2532 435 2549 ⁷
446 2543 475 2563 om.
483 2534 499 2563 in
506 2534 533 2570 T.;
543 2534 574 2565 Vit.
581 2536 656 2566 seculum.
703 2537 708 2553 ¹³
719 2536 736 2567 T.
745 2540 819 2566 ortorum·

118 2573 124 2589 ⁹
135 2573 153 2602 E.
160 2571 256 2602 ministeriis.
297 2571 308 2588 ¹⁰
319 2572 339 2601 al.
346 2581 377 2610 que
386 2594 389 2602 .
397 2594 401 2602 .
409 2573 462 2603 multe.
