1762 2803
284 104 329 162 br
344 104 444 159 &cacto
459 105 615 162 metumtot.
757 111 800 164 263

100 225 174 269 spondit
185 227 233 270 quod
241 231 311 261 tantum
319 232 358 262 erat
368 226 387 260 in
398 226 489 270 profundo
499 232 588 271 quantum
596 225 672 261 distaret
682 231 731 261 terra
739 236 750 260 a
758 226 803 261 celo.

101 278 134 312 Cui
153 279 268 314 Macharius:
292 280 373 313 ‘Suntne
391 279 446 323 aliqui
465 279 595 324 profundiores
610 281 650 313 tei’
670 280 706 313 ait:
726 279 803 319 ‘Etiam,

101 330 163 365 Iudei.'
186 331 209 365 Et
224 332 265 366 ille:
281 332 315 366 ‘Et
327 332 375 366 ultra
388 331 455 366 Iudeos
468 338 511 367 sunt
523 331 578 377 aliqui
592 331 742 377 profundiores?
765 330 803 366 Rc·

101 385 186 429 spondit:
206 386 347 420 ‘Prosundiores
362 385 447 420 omnibus
464 391 506 421 sunt
522 386 562 421 falsi
579 385 673 421 christiani
689 385 720 430 qui
735 384 803 420 Christi

100 439 189 483 sanguiue
199 439 290 483 redempti
300 445 369 474 tantum
380 439 462 483 precium
473 440 641 485 paruipenderunt!
685 432 753 474 ¹Alius
764 438 820 480 tta-5

100 491 178 534 charius,
189 491 303 526 Alexandrie
315 492 410 536 presbiter,
421 504 463 527 cum
475 493 494 527 in
506 494 551 528 cella
562 494 659 535 sederet,a
669 493 727 528 culice
738 492 803 526 uulne-

100 550 151 579 ratus
168 544 186 579 in
204 546 258 590 pede,
273 545 379 591 dolensque,
394 557 449 581 manu
467 557 500 582 sua
516 546 595 592 peremit
611 557 659 589 eum,
674 546 705 591 qui
721 544 803 580 moriens

100 598 199 640 plurimum
212 598 282 631 cruoris
292 599 360 632 effudit.
384 599 532 642 Reprehendens
542 599 597 643 igitur
606 610 627 632 se
636 599 703 643 ipsum,
714 599 763 642 quod
775 598 803 631 in-

100 649 164 684 iuriam
173 650 266 695 propriam
274 651 390 691 uindicasset,
398 651 422 686 ita
432 662 452 686 se
463 651 610 696 condempnauit,
618 656 637 686 ut
648 651 667 686 in
675 651 733 696 pratis
743 650 803 685 Sithie

100 703 161 737 nudus
177 713 211 747 per
226 713 259 737 sex
275 713 350 739 menses
363 705 441 746 sederet,
456 704 486 738 ubi
500 705 568 739 culices
581 703 655 748 pertulit
670 704 701 748 qui
716 713 802 747 aprorum
813 715 832 737 ro

100 766 173 799 quoque
183 756 298 800 perforarent
310 763 376 791 cutem.
399 757 430 791 Sic
443 768 487 801 ergo
498 763 547 791 totus
560 756 597 790 illic
608 757 724 791 exulceratus
738 761 771 798 est,
783 762 802 790 ut

100 808 194 843 tuberibus
206 820 241 853 per
253 809 315 844 omnia
328 810 368 845 eius
381 810 465 844 membra
477 808 592 854 turgentibus
604 809 733 854 elephantinus
744 808 803 843 visui¹

100 867 202 906 appareret.
225 862 330 906 Regressus
338 867 380 907 post
387 862 421 896 hee
429 863 452 896 ad
461 862 525 896 cellam
535 871 593 904 suam,
602 861 688 896 solacius
697 872 743 896 uoce
754 866 803 906 pate-

101 916 168 950 facturn
178 920 206 950 est
215 916 264 960 quod
275 915 315 960 ipse
326 920 375 950 esset
383 915 513 960 Macharius.]³

191 1031 206 1067 V
219 1023 252 1064 Da
263 1040 334 1064 saucro
346 1023 457 1064 Drcuirauo
469 1039 565 1063 nanctum
577 1039 600 1063 rr
611 1039 701 1063 namura
706 1030 718 1063 ⁴.

138 1107 194 1142 Eatus
207 1106 325 1142 Decumanus
336 1118 360 1142 ex
368 1106 432 1141 illustri
446 1112 474 1142 est
487 1106 573 1152 prosapia
586 1106 674 1142 oriundus
687 1107 705 1142 in
721 1105 832 1150 occiden-15

159 1160 225 1195 talibus
240 1160 325 1195 Cambrie
340 1160 428 1205 partibus,
443 1171 479 1204 que
497 1171 545 1195 nunc
562 1159 631 1195 Wallia
647 1165 768 1205 nuncupatur,
781 1171 805 1195 ex

100 1214 207 1257 parentibus
219 1213 293 1257 quidem
305 1212 404 1247 cultoribus
414 1212 507 1257 precipuis
519 1212 618 1247 christiane
630 1213 728 1257 religionis.
751 1212 805 1246 Natio

100 1265 192 1309 siquidem
206 1265 242 1306 illa,
256 1265 308 1309 prius
321 1275 376 1309 quam
390 1265 450 1299 maior
465 1264 560 1299 Britannia
574 1275 610 1309 que
625 1275 673 1298 nunc
688 1271 717 1299 est
732 1264 806 1308 Anglia,

100 1318 195 1352 barbarica
213 1318 285 1352 feritate
301 1318 384 1363 deposita
402 1323 421 1351 et
439 1318 502 1352 relicto
521 1328 584 1352 errore
600 1318 711 1362 gentilitatis,
727 1317 806 1351 viuificis

100 1370 172 1407 iniciata
180 1371 299 1406 sacramentis
306 1382 350 1406 mox
358 1371 431 1406 Christo
440 1382 460 1406 se
471 1370 556 1413 subdidit,
566 1376 585 1405 et
592 1371 703 1415 euangelicis
711 1370 806 1405 informari
815 1386 834 1407 πο

101 1425 167 1460 meruit
179 1424 270 1459 institutis.
298 1424 320 1459 In
331 1435 367 1469 qua
378 1425 497 1468 quamplures
508 1423 593 1459 effulsere
605 1424 642 1459 fide
655 1423 738 1469 preclari,
749 1423 806 1459 virtu·

100 1478 149 1512 tibus
159 1478 246 1522 insignes,
255 1477 347 1512 miraculis
356 1477 492 1511 choruscantes.
515 1477 566 1511 Inter
574 1487 621 1521 quos
632 1477 698 1521 pudice
710 1477 807 1518 enutritus,

101 1531 189 1564 catholice
194 1530 298 1573 instructus,
303 1531 352 1564 velut
358 1530 475 1564 luciscrinter
483 1530 564 1563 minores
572 1530 640 1572 stellas,
645 1530 728 1563 omnium
734 1540 806 1564 morum

101 1583 197 1617 honestate
205 1582 288 1626 preditus
296 1583 369 1617 emicuit
377 1582 501 1618 Decumanus.
525 1581 560 1617 Hic
568 1587 665 1626 postquam
673 1581 723 1617 domi
731 1582 807 1626 puerilia

100 1635 219 1676 transcendit,
225 1646 260 1678 per
266 1635 379 1669 incrementa
387 1635 490 1669 innocentis
496 1635 549 1669 etatis
555 1635 603 1679 cepit
609 1636 657 1669 bone
663 1636 730 1668 indolis
736 1635 807 1669 adoles·
817 1649 835 1679 ²5

101 1699 145 1723 cens
153 1699 200 1729 esse,
206 1693 224 1722 et
229 1699 350 1733 nequaquam,
356 1693 375 1723 vt
381 1688 438 1723 moris
444 1694 477 1732 est,
484 1694 546 1723 mente
553 1688 632 1733 euagari,
637 1700 702 1724 verum
711 1688 808 1732 discipline

101 1741 201 1785 regularis⁶
210 1742 309 1775 studiosius
320 1742 405 1775 coerceri.
433 1742 494 1775 Facile
505 1742 579 1786 quidem
587 1748 675 1786 precepta
682 1747 778 1776 transcunt
788 1741 807 1775 in

101 1794 191 1834 effectum,
199 1793 229 1827 vbi
237 1793 295 1837 gratia
305 1799 375 1838 prestat
385 1794 479 1837 auxilium,
489 1800 508 1828 et
519 1794 622 1829 obedientia
634 1794 691 1829 mollit
703 1794 808 1839 imperium.

101 1847 145 1881 Erat
156 1846 206 1882 enim
218 1858 279 1881 sermo
290 1858 354 1891 purus,
366 1847 422 1882 nichil
433 1848 504 1882 habens
514 1847 594 1889 lasciuie‚
603 1848 664 1889 nichil,
673 1848 733 1892 quoad
743 1848 807 1891 potuit,

101 1899 203 1938 ociositatis,
214 1900 247 1932 sed
257 1900 288 1942 qui
297 1905 345 1933 totus
357 1906 406 1933 esset
416 1901 439 1932 ad
451 1901 591 1933 edificationem.
614 1901 635 1933 ln
648 1901 693 1934 cibis
704 1906 722 1934 et
734 1901 807 1943 potibus
816 1916 836 1945 3⁰

101 1952 221 1996 temperantie
242 1951 324 1986 medium
342 1951 406 1994 tenuit,
423 1962 447 1986 ne
464 1962 541 1996 prorsus
558 1951 653 1986 abstinens
671 1952 808 1996 superstitionis

101 2003 229 2048 argue[re]tur,
237 2009 267 2037 aut
275 2004 373 2039 immodice
381 2015 457 2039 sumens
465 2005 539 2049 crapula
547 2009 659 2047 grauaretur.
679 2005 751 2040 Etcum
759 2004 808 2039 beati

102 2056 808 2098 Decumanicoetaneiautstudiovenandivariedelectati‚autstudioaliarum

101 2109 222 2155 quarumlibet
240 2109 307 2144 artium
324 2110 407 2154 occupati
422 2116 534 2154 tenerentur,
549 2109 580 2145 ille
597 2116 659 2155 spreta
674 2110 725 2145 omni
740 2111 808 2145 carnali

121 2184 126 2202 ¹
136 2185 181 2214 Vinc.
190 2183 229 2212 Bell.
237 2184 289 2213 XVII.
298 2193 323 2221 71.
383 2183 390 2200 ²
409 2185 443 2215 VB.
451 2185 570 2223 elephantiosus
577 2185 617 2215 vilis.

121 2227 127 2244 ³
138 2225 199 2256 Collect
206 2224 222 2253 in
229 2223 257 2254 Ta

122 2265 203 2302 Toxicate
209 2275 250 2300 torte
256 2272 301 2309 panis
306 2271 343 2301 bolo
349 2273 438 2309 degustato,
443 2273 486 2302 Perit
491 2282 547 2302 coruus
553 2277 600 2310 atque
605 2273 653 2310 canis,
659 2276 805 2303 sanctoreseruato.

101 2321 120 2350 V.
132 2311 239 2350 Occidentem
246 2319 314 2348 uisitauit
324 2320 378 2348 oriens
385 2319 451 2356 iusticie,
458 2321 497 2350 Cum
505 2330 534 2357 per
541 2325 612 2350 sanctum
620 2329 669 2350 cornu
678 2320 729 2350 Dauid
737 2328 807 2350 errorem

102 2360 169 2396 perfidie
180 2359 198 2388 ln
208 2359 266 2387 uirtute
276 2358 359 2387 uentilauit
369 2358 438 2387 racionis
448 2359 500 2396 obuie,
508 2360 528 2389 Et
538 2359 605 2388 salutem
616 2359 706 2396 propinauit
716 2368 754 2395 egre
763 2359 808 2396 prius

102 2399 180 2430 Cambrie.
202 2398 235 2428 Ora
242 2408 271 2435 pro

124 2438 172 2475 Deus
181 2447 208 2483 qui
217 2446 279 2475 beatum
287 2445 355 2484 [Dauid]
362 2444 470 2474 consessorem
480 2450 524 2474 tuum
534 2450 581 2482 atque
590 2446 681 2483 pontificem
688 2445 746 2484 angelo
753 2447 808 2475 nunei·

102 2490 139 2515 ante
146 2486 210 2523 triginta
215 2486 261 2515 annis
266 2489 350 2523 antequam
356 2488 448 2514 nasceretur
453 2485 543 2522 predixisti,
548 2494 632 2522 quesumus
638 2490 660 2521 ut,
666 2486 711 2515 cuius
716 2485 808 2515 memoriam

103 2525 192 2564 recolimus,
199 2526 233 2555 eius
239 2525 354 2555 intercessione
361 2525 380 2553 ad
388 2534 457 2562 superna
464 2525 521 2573 gaudia
525 2525 642 2573 perueniamus,
651 2536 684 2564 per.
701 2527 735 2585 ΕΒΓ.
741 2526 807 2573 Aberd.)

122 2564 421 2604 ⁴Ed.inA.SS.Boll.Aug.Vl.24.
442 2565 481 2595 This
490 2565 610 2596 liseisomrtted
618 2576 634 2596 in
642 2566 660 2598 T.
717 2566 808 2604 nreguhsi
