1762 2803
244 115 290 171 bt
305 114 405 168 &unctu
421 112 540 176 cctam.
700 118 743 173 365

41 237 129 276 nentioris
136 236 174 273 vite
185 235 243 281 gratia
252 234 295 270 illuc
306 240 428 270 secesserant.
450 233 529 277 Quidam
537 233 639 269 monastice
646 243 745 269 conuersa·

42 291 87 329 tioni
94 301 138 325 mox
146 300 166 324 se
174 289 309 333 mancipabant,
317 289 347 322 alii
356 289 415 333 magis
423 288 534 322 circueundo
542 299 577 333 per
584 287 641 322 cellas
649 286 745 330 magistro-

42 356 88 386 rum,
93 343 247 386 lectionioperam
252 342 297 375 dare
301 342 411 386 gaudebant.
424 340 476 383 Quos
481 351 546 376 omnes
551 339 745 375 incole¹libentissime

41 395 168 440 suscipientes,
178 394 247 429 victum
259 393 286 427 eis
298 394 424 438 quotidianum
436 392 476 427 sine
486 394 555 438 precio,
566 393 625 427 libros
638 402 711 437 quoque
721 393 744 426 ad

41 450 145 494 legendum,
151 453 169 481 et
177 445 303 491 magisterium
311 446 411 491 gratuitum
418 446 497 490 prebere
505 447 598 480 curabant.
618 445 676 479 Erant
683 450 745 479 autem
753 456 762 487 5

41 504 89 538 inter
97 501 138 537 illos
146 501 183 535 duo
190 499 268 534 iuuenes
278 509 345 544 magne
354 499 422 534 indolis
430 499 454 533 de
461 499 554 534 nobilibus
562 499 673 544 Anglorum,
682 498 745 533 Ethel-

42 557 101 591 hunus
109 561 128 589 et
136 554 238 598 Egbertus3
251 552 282 597 qui
290 564 332 588 cum
340 558 403 588 essent
410 552 429 587 in
437 553 549 588 monasterio
557 554 633 587 nomine
640 552 745 595 Rathmael,

42 614 60 643 et
71 617 136 641 omnes
148 606 192 640 socii
203 616 267 639 eorum
278 606 309 639 vel
322 605 432 640 mortalitate
444 606 468 639 de
481 606 544 641 seculo
556 605 610 650 rapti,
621 605 651 640 vel
664 615 699 649 per
710 605 745 640 alia

42 666 104 695 essent
111 660 151 693 loca
158 658 243 703 dispersi,
252 658 331 703 correpti
342 663 385 693 sunt
394 659 449 692 ambo
458 659 523 693 morbo
532 658 614 693 eiusdem
624 657 745 701 mortalitatis,

42 718 60 748 et
70 712 179 756 grauissime
189 710 256 745 afflicti.
279 710 371 755 Egbertus
378 711 434 753 enim,
442 721 483 744 cum
494 721 515 746 se
525 711 620 746 estimaret
630 711 744 754 moriturum,
754 723 773 746 ro

43 775 129 808 egressus
140 769 168 797 est
178 768 262 806 tempore
273 763 363 797 matutino
370 764 394 797 de
401 763 484 797 cubiculo
495 774 534 805 suo,
541 769 560 798 et
570 763 654 798 residens
665 763 715 798 solus
725 763 745 798 in

42 818 82 852 loco
90 821 185 861 oportuno,
194 815 242 860 cepit
252 815 329 850 sedulus
336 815 416 861 cogitare
428 816 452 850 de
462 815 533 851 actibus
543 816 588 859 suis,
596 822 614 850 et
626 821 746 861 compunctus

43 869 130 905 memoria
151 873 268 913 peccatorum
289 878 365 903 suorum
384 868 449 903 faciem
467 868 561 904 lachrimis
580 869 671 912 abluebat,
690 874 745 914 atque

42 922 106 958 intimo
113 934 137 957 ex
146 922 201 956 corde
210 922 265 957 deum
273 922 383 966 precabatur
393 933 417 957 ne
427 921 486 956 adhuc
494 921 541 957 mori
549 922 630 963 deberet,
638 921 745 966 priusquam

43 976 139 1021 preteritas
151 975 272 1019 negligentias
284 975 383 1018 perfectius
394 975 491 1019 castigaret
502 981 520 1010 et
532 975 614 1010 inbonis
626 975 713 1019 operibus
724 987 745 1010 se
755 989 773 1020 1⁵

43 1029 164 1063 abundantius
179 1033 280 1063 exerceret.
302 1028 358 1062 Vouit
373 1028 428 1063 etiam
444 1028 486 1072 quia
501 1029 547 1063 adeo
562 1028 672 1073 peregrinus
683 1027 746 1064 viuere

43 1081 103 1122 vellet,
107 1086 128 1116 vt
135 1092 230 1124 nunquam
238 1080 257 1114 in
265 1080 350 1123 insulam,
356 1080 376 1115 in
382 1092 418 1124 qua
424 1086 478 1115 natus
486 1087 520 1123 est,
526 1080 746 1125 scil.Angliam,rediret;

44 1139 61 1167 et
73 1133 121 1176 quod
132 1138 195 1177 preter
206 1132 312 1167 canonicam
324 1139 343 1168 et
354 1132 478 1177 quotidianam
489 1133 617 1177 psalmodiam,
626 1132 641 1167 si
653 1143 690 1167 non
701 1134 746 1168 vali·

43 1187 86 1219 tudo
96 1186 179 1230 corporis
189 1186 293 1227 obsisteret,
301 1186 381 1230 quotidie
391 1185 499 1230 psalterium
508 1192 568 1220 toturn
579 1186 689 1228 decantaret,
697 1193 716 1220 ct
726 1187 745 1220 in

43 1239 92 1272 omni
103 1240 206 1283 septimana
217 1239 265 1273 diem
277 1249 318 1273 cum
330 1244 384 1273 nocte
391 1238 575 1274 ieiunusltransiret.
598 1239 681 1283 Cumque
689 1239 745 1275 finitis
754 1253 773 1276 ao

43 1291 140 1334 lachrimis,
152 1291 238 1335 precibus
253 1296 272 1325 et
284 1292 337 1333 votis,
350 1292 425 1325 domum
440 1290 514 1334 rediret,
528 1291 610 1325 sodalem
623 1292 745 1326 dormientem

43 1343 117 1379 inuenit.
141 1344 215 1379 Etcum
226 1344 312 1389 paulatim
322 1344 341 1379 in
353 1345 400 1379 lecto
411 1344 518 1389 quiesceret,
527 1344 666 1389 expergefactus
677 1345 746 1381 sodalis

44 1398 126 1441 respexit
137 1409 184 1439 eum,
196 1402 214 1431 et
225 1397 259 1432 ait:
273 1397 300 1431 ί0
310 1398 366 1432 frater
377 1398 462 1442 Egberte,
473 1408 484 1431 o
494 1397 538 1442 quid
549 1397 620 1433 iecisti?
642 1397 745 1441 Sperabam

44 1449 85 1492 quia
95 1451 164 1494 pariter
174 1450 261 1483 advitam
272 1456 355 1484 eternam
364 1451 482 1484 intraremus.
503 1451 636 1484 Verumtamen
648 1450 693 1484 scito
704 1451 746 1495 quia

44 1513 79 1546 que
91 1502 187 1547 postulasti
201 1503 291 1547 accipies)
313 1503 407 1537 Didicerat
418 1503 468 1537 enim
479 1513 514 1547 per
524 1503 616 1537 visionem
627 1507 646 1537 et
659 1502 703 1547 quid
715 1504 746 1538 ille
755 1519 774 1549 ²5

44 1555 120 1597 petisset
131 1561 150 1590 et
161 1555 204 1599 quia
215 1555 271 1599 petita
282 1555 405 1599 impetrasset.
429 1555 535 1590 Ethelhuno
542 1566 587 1590 vero
597 1555 682 1599 proxima
693 1563 747 1591 nocte

44 1607 135 1650 defuncto,
143 1608 235 1651 Egbertus
246 1618 326 1642 excussa
337 1608 446 1652 egritudinis
458 1608 542 1642 molestia
553 1608 650 1649 conualuit,
659 1613 678 1642 et
689 1610 747 1643 multo

44 1664 107 1703 postea
118 1665 203 1705 tempore
214 1662 233 1694 in
245 1660 299 1695 bonis
311 1662 382 1695 actibus
392 1671 522 1705 perseuerans,
534 1671 583 1695 anno
597 1660 666 1694 domini
677 1662 747 1706 septin-

44 1712 147 1754 gentesimo
160 1712 248 1747 vicesimo
263 1723 318 1756 nono,
332 1718 350 1748 et
365 1712 418 1748 etatis
433 1723 467 1748 sue
482 1723 530 1747 anno
545 1712 670 1756 nonagesimo,
682 1719 747 1749 octauo

44 1764 132 1801 kalendas
146 1766 189 1801 maii
202 1767 226 1800 ad
238 1777 296 1810 regna
309 1766 383 1801 celestia
398 1765 489 1810 migrauit.
512 1766 569 1801 Duxit
584 1770 645 1800 autern
657 1765 714 1802 vitam
727 1767 746 1802 in
755 1783 774 1813 3⁰

44 1828 111 1862 magna
118 1820 231 1863 humilitatis,
236 1820 387 1862 mansuetudinis,
394 1819 511 1863 continentie,
519 1819 646 1864 simplicitatis,
652 1825 670 1854 et
677 1819 746 1856 iustitie

44 1871 161 1914 perfectione.
178 1873 232 1907 Vnde
240 1878 259 1907 et
266 1873 316 1917 genti
324 1884 363 1914 sue,
371 1879 389 1907 et
397 1872 433 1907 illis
440 1872 460 1906 in
468 1872 534 1916 quibus
542 1872 628 1907 exulabat
635 1872 746 1915 nationibus,

45 1926 130 1970 exemplo
142 1926 217 1961 viuendi
230 1931 249 1960 et
263 1926 349 1960 instantia
362 1925 439 1960 docendi
452 1931 471 1960 et
485 1926 593 1960 auctoritate
605 1926 715 1969 corripiendi
728 1933 747 1961 et

45 1976 111 2018 pietate
123 1979 211 2022 largiendi
223 1980 246 2013 de
258 1978 293 2012 hiis
304 1991 340 2022 que
351 1990 362 2013 a
373 1979 459 2012 diuitibus
473 1985 573 2022 acceperat,
585 1978 662 2012 multum
674 1980 746 2021 profuit.

45 2027 121 2064 Addidit
135 2036 196 2064 autem
207 2029 255 2065 votis
266 2041 302 2074 que
313 2030 399 2071 diximus,
410 2035 429 2065 vt
440 2040 516 2074 semper
526 2029 546 2064 in
557 2029 697 2074 quadragesima
708 2042 746 2065 non
755 2044 774 2076 ³5

44 2081 86 2123 plus
101 2094 156 2127 quam
171 2084 230 2118 semel
245 2083 264 2117 in
280 2084 309 2118 die
324 2084 414 2126 reficeret,
425 2094 462 2117 non
477 2083 525 2118 aliud
539 2093 594 2127 quam
607 2093 674 2126 panem
686 2088 704 2117 et
718 2084 746 2118 lac

45 2135 173 2170 tenuissimum
181 2146 222 2171 cum
231 2146 318 2171 mensura
325 2142 412 2181 gustaret.
431 2136 485 2178 Quod
493 2136 568 2180 quidem
576 2136 603 2170 lac
611 2135 669 2179 pridie
677 2146 746 2171 nouum

45 2184 64 2219 in
70 2186 111 2223 fiala
117 2200 187 2234 ponere
193 2189 268 2231 solebat,
275 2194 293 2223 et
300 2195 342 2235 post
348 2195 426 2232 noctem,
433 2189 493 2224 ablata
499 2188 597 2234 superficie
603 2188 697 2231 crassiore,
704 2200 746 2223 cum

46 2241 117 2275 modico
126 2253 174 2286 pane
184 2243 279 2276 residuum
289 2243 369 2277 bibebat.
391 2243 448 2277 Cuius
458 2243 533 2276 modum
542 2241 653 2276 continentie
664 2242 747 2285 [etiam]³

46 2294 165 2339 quadraginta
175 2295 240 2331 diebus
248 2301 290 2330 ante
301 2296 367 2338 natale,
376 2301 394 2331 et
404 2295 480 2330 totidem
491 2300 532 2339 post
542 2299 661 2339 pentecosten
672 2304 747 2340 semper
754 2313 775 2343 4⁰

46 2344 145 2382 obseruare
157 2349 236 2382 curabat.
279 2342 350 2384 ⁴Circa
362 2359 430 2383 annum
442 2348 512 2382 domini
523 2346 679 2382 sexcentesimum
691 2358 747 2382 nona-

46 2397 136 2438 gesimum
151 2400 263 2434 venerabilis
278 2400 357 2434 famulus
372 2400 439 2434 Christi
453 2400 544 2444 Egbertus
558 2399 642 2443 pluribus
657 2401 747 2443 prodesse

47 2453 146 2494 proposuit,
154 2458 173 2486 et
182 2453 259 2487 verbum
270 2453 304 2496 dei,
313 2463 349 2497 que
358 2453 440 2487 nondum
450 2451 546 2487 audierant
557 2451 644 2496 gentibus
655 2454 748 2498 euangeli-

46 2503 104 2538 zando
119 2506 238 2541 committere.
261 2505 343 2548 Quarum
358 2506 377 2540 in
392 2503 491 2540 Germania
506 2504 595 2550 plurimas
611 2510 688 2540 nouerat
705 2518 747 2542 esse

66 2564 186 2600 ¹Bed.Scott'r
247 2568 351 2600 ²E.ieuniis.
413 2569 460 2599 ³om.
521 2568 635 2609 ‘Beda,V.9.
