1762 2803
110 106 153 149 114
299 89 618 154 annumerabuntur.

108 213 182 257 ingenio
190 214 322 257 comprehendi
330 219 427 256 nequeant,
436 225 468 247 cur
476 213 531 247 michi
539 212 642 254 derogasti?
653 223 710 255 quare
721 223 751 246 me
761 212 810 246 blas·

108 267 198 310 phemare
206 265 290 301 voluisti?
313 265 361 299 Ecce
373 265 422 299 enim
430 265 539 309 grauiorem,
546 276 600 309 quam
609 265 697 299 hactenus
706 275 772 308 passus
784 274 810 307 es,

108 319 233 353 infirmitatem
241 323 259 352 et
267 319 369 352 molestiam
380 318 448 352 inuitus
456 318 561 359 sustinebis,
569 329 591 351 eo
600 319 648 361 quod
655 318 717 351 verbis
725 318 810 351 inanibus

109 372 165 406 michi
173 372 265 405 irridendo
273 370 372 405 detraxisti.
392 371 453 405 Ceteri
461 382 534 415 quoque
542 382 588 414 quos
596 382 626 405 me
636 369 681 414 [in]¹
690 369 771 405 derisum
780 369 810 403 ha-

92 438 100 466 5
109 425 172 459 buisse
180 435 275 467 cognosco,
283 424 333 457 illum
344 424 424 458 maxime
430 424 461 468 qui
470 425 545 458 dentem
554 435 616 458 meum
624 424 672 458 furto
681 423 764 465 abstulit;
775 423 811 457 nisi

109 475 228 520 penitentiam
236 477 306 518 agendo
315 477 430 519 resipuerint,
439 477 491 521 penis
500 488 541 511 cum
549 477 611 520 impiis
619 477 686 510 amaris
697 488 718 511 se
730 476 811 520 torqueri

109 529 229 573 cognoscant!
248 528 290 562 Hiis
300 527 353 563 dictis
363 529 435 573 alapam
448 529 542 573 ingentem
554 529 573 564 in
585 528 650 564 faeiem
663 528 703 563 eius
716 529 776 564 dedit:
793 534 811 563 et

109 593 152 616 mox
164 581 303 625 expergefactus
317 594 327 615 a
340 593 424 626 sompno,
438 594 493 626 quern
507 588 548 616 ante
562 584 677 625 despexerat,
690 588 733 616 tunc
747 582 811 617 timere

109 639 127 668 et
135 634 218 669 venerari
230 635 284 677 cepit,
296 634 341 669 diris
353 640 415 668 tamen
427 640 522 678 correptus
535 636 616 669 febribus
628 646 662 679 per
673 640 730 669 totum
742 645 811 669 annum

82 702 101 722 10
109 687 183 723 liberari
190 687 279 731 nequiuit.
303 687 356 729 Quod
365 698 406 721 curn
414 698 448 732 per
456 687 539 722 ordinem
547 688 604 722 abbas
612 694 630 723 et
638 688 704 722 fratres
712 687 811 730 audissent,

109 741 155 773 dens
163 751 174 773 a
182 741 237 773 fratre
249 746 333 782 receptus
345 741 364 773 in
376 741 435 773 locum
445 751 499 774 suum
511 741 616 781 restituitur,
624 746 642 775 et
651 741 715 774 laudes
725 746 743 773 et
755 740 812 783 gratie

109 792 132 826 ab
140 792 225 826 omnibus
233 792 268 826 deo
276 798 294 826 et
302 797 365 826 sancto
372 792 412 827 eius
420 792 529 827 referuntur.

405 913 494 948 Narratio.

132 957 179 1000 [MS.
187 955 227 990 Tib.
235 957 291 991 adds:

134 1002 201 1044 Frater
210 1010 284 1053 quidam
294 1021 336 1044 cum
348 1021 359 1044 a
370 1010 436 1053 spiritu
447 1009 572 1045 fornicationis
585 1015 685 1051 teneretur,
697 1009 779 1053 perrexit
790 1010 813 1043 ad

111 1063 203 1105 quendam
211 1073 276 1096 senem
284 1073 370 1106 magnum
377 1068 395 1096 et
403 1064 478 1106 rogabat
484 1074 526 1096 eum
531 1062 595 1096 dicens
602 1074 606 1096 z
619 1063 712 1096 ‘Ostende
718 1062 812 1096 caritatem

84 1128 102 1157 15
111 1119 129 1148 et
135 1126 167 1148 ora
173 1125 207 1158 pro
214 1126 256 1148 me:
267 1115 310 1158 quia
317 1115 438 1149 fornicacione
446 1115 543 1149 sollicitor)
566 1116 628 1149 Senex
636 1121 696 1149 autem
705 1117 814 1158 deprecatus

111 1172 139 1200 est
151 1167 245 1200 dominum
256 1178 290 1210 pro
302 1178 329 1201 eo.
353 1168 376 1201 Et
385 1169 467 1202 secundo
477 1168 555 1201 ueniens
566 1169 589 1201 ad
601 1178 671 1208 senem,
683 1169 763 1201 eundem
775 1177 813 1200 ser-

111 1229 185 1252 monem
201 1218 251 1252 dixit.
279 1219 302 1252 Et
317 1230 355 1253 non
370 1220 451 1263 neglexit
466 1231 524 1253 senex
537 1231 602 1264 rogare
613 1231 647 1263 pro
658 1220 699 1263 ipso
713 1220 814 1261 dominum,

111 1272 186 1306 dicens:
198 1272 293 1314 ‘Domine
305 1273 367 1307 reuela
378 1272 433 1307 michi
443 1273 492 1306 unde
505 1273 524 1306 in
535 1273 569 1306 hoc
578 1272 634 1306 fratrc
646 1272 727 1315 operatio
740 1278 768 1306 est
779 1272 815 1306 ista

111 1324 183 1365 diaboli,
197 1324 283 1368 quoniam
299 1325 407 1369 deprecatus
423 1336 464 1359 sum
479 1331 497 1359 te
513 1330 531 1359 et
545 1325 628 1369 requiem
641 1326 720 1359 necdum
733 1324 814 1359 inuenit)

85 1391 103 1412 20
112 1376 135 1409 Et
150 1377 196 1411 uidit
211 1388 269 1411 senex
284 1378 359 1412 fratrem
374 1379 476 1421 sedentem,
488 1384 506 1412 et
523 1378 607 1422 spiritum
622 1378 749 1412 sornicacionis
764 1378 815 1412 iuxta

112 1441 154 1464 eum
167 1436 185 1465 et
197 1431 249 1474 quasi
261 1432 355 1466 ludentem
367 1443 408 1466 cum
420 1443 448 1474 eo,
460 1438 478 1466 et
489 1432 565 1475 angelus
577 1432 636 1465 stabat
649 1431 717 1465 missus
729 1432 752 1465 ad
764 1431 814 1465 adiu-

112 1483 178 1516 torium
191 1489 210 1516 et
221 1483 350 1527 indignabatur
364 1486 454 1518 aduersus
472 1484 547 1517 fratrem
561 1484 612 1517 illum
629 1484 670 1527 quia
685 1495 722 1516 non
738 1494 759 1517 se
773 1494 814 1526 pro-

113 1537 207 1569 sternebat
215 1537 255 1576 deo,
261 1541 289 1569 set
295 1537 347 1578 quasi
352 1537 477 1570 delectabatur
484 1536 503 1569 in
514 1536 661 1579 cogitacionibus,
669 1541 725 1569 totam
733 1541 814 1569 mentem

113 1596 166 1620 suam
178 1588 201 1620 ad
213 1588 247 1620 noc
259 1588 354 1621 inclinans.
377 1588 400 1621 Et
412 1588 529 1621 annunciauit
540 1588 558 1620 ei
567 1599 626 1621 senex
636 1588 711 1621 dicens:
725 1588 762 1621 ‘Tu
772 1599 815 1621 con·

86 1649 104 1680 25
114 1639 171 1674 sentis
181 1639 288 1682 cogitacioni
296 1642 338 1683 tue,'
348 1646 366 1675 et
378 1640 439 1675 docuit
449 1650 490 1675 eum
499 1642 590 1684 quomodo
600 1641 676 1675 deberet
686 1640 784 1675 resistere:
797 1647 815 1674 et

113 1696 156 1726 tunc
164 1691 235 1727 inuenit
242 1692 325 1736 requiem
333 1705 343 1727 a
351 1692 473 1737 temptacione
481 1703 514 1727 sua
519 1693 538 1736 ².]

192 1871 207 1908 ll
218 1863 265 1904 ΒΒΕ
276 1880 347 1905 saucro
360 1863 453 1905 Brnnaco
465 1871 589 1914 [consessore
601 1881 624 1904 rr
635 1871 716 1913 assare]
723 1871 735 1905 ⁴.

89 1980 91 1983 .
155 1953 191 1987 Rat
202 1958 264 1986 autem
276 1953 369 1987 Bernacus
380 1953 475 1988 venustis⁵
486 1959 561 1988 ornatus
577 1953 664 1996 moribus,
675 1953 769 1997 titulisque
780 1953 815 1987 vir-

175 2012 234 2039 tutum
249 2006 351 2048 insignibus
365 2007 469 2049 excellens;
487 2008 509 2040 ab
522 2008 609 2041 uberibus
622 2007 686 2041 matris
698 2018 731 2041 sue
745 2007 774 2041 dei
787 2008 816 2041 sui

113 2071 181 2094 nomen
196 2058 310 2101 amplectens
325 2059 401 2102 eiusque
417 2060 502 2093 mandata
515 2071 551 2093 non
563 2061 672 2104 preteriens.
704 2061 734 2093 Ab
749 2060 815 2093 illustri

86 2114 204 2158 30siquidem
219 2111 305 2155 prosapia
320 2117 376 2154 ortus,
387 2112 455 2146 diuitiis
470 2113 569 2147 admodum
585 2114 706 2157 locupletatus
722 2113 785 2155 extitit,
797 2119 816 2147 et

113 2164 227 2209 patrimoniis
243 2165 333 2198 dilatatus.
357 2164 424 2198 Omnia
436 2170 497 2199 tamen
513 2172 588 2209 propter
600 2167 655 2200 deum
671 2167 745 2200 demum
761 2165 816 2200 relin-

113 2229 177 2263 quens,
190 2215 267 2249 transito
281 2227 371 2259 prospere
386 2217 438 2259 mari,
453 2217 531 2251 Romam
547 2228 625 2261 peregre
640 2217 765 2261 proficiscitur.
788 2218 816 2251 Eo

133 2289 138 2307 ¹
149 2301 167 2321 so
172 2292 201 2328 T.;
212 2300 242 2321 om,
251 2291 268 2319 in
276 2291 294 2319 E.

133 2328 139 2346 ²
149 2333 171 2360 At
177 2331 205 2360 the
211 2331 272 2359 bottom
279 2331 293 2359 is
300 2330 327 2359 the
334 2330 416 2367 following
423 2331 488 2360 collect:

135 2375 245 2416 Omnipotens
259 2380 355 2417 sempiterne
369 2381 408 2410 deus
422 2381 448 2417 qui
462 2380 553 2410 mirabiliter
566 2381 617 2417 fulges
631 2380 647 2409 in
661 2380 715 2410 electis
731 2382 761 2411 tuis
777 2391 816 2418 quos

115 2424 131 2448 te
138 2421 225 2449 habitatore
231 2420 249 2457 tl)
262 2420 348 2457 glorificare
355 2420 423 2455 uoluisti,
431 2421 500 2449 concede
509 2421 559 2456 nobis,
568 2429 658 2457 quesumus,
666 2421 707 2450 beati
717 2421 785 2458 Benigni
795 2422 817 2451 ita

115 2459 228 2497 depositionem
236 2459 308 2487 uenerari
315 2464 332 2488 ut
339 2459 373 2488 eius
380 2460 431 2488 suffra.
439 2482 443 2489 .
452 2483 455 2489 .
463 2482 467 2490 .

132 2498 230 2567 {Abridged
237 2498 276 2528 froin
283 2500 311 2529 the
317 2499 353 2529 Vita
360 2500 376 2529 in
384 2500 417 2530 MS.
423 2499 470 2537 Vesp.
479 2499 498 2528 Α,
505 2499 548 2530 ΚΝ,
555 2500 579 2531 ed.
587 2500 635 2537 Rees,
641 2509 656 2537 p.
663 2509 676 2530 1.
702 2498 708 2517 ⁴
717 2501 769 2530 added
776 2501 792 2529 in
797 2500 815 2531 T.

114 2539 120 2557 ⁵
146 2542 237 2569 ,venustus
