1762 2803
241 116 287 172 me
301 113 402 168 &aaut
417 114 540 176 1111111111.
697 119 740 174 287

39 237 94 281 pallia
102 237 182 272 demissa
190 241 233 272 sunt
241 238 273 273 eis.
319 229 414 272 Nunciata
421 241 464 272 sunt
472 242 536 272 sancto
544 236 622 272 Patricio
630 236 742 280 malaopera

39 291 134 325 cuiusdam
146 292 195 335 regis
207 290 303 324 Britonum
315 290 390 324 nomine
402 289 475 325 Ceritici
481 289 492 332 ¹,
504 288 583 324 crudelis
594 288 668 330 tiranni,
679 300 743 334 perse·

39 343 123 388 quutoris
130 349 148 379 et
156 343 278 379 interfectoris
286 343 432 378 christianorum.
451 342 474 377 Et
482 343 572 388 cogitabat
577 343 667 377 Patricius
672 349 692 377 vt
700 353 743 377 con-

39 401 120 431 uerteret
128 397 190 432 illum:
202 396 288 441 misitque
296 397 319 431 ad
327 407 370 432 eum
378 397 474 441 epistolam
481 409 485 440 ;
497 407 553 441 quam
560 397 591 431 ille
599 397 699 436 deridebat,
706 406 744 431 vna

40 460 82 484 cum
87 451 169 485 doctrIna
175 449 220 485 eius.
240 449 263 485 Et
269 449 327 485 orauit
334 449 423 485 Patricius
429 451 452 485 ad
458 449 552 484 dominum
558 455 576 485 et
583 449 639 486 dixit:
648 449 743 492 ‘Domine
751 460 760 491 5

40 503 56 537 si
64 504 104 537 fieri
112 509 178 547 potest,
183 504 257 547 expelle
265 503 314 538 hunc
321 504 423 547 pessimum
430 504 453 537 de
459 503 541 546 presenti
550 504 612 537 seculo
618 509 636 537 et
642 504 666 536 de
672 504 743 536 futuro!

41 555 64 589 Et
72 566 120 597 ecce,
129 566 170 590 cum
178 566 211 590 rex
219 556 328 590 constitutus
336 559 385 590 esset
395 556 414 589 in
423 555 484 589 medio
492 554 536 597 soro,
544 554 592 589 illico
600 560 681 590 mutatus
688 561 717 589 est
724 554 743 588 in

40 608 118 643 sormam
126 608 217 653 vulpeculi
225 621 287 644 coram
295 608 385 651 omnibus,
394 615 412 644 et
423 610 447 643 ab
458 609 488 643 illa
499 610 544 643 hora
555 609 574 643 in
586 610 641 643 terris
652 619 743 654 nusquam

40 662 147 706 comparuit.
192 655 240 697 Erat
251 662 325 707 quidam
337 663 356 697 in
367 664 442 707 regione
450 662 524 696 Vltonie
534 662 608 697 nomine
617 662 691 706 Maguil,
698 672 744 706 gen·

40 715 82 756 tilis,
91 715 182 759 malignus
192 716 246 750 valde
256 720 275 750 et
286 716 374 750 tirannus.
398 715 434 749 Hic
445 725 487 749 cum
498 715 574 750 vidisset
586 714 690 755 Patricium,
698 714 743 749 dixit
754 725 772 748 1ο

40 767 95 802 sociis
103 768 152 804 suis:
164 768 222 803 ‘Ecce
230 770 317 803 seductor
324 769 365 803 ille:
378 779 442 802 eamus
449 773 468 802 ct
478 773 591 812 temptemus
599 778 648 810 eum,
655 773 674 801 vt
681 768 744 801 videa-

40 830 82 853 mus
94 819 195 864 potentiam
207 820 267 855 illius!
290 820 343 855 Tunc
355 825 457 865 posuerunt
468 831 524 854 vnum
536 830 602 854 sanum
614 821 648 854 sub
656 830 706 865 sago,
716 820 744 854 in·

40 873 146 907 firmitatem
154 873 218 908 mortis
228 873 352 915 simulantem,
360 879 379 908 et
387 874 473 908 diuemnt
481 878 555 908 sancto:
568 873 652 908 ‘Accede
662 879 681 908 et
691 879 745 908 canta

40 937 97 971 super
112 937 154 961 eum
169 926 239 971 aliquas
254 926 388 961 incantationes
403 931 449 967 tuas,
463 931 483 961 vt
498 936 555 961 sanus
570 925 604 962 sit.¹
632 925 668 970 Qui
682 925 744 962 sciens

40 979 117 1014 fallatias
124 991 194 1021 eorum,
202 980 258 1015 dixit:
271 980 320 1014 ‘Nec
327 980 394 1014 mirum
405 979 420 1014 si
431 979 515 1014 infirmus
526 980 565 1014 est!
586 979 638 1014 Tunc
649 978 693 1013 socii
704 979 744 1014 eius
753 989 771 1020 15

40 1032 92 1067 illum
105 1039 197 1067 mortuum
210 1033 332 1068 inuenerunt:
349 1038 368 1067 et
381 1033 533 1077 obstupescentes
548 1032 597 1067 inter
611 1043 632 1067 se
647 1032 743 1069 dixerunt:

40 1086 99 1121 ‘Vere
111 1086 140 1120 hic
152 1086 207 1120 horno
219 1086 248 1120 dei
260 1087 299 1121 est!
322 1086 363 1120 Hoc
374 1085 440 1120 videns
451 1086 520 1130 Maguil
531 1086 608 1120 credidit
620 1087 661 1127 deo,
669 1092 688 1120 et
699 1086 743 1129 bap·

40 1138 106 1171 tizatus
117 1143 151 1171 est.
175 1139 198 1171 Et
210 1139 255 1171 dixit
267 1137 355 1172 Patricio:
368 1137 451 1172 ‘Penitet
462 1147 492 1172 me
504 1138 546 1182 qula
558 1138 646 1182 temptaui
658 1142 688 1172 te:
700 1148 743 1173 ecce

40 1201 89 1225 nunc
108 1190 170 1225 omnia
188 1201 297 1234 quecunque
316 1190 385 1225 dixeris
406 1190 450 1225 mihi
472 1190 548 1225 faciam)
578 1190 668 1225 Patricius
686 1190 743 1226 dixit:

40 1243 93 1278 ‘Non
101 1254 178 1288 possum
186 1243 266 1279 iudicare
274 1249 297 1285 te,
306 1244 339 1279 sed
347 1244 393 1278 deus
400 1243 492 1278 iudicabit.
514 1244 603 1278 Attamen
610 1254 659 1278 nunc
665 1245 712 1278 vade
720 1245 743 1278 ad
753 1259 773 1281 ro

41 1307 97 1338 mare,
105 1295 150 1330 nihil
158 1297 224 1331 tollens
232 1302 293 1332 tecum
302 1297 326 1331 de
336 1302 367 1331 tua
378 1296 479 1331 substantia
489 1302 552 1341 preter
558 1296 594 1331 vile
602 1295 743 1332 vestimentum:

40 1350 121 1385 ascende
131 1349 150 1385 in
162 1360 229 1385 nauem
237 1349 292 1385 vnius
302 1349 361 1394 pellis,
370 1349 410 1385 sine
421 1349 545 1394 gubernaculo
556 1354 575 1385 et
584 1360 642 1392 remo,
653 1355 672 1384 et
679 1350 744 1394 colliga

41 1403 100 1445 pedes
111 1408 152 1437 tuos
164 1403 253 1447 compede
265 1403 325 1436 ferreo
337 1409 356 1436 et
368 1403 436 1447 proiice
448 1403 519 1437 elauem
531 1402 573 1437 eius
584 1402 604 1437 in
615 1412 677 1437 mare:
692 1408 711 1437 et
721 1404 745 1437 ad

41 1466 169 1500 quamcunque
179 1462 247 1491 terram
255 1462 322 1491 ventus
332 1461 351 1491 te
362 1457 468 1501 portauerit,
476 1460 515 1491 esto
525 1456 549 1490 ibi
561 1455 645 1491 seruiens
653 1456 698 1491 deo!
721 1455 745 1491 Et

40 1508 82 1543 ille:
95 1508 136 1543 ‘stc
148 1509 212 1544 faciam
224 1509 271 1543 sicut
282 1508 356 1544 dixisti!
376 1508 393 1544 T
394 1521 429 1544 unc
441 1508 535 1544 suscitauit
544 1508 633 1544 Patricius
642 1508 702 1543 virum
713 1509 744 1554 qui
753 1523 772 1553 ²5

41 1567 124 1596 mortuus
131 1562 207 1597 iacebat.
229 1562 253 1596 Et
263 1561 282 1596 in
293 1563 323 1597 illa
331 1562 361 1597 die
369 1563 454 1607 migrauit
463 1562 531 1606 Maguil
540 1563 563 1597 ad
571 1572 628 1605 mare,
637 1567 655 1597 et
662 1562 745 1597 ascendit

41 1614 60 1649 in
74 1625 153 1650 nauem:
171 1621 189 1650 et
201 1620 267 1649 ventus
281 1616 360 1660 portauit
376 1627 418 1651 eum
433 1617 456 1650 ad
470 1616 549 1650 insulam
562 1615 649 1650 Mannan.
672 1615 745 1650 Inuenit

41 1674 102 1701 autem
112 1667 137 1701 ibi
148 1669 194 1702 duos
205 1674 279 1702 sanctos
289 1669 397 1713 episcopos:
409 1669 440 1713 qui
448 1669 532 1703 videntes
544 1679 592 1709 eum,
600 1668 660 1702 mirati
672 1674 715 1702 sunt
726 1675 745 1703 et

41 1720 111 1755 miserti
117 1724 159 1755 sunt
164 1720 217 1755 illius.
231 1720 391 1765 Eleuaueruntque
396 1731 439 1756 eum
444 1722 467 1756 de
473 1720 518 1756 mari
524 1731 565 1756 cum
570 1719 644 1766 gaudio:
653 1726 671 1755 et
677 1720 745 1756 mansit

40 1772 66 1807 ibi
74 1784 115 1808 cum
123 1773 165 1814 illis,
173 1779 192 1808 et
199 1778 264 1817 postea
271 1775 349 1818 gradum
356 1773 480 1819 episcopalem
488 1774 570 1818 accepit3
582 1779 601 1809 et
611 1774 630 1808 in
639 1774 675 1809 illis
685 1775 745 1819 regio·
753 1787 774 1818 30

41 1826 96 1861 nibus
107 1827 185 1861 habetur
195 1837 262 1869 magna
273 1826 337 1862 ciuitas
346 1827 414 1872 Maguil
423 1828 505 1872 episcopi
514 1838 573 1872 vsque
583 1826 644 1862 hodie
689 1820 744 1863 Sedit

42 1880 120 1924 quadam
132 1879 162 1914 die
174 1879 263 1915 Patricius
274 1880 293 1915 in
305 1881 360 1925 agro²
371 1881 432 1926 plebei
446 1880 550 1916 cuiusdam:
567 1880 598 1925 qul
609 1879 675 1916 videns
687 1891 745 1926 equos

42 1933 115 1967 Patricii
123 1933 142 1967 in
150 1944 194 1977 agro
202 1944 241 1975 suo,
248 1934 325 1968 minauit
335 1945 368 1969 eos
376 1945 442 1978 aspere
450 1935 473 1968 de
481 1944 531 1977 agro.
554 1934 607 1976 Quod
615 1944 657 1968 cum
666 1934 745 1968 Patricio

42 1985 171 2029 displicuisset,
179 1985 257 2029 repleuit
268 1986 342 2030 copiosa
353 1997 409 2020 arena
421 1997 485 2030 agrum
497 1986 554 2027 illum,
563 1991 581 2020 et
591 1986 650 2021 sactus
659 1992 687 2020 est
697 1986 745 2021 sicut

42 2038 98 2073 maris
113 2038 169 2080 littus,
182 2038 223 2074 sine
238 2038 298 2073 fructu
313 2038 332 2073 in
347 2044 437 2074 eternum.
480 2031 539 2072 Venit
554 2049 620 2082 magus
633 2038 707 2083 quidam
721 2040 744 2073 ad
753 2051 772 2081 3⁵

42 2091 168 2125 altercandum
179 2097 243 2125 contra
254 2091 352 2125 Patricium
366 2096 384 2126 et
399 2091 434 2125 ait:
452 2091 500 2124 ‘Fac
513 2090 566 2125 nobis
579 2091 640 2136 aliqua
655 2090 713 2137 signa,
726 2097 746 2126 vt

41 2143 137 2179 videamus
148 2144 234 2179 virtutem
246 2144 276 2179 dei
287 2144 324 2180 tui!
346 2145 399 2180 Tunc
413 2150 487 2180 sanctus
500 2144 589 2180 Patricius
600 2145 624 2180 de
635 2155 672 2180 vno
683 2145 745 2190 lapide

42 2198 84 2233 fecit
96 2209 176 2233 massam
188 2198 321 2241 mollissimam,
332 2198 385 2243 quasi
396 2198 440 2232 illud
452 2209 494 2232 cum
506 2209 543 2243 quo
557 2199 585 2233 lac
598 2199 679 2243 copulari
692 2200 745 2234 solet.

42 2250 71 2286 De
79 2251 186 2295 duabusque
194 2251 261 2286 massis
271 2251 323 2287 lactis
332 2251 374 2286 fecit
382 2252 428 2286 duos
437 2251 520 2295 lapides:
531 2256 550 2285 et
559 2251 578 2286 in
589 2257 654 2286 natura
664 2251 745 2295 lapidum

41 2309 151 2347 permanent
163 2304 182 2338 in
190 2309 280 2339 eternum.
304 2303 345 2339 Hoc
356 2309 417 2339 autem
425 2304 491 2339 videns
503 2315 567 2348 magus
579 2304 661 2346 credidit,
672 2310 690 2339 et
702 2305 745 2349 bap·
753 2320 774 2352 40

42 2357 107 2392 tizatus
123 2363 156 2392 est.
202 2350 249 2392 Erat
264 2358 338 2401 quidam
353 2368 387 2392 rex
400 2357 474 2401 gentilis
488 2356 589 2399 Britonum,
603 2357 674 2392 habens
689 2357 745 2392 filiam

43 2409 143 2445 Munessan
151 2409 231 2452 nomine,
236 2422 292 2455 quam
297 2410 337 2446 viro
345 2411 389 2445 dare
394 2410 461 2446 voluit:
474 2412 507 2446 sed
515 2411 547 2445 illa
554 2411 658 2445 consentire
666 2411 745 2446 nolebat.

44 2462 95 2499 Licet
106 2464 156 2499 enim
167 2464 240 2510 gentilis
252 2470 296 2508 erat,
303 2475 338 2509 per
347 2464 408 2509 legem
418 2469 481 2500 tamen
491 2471 556 2500 nature
566 2465 651 2509 cognouit
661 2465 717 2500 deum
727 2470 746 2499 et

141 2581 147 2599 ¹
158 2582 176 2612 T.
184 2581 257 2621 Celtici,
268 2581 286 2612 E.
295 2581 367 2614 Ceretici.
474 2581 480 2599 ²
491 2583 506 2613 in
514 2591 552 2621 agro
559 2591 590 2613 om.
598 2582 614 2613 iu
621 2581 640 2614 T.
