1762 2803
273 113 319 171 De
333 111 434 167 &autu
449 111 572 171 ubuum
732 117 772 170 361

72 236 170 280 episcopus
178 234 327 270 schirbumensis
335 245 346 269 a
353 234 439 269 fratribus
446 233 554 279 acquisitam
562 232 663 268 honorifice
671 232 689 267 in
698 233 776 268 ecclesia

72 299 106 324 sua
118 289 188 330 locauit,
201 289 232 324 vbi
245 288 324 333 gloriosa
339 287 426 322 miracula
439 288 503 323 crebro
518 287 558 322 fieri
573 286 661 322 solebant.
683 286 714 320 Ad
728 285 775 320 hanc

73 342 147 386 quidam
154 342 259 386 elephantie
270 342 334 375 morbo
342 353 447 385 percussus,
456 352 493 375 non
503 340 602 375 curationis
612 340 670 384 gratia
681 341 714 374 sed
722 346 742 373 vt
753 341 776 373 ab

72 394 167 429 orantibus
177 393 196 428 in
204 394 244 429 loco
252 393 372 428 elemosinam
379 392 476 438 acciperet,
483 391 565 427 deuenit.
587 391 671 437 Cumque
677 390 723 426 ἰΙΙίει
731 402 776 436 pau-

73 447 131 481 lulum
139 447 256 490 obdormiret,
261 446 321 482 visum
326 452 354 481 est
359 446 376 480 ei
381 452 465 481 sanctum
471 445 675 491 Swit[h]unumadesse
682 451 700 479 et
705 445 776 489 lepram
785 454 794 484 5

73 511 126 535 suam
138 511 194 535 manu
207 501 309 546 detergere,
321 506 339 534 et
351 499 457 535 infirmitate
469 500 549 544 seposita
560 498 632 543 integre
644 498 708 533 salutis
721 499 776 533 bene-

73 554 135 589 ficium
146 559 223 599 repente
231 564 252 588 se
260 554 348 599 recipere.
373 553 469 598 Euigilans
476 558 543 595 autem,
552 553 599 587 letus
607 563 618 587 a
628 563 706 597 sompno
714 562 775 586 coram

73 607 159 642 omnibus
167 606 259 652 cingulum
267 606 321 642 soluit
330 613 348 642 et
356 612 440 641 sanatum
449 617 470 641 se
478 606 564 641 ostendit.

95 741 144 786 [MS.
152 741 192 777 Tib.
200 742 258 777 adds,
373 710 475 746 Narratio&

96 799 162 850 (Cum)
170 813 231 842 autem
238 806 331 841 Dorothea
338 808 391 850 uirgo
396 807 446 850 apud
453 805 558 848 Cesalream
567 804 676 849 Capadoci)e
684 814 695 839 a
703 804 777 849 preside

73 859 139 895 tradita
150 864 200 895 esset
210 860 281 894 duabus
293 859 387 894 sororibus
395 860 438 904 (que
449 859 609 904 aposhatauerant,
616 859 682 893 iterum
692 868 724 893 eas
734 868 776 893 con·
786 867 805 889 ιο

74 913 139 948 uertit:
151 918 169 948 et
181 924 222 948 cum
234 914 257 948 ad
268 913 396 948 decollandum
407 913 510 956 duceretur,
518 912 632 957 Theophilus
642 911 777 956 (scholastiqus

73 967 109 999 ait:
122 966 173 1016 {Eya
183 971 202 999 tu
212 976 281 1008 sponsa
289 965 362 1007 Christi,
370 966 423 998 mitte
430 964 485 999 michi
495 975 547 998 rosas
558 971 576 999 et
586 966 635 998 mala
642 966 665 999 de
675 965 777 1008 paradis[o]

74 1017 137 1063 sponsi
151 1017 187 1052 tui!
209 1018 250 1061 Que
263 1017 370 1063 respondit:
387 1017 454 1053 ‘Plane
467 1017 494 1053 sic
507 1017 583 1053 luciam.¹
605 1018 688 1062 Cumque
700 1023 777 1059 orasset,

27 1108 28 1111 ,
74 1081 117 1105 ecce
127 1080 174 1115 puer
182 1075 225 1105 ante
236 1081 276 1105 eam
287 1070 371 1116 apparuit
381 1070 444 1106 serens
456 1071 490 1105 tria
501 1070 549 1105 mala
560 1069 630 1116 optima
641 1076 659 1105 et
670 1075 708 1105 tres
719 1081 776 1106 rosas

74 1123 108 1159 Cui
121 1123 164 1159 illa:
181 1124 274 1159 ‘Obsecro
285 1129 309 1168 te,
320 1123 383 1169 inquit,
395 1129 415 1159 ut
426 1124 461 1159 hec
472 1124 575 1169 Theophilo
586 1124 681 1159 scolastico
693 1123 777 1159 deseras?
786 1134 804 1165 ¹⁵

75 1177 121 1212 Cum
127 1188 171 1222 ergo
175 1177 290 1222 Theophilus
298 1183 381 1213 narraret
387 1178 546 1213 circumstantibus
552 1177 693 1222 promissionem
699 1177 777 1222 uirginis

74 1230 160 1271 irridens,
168 1241 212 1264 ecce
222 1241 268 1273 puer
278 1235 321 1263 ante
331 1241 373 1264 eurn
383 1230 434 1264 stetit
444 1231 469 1273 (et
480 1230 516 1264 ait:
529 1230 587 1264 ‘Ecce
598 1230 637 1273 tibi)
645 1232 714 1274 petenti
722 1230 776 1264 mittit

75 1281 177 1325 (Dorothea
188 1282 240 1328 uirgo
252 1282 376 1318 sacratissima
387 1283 435 1328 quod
447 1282 541 1327 promisit!
563 1282 599 1326 Qui
610 1282 708 1328 accipiens,
716 1283 777 1318 statim

75 1346 175 1372 conuersus
183 1342 211 1371 est
218 1337 242 1372 ad
250 1336 311 1372 fidem.
331 1336 411 1381 Eratque
417 1336 487 1372 mensis
496 1336 607 1372 Februarius
614 1336 688 1382 quando
696 1347 738 1372 rose
746 1336 776 1372 ille

75 1390 131 1424 misse
139 1395 188 1432 sunt,
196 1395 214 1424 et
220 1391 285 1433 ttham
293 1389 415 1434 capadociam
422 1390 497 1434 glaciale
505 1390 563 1436 lrigus
570 1391 644 1435 tegebat
649 1390 670 1435 ¹.]
786 1399 806 1420 ¹0

222 1529 292 1573 n¹Dc
303 1546 374 1571 seuero
385 1530 495 1572 Tuaruro⁵
506 1547 629 1572 conrussons.

118 1618 147 1654 Ex
160 1618 234 1665 quidam
248 1619 338 1655 Hibemie
350 1620 426 1655 nomine
438 1620 545 1656 Thathalius
557 1620 614 1656 filium
628 1619 690 1665 genuit
703 1621 778 1657 nomine

139 1673 249 1715 Thatheum,
262 1673 335 1717 optimis
347 1674 430 1709 moribus
444 1679 529 1709 ornatum
541 1680 559 1709 et
572 1686 583 1709 a
596 1674 680 1720 primeua
693 1680 742 1709 etate
755 1675 778 1709 ab

75 1726 161 1761 omnihus
179 1727 271 1762 illecebris
289 1727 431 1763 immaculatum.
455 1727 502 1763 Cum
521 1728 571 1763 enim
589 1728 674 1762 viderent
691 1735 778 1773 parentes

75 1789 153 1823 puerum
165 1779 254 1814 secularia
265 1780 361 1824 despicere
372 1786 391 1815 et
402 1781 425 1815 ad
437 1780 512 1815 celestia
523 1781 605 1821 tendere,
615 1791 658 1815 eum
669 1780 734 1815 litteris
745 1781 778 1815 im·

77 1831 172 1866 buendum
184 1832 305 1866 tradiderunt.
327 1832 349 1866 ln
362 1833 413 1867 omni
425 1835 500 1868 demum
514 1834 582 1868 virtute
595 1834 659 1870 docilis
673 1844 721 1878 puer
735 1845 778 1878 pro·
787 1852 805 1884 ²5

76 1885 145 1928 ficiens,
153 1891 271 1930 percurrente
280 1897 314 1930 per
321 1886 426 1921 vniuersam
435 1886 545 1922 Hiberniam
553 1886 601 1921 lama
609 1889 654 1930 eius,
662 1887 778 1922 contluebant

75 1939 156 1984 vndique
167 1939 244 1974 iuuenes
257 1940 280 1974 ad
295 1940 405 1974 audiendam
418 1940 520 1975 doctrinam
533 1940 579 1975 eius.
602 1940 655 1985 Rege
667 1941 737 1976 interea
750 1940 778 1975 in-

76 1992 162 2026 firmitate
173 1993 267 2036 depresso,
278 1993 302 2027 de
313 1992 405 2027 communi
416 1992 498 2028 omnium
510 1992 587 2027 consilio
598 1999 675 2028 vocatus
688 1999 717 2027 est
729 1993 778 2027 Tha-

76 2042 130 2077 theus
142 2048 161 2077 vt
176 2055 187 2078 a
201 2049 254 2087 patre
269 2043 364 2088 regiminis
379 2054 441 2077 curam
457 2043 564 2088 susciperet
593 2044 626 2078 Ille
640 2054 685 2078 vero
700 2054 778 2088 regnum

95 2155 101 2173 ¹
111 2157 129 2188 Τ,
137 2157 178 2189 illuc.
238 2157 244 2176 ¹
254 2159 279 2189 Ex
285 2158 331 2189 Vinc.
338 2158 379 2190 Bell.
386 2158 423 2189 ΧΠ.
430 2167 455 2197 qq.

95 2196 102 2215 ⁸
112 2198 150 2229 Ant.
159 2199 190 2229 and
197 2199 258 2230 Collect
265 2200 281 2229 in
288 2200 316 2230 T.:

97 2236 115 2273 0
126 2244 210 2274 Swithune
217 2249 266 2282 pater,
274 2245 327 2282 presul
337 2244 419 2274 mitissime
428 2248 488 2282 noster,
496 2244 528 2275 Per
535 2255 582 2283 quem
591 2245 630 2275 inira
640 2245 679 2275 deus
688 2245 734 2283 signa
743 2244 779 2275 lacit

76 2282 157 2315 dominus:
169 2284 203 2314 Nos
214 2285 278 2322 fragiles
290 2285 348 2322 animo,
360 2286 432 2323 petimus,
444 2285 513 2314 deiende
526 2290 599 2324 paterno,
611 2286 674 2315 Sanctis
687 2290 735 2323 atque
748 2285 780 2315 tuis

76 2327 142 2361 protege
150 2333 180 2354 nos
187 2325 256 2355 meritis:
267 2324 309 2361 Quo,
316 2328 332 2354 te
341 2334 370 2362 pro
380 2324 426 2354 nobis
435 2325 551 2354 interueniente
560 2330 633 2363 patrono,
641 2325 723 2355 Pessimus
731 2325 779 2354 uitam

76 2364 153 2392 scandere
160 2368 257 2401 perpetuam.
278 2364 311 2393 Ora
318 2373 347 2401 pro
355 2364 405 2393 nobis.
426 2363 457 2402 (Cf.
464 2364 505 2394 uon.
512 2364 544 2400 Jul.
552 2364 564 2394 1.
572 2365 613 2401 adq.)

98 2400 145 2439 Deus
153 2411 179 2448 qui
186 2411 279 2441 hodiernam
286 2410 327 2441 diem
335 2409 456 2441 sacratissimam
466 2410 511 2441 nobis
521 2411 537 2441 in
546 2410 588 2441 beati
598 2410 676 2441 Swithuni
683 2409 779 2441 confessoris

76 2448 99 2477 tui
105 2453 152 2487 atque
159 2450 239 2488 pontificis
246 2450 348 2489 deposIcione
355 2450 435 2480 celebrare
441 2450 521 2487 concedis,
528 2450 583 2481 adesto
592 2451 673 2490 propicius
679 2450 746 2481 ecclesie
752 2454 779 2480 tue
813 2447 816 2453 ’

76 2488 154 2526 precibus,
162 2495 179 2521 ut
186 2491 230 2521 cuius
237 2490 313 2529 gloriatur
319 2490 384 2527 meritis,
392 2491 471 2521 muniatur
477 2490 560 2530 suffragiis,
567 2500 600 2530 per.

95 2534 101 2551 ⁴
111 2537 149 2567 Abr.
157 2539 196 2567 from
203 2539 231 2567 the
237 2538 275 2568 Vita
281 2538 298 2567 in
306 2538 339 2568 MS.
346 2537 394 2577 Vesp.
401 2538 421 2568 A.
430 2538 473 2568 lllV.
480 2539 505 2570 ed.
514 2539 562 2578 Rees,
570 2548 586 2577 p.
593 2547 628 2577 255„
677 2537 683 2556 ¹
693 2537 711 2568 T.
718 2536 779 2567 Tathco

77 2574 111 2614 (but
117 2576 157 2607 with
163 2578 188 2608 Th
197 2578 297 2617 elsewhere).
