1762 2803
132 119 134 124 ’
157 137 201 192 468
233 199 234 202 Ἴ
341 136 421 188 noua
436 132 553 195 tecnon
568 132 662 195 finctio.

158 268 180 292 se
191 261 297 296 sonuerunt,
305 260 323 289 et
332 267 391 300 panes
402 255 515 290 sufficienter
523 256 592 290 decocti
603 256 622 289 in
634 260 726 290 momento
736 253 805 299 reperti
813 260 861 289 sunt.

160 303 247 355 Quadam
256 309 313 342 eciam
321 310 351 342 die
359 310 403 342 dum
411 309 487 342 missam
497 309 572 350 audiret,
581 314 599 343 et
608 308 662 342 leuita
672 308 788 352 euangelium
798 306 860 340 incon-

158 373 204 406 grue
217 361 350 405 pronunciaret,
362 361 393 394 illa
406 361 431 404 (in
444 361 515 403 uer)bis
527 362 593 395 diuinis
607 362 673 395 nolens
688 361 751 395 audire
765 359 861 401 fallaciam,

159 417 182 451 de
191 415 268 450 humero
276 414 347 449 diaconi
355 414 420 449 stolam
427 413 512 450 auterens
523 415 600 450 humero
608 425 641 449 suo
649 413 735 459 imposuit
745 411 860 457 euangelium

142 475 150 505 5
159 468 232 503 lectura.
254 467 307 501 Vnde
316 473 334 501 et
341 467 423 511 angelica
431 467 558 511 increpacione
565 468 641 512 culpata,
648 469 666 501 in
673 466 750 501 oratorio
758 477 779 500 se
787 465 861 500 reclusit

159 528 177 555 et
188 522 211 554 ab
223 520 272 553 omni
284 520 378 553 hominum
391 526 467 563 aspectu
478 527 550 564 septem
562 521 616 554 annis
628 532 648 553 se
659 520 741 562 remouit,
753 518 861 553 acerrimam

159 572 281 618 penitenciam
290 583 351 616 agens.
373 573 454 606 Assidue
466 574 541 608 sedebat
552 573 570 607 in
583 574 669 607 cathedra
680 583 735 617 quarn
744 571 779 606 sibi
788 571 861 615 fecerat,

159 625 251 660 habentel
265 625 398 669 quinquaginta
413 625 474 659 clauos
489 624 508 660 in
524 627 605 668 dextera,
621 630 639 659 et
655 625 731 659 totidem
747 624 766 658 in
783 623 862 669 sinistra,

159 680 272 722 totidemque
287 678 307 712 in
320 679 370 713 dorsi
385 678 470 722 regione:
490 679 620 723 quinquaginta
632 679 714 722 psalmos
729 678 792 711 innixa
805 677 861 712 clauis

133 736 152 759 10
160 734 225 768 dextre
233 731 296 776 partis,
304 732 416 775 totidemque
428 732 446 765 in
458 736 507 766 sorte
519 733 611 766 clauorum
620 732 661 765 leue
669 731 732 775 partis,
739 731 758 765 in
766 729 862 774 posteriori

161 785 244 821 similiter
254 784 330 818 totidem
341 784 453 826 decantauit3
466 795 559 828 nunquam
571 795 636 818 carnes
648 785 746 819 comedens
757 788 788 818 aut
798 782 862 818 uinum

161 840 191 873 uel
203 837 292 872 siceram²
302 837 372 878 bibens,
384 843 412 871 set
426 836 536 871 stillicidium
550 837 606 870 cineri
620 848 730 880 expressum
743 841 807 880 potare
820 847 862 870 con-

161 890 225 925 sueuit.
249 890 272 923 Et
285 895 348 923 sancto
361 889 419 933 Eligio
433 888 467 923 sibi
481 894 587 934 apparente,
600 889 656 933 plena
671 889 724 924 bonis
739 888 826 933 operibus
839 889 862 924 ad

161 944 255 980 dominum
263 943 347 988 migrauit
352 943 371 988 ³.]

323 1097 338 1133 ll
350 1089 384 1130 Du
395 1106 466 1130 sunere
476 1095 599 1131 Wrruuuuen
610 1106 686 1130 Vmerus
691 1096 702 1130 ⁴.

134 1195 152 1228 15
164 1178 255 1261 SAncta
266 1178 383 1223 Wythburga
396 1178 433 1213 filia
448 1178 480 1213 suit
493 1179 549 1213 Anne
563 1179 612 1223 regis
627 1179 761 1223 Estanglorum
775 1187 863 1222 sororque

217 1238 280 1267 sancte
288 1231 400 1266 Etheldrede
407 1232 489 1275 virginis.
506 1232 551 1267 Eius
559 1243 638 1276 namque
646 1232 732 1267 sanctitas
740 1236 758 1267 et
765 1231 802 1266 vite
810 1242 863 1266 mun-

161 1286 205 1320 ditia
220 1296 244 1319 ex
259 1285 344 1319 diuturna
358 1290 401 1328 post
415 1284 484 1318 obitum
500 1297 553 1320 suum
568 1284 703 1329 incorruptione
718 1289 805 1329 apparet:
822 1289 863 1328 post

161 1342 253 1372 trecentos
265 1336 303 1371 iere
315 1340 334 1370 et
344 1336 475 1380 quinquaginta
486 1342 562 1380 quatuor
573 1347 632 1375 annos
644 1347 710 1381 corpus
722 1336 761 1372 eius
772 1336 862 1380 integrum

161 1396 255 1437 repertum
270 1396 298 1425 est
313 1395 331 1425 et
346 1390 477 1435 incorruptum.
506 1390 547 1425 Hec
562 1390 611 1425 enim
626 1391 678 1436 virgo
693 1396 761 1434 sancta,
776 1389 795 1425 in
811 1389 863 1425 annis

135 1456 153 1477 no
161 1444 273 1489 puellaribus
281 1444 384 1486 constituta,
392 1444 489 1477 cenobium
497 1445 545 1488 apud
554 1445 635 1478 Derham
646 1444 747 1478 construxit
757 1449 775 1477 et
783 1444 863 1477 habitum

162 1496 268 1531 monialium
281 1496 386 1539 assumpsit.
413 1495 492 1539 Contigit
505 1496 555 1530 enim
566 1501 586 1530 vt
599 1507 640 1530 cum
656 1497 751 1531 ecclesiam
766 1496 785 1529 in
799 1496 863 1530 eodem

163 1550 203 1583 loco
211 1552 330 1589 construeret,
338 1548 383 1581 nihil
390 1547 495 1581 victualium
503 1554 565 1592 preter
574 1549 643 1582 siccum
653 1558 721 1591 panem
730 1549 806 1582 haberet
816 1549 863 1591 quod

163 1600 252 1645 operariis
260 1599 298 1633 suis
304 1604 409 1643 apponeret.
428 1599 459 1633 Ad
464 1599 536 1634 unicam
543 1610 587 1644 ergo
594 1605 637 1643 post
645 1600 737 1635 Christum
745 1610 798 1644 spem
807 1610 863 1641 suam,

163 1653 192 1688 dei
203 1651 310 1697 genitricem
321 1651 407 1696 confugit,
419 1657 436 1687 et
448 1663 482 1696 pro
493 1651 569 1687 instanti
582 1652 691 1688 necessitate
703 1652 788 1697 precibus
800 1663 863 1696 rogare

136 1717 153 1747 25
163 1707 216 1751 cepit.
239 1706 322 1749 Cumque
335 1706 383 1740 inter
395 1717 461 1749 preces
474 1706 568 1749 paululum
582 1706 692 1749 dormitaret,
704 1707 759 1741 astitit
773 1707 789 1741 ei
801 1706 864 1749 regina

162 1760 254 1804 virginum
269 1758 403 1803 pulchritudine
416 1759 503 1792 ineffabili
518 1761 607 1801 decorata,
621 1761 689 1794 docens
702 1771 744 1793 eam
756 1760 775 1792 in
791 1759 864 1793 domino

162 1813 231 1848 habere
246 1811 336 1854 fiduciam,
349 1823 386 1845 non
399 1811 485 1845 solicitari
498 1813 521 1847 de
534 1812 583 1847 victu
595 1823 688 1856 corporeo,
701 1824 734 1847 nec
748 1813 828 1857 cogitare
841 1814 864 1846 de

163 1865 247 1900 crastino.
271 1864 332 1898 ‘Mitte
337 1865 349 1907 ⁴,
362 1864 425 1908 inquit,
439 1864 518 1899 diluculo
531 1865 602 1909 puellas
615 1865 708 1900 ministras
722 1866 744 1900 ad
759 1865 863 1909 proximum

162 1924 238 1964 pontem
246 1917 336 1953 siluestris
344 1918 406 1952 fluuii:
418 1917 443 1952 ibi
453 1917 502 1952 enirn
515 1919 579 1953 diebus
589 1918 665 1964 singulis
677 1924 773 1953 occurrent
783 1920 819 1953 duo
827 1918 864 1953 sere

135 1985 154 2014 30
162 1973 246 2014 lactissue,
255 1982 300 2015 quas
308 1973 415 2015 mulgentes,
424 1972 508 2006 solatium
514 1973 568 2007 victui
576 1979 638 2007 vestro
646 1973 719 2007 interim
727 1973 864 2007 ministrabunt!

164 2026 219 2060 Facto
234 2030 295 2058 autem
312 2034 371 2066 mane,
385 2024 435 2058 misit
451 2025 496 2058 duas
510 2026 579 2068 puellas
593 2026 616 2059 ad
629 2031 705 2068 pontem
719 2036 755 2060 vno
769 2025 827 2059 stadio
839 2024 864 2058 di-

163 2082 254 2112 stantem:
273 2081 291 2110 et
305 2087 347 2111 ecce
361 2082 459 2111 occurrunt
470 2076 506 2111 illis
519 2078 555 2111 due
569 2088 623 2112 cerue
637 2077 689 2121 quasi
703 2077 808 2121 domestice,
820 2087 864 2121 quas

183 2185 189 2202 ¹
199 2186 233 2216 VBr
241 2186 329 2216 habentem.
450 2185 456 2203 ²
466 2187 484 2216 T.
493 2187 564 2218 ciseram.

184 2225 190 2242 ³
200 2226 238 2256 Ant.
246 2230 261 2255 et
269 2226 308 2255 Coll
316 2227 332 2255 in
339 2227 357 2256 T.
364 2236 368 2257 τ

186 2263 244 2299 Illicito
254 2271 333 2297 connubio
342 2271 396 2298 matris
405 2280 445 2307 puer
451 2271 534 2298 Wistanus
544 2271 610 2299 Resistit
619 2271 659 2308 legis
668 2273 725 2309 studio,
733 2283 780 2310 quem
787 2277 866 2309 compater

164 2310 257 2348 prophanus
268 2309 339 2337 Accitum
353 2310 369 2337 in
382 2310 460 2346 colloquio
475 2310 549 2338 interficit
560 2319 589 2347 spe
601 2320 656 2346 uanus,
670 2313 750 2341 insontem
762 2314 785 2341 sic
796 2311 865 2341 martirio

165 2353 230 2380 coronat
237 2358 275 2377 seua
282 2358 341 2377 manus.
362 2348 381 2378 V.
394 2348 426 2377 Ora
432 2359 461 2385 pro
468 2348 519 2379 nobis.

186 2388 234 2426 Deus
242 2394 268 2430 qui
275 2394 382 2422 beatissimum
391 2404 445 2430 regem
452 2394 541 2423 Wistanum
551 2395 601 2424 adhue
611 2395 692 2433 puerulum
702 2407 731 2434 pro
740 2396 780 2435 legis
790 2396 865 2427 catholice

165 2433 259 2464 defensione
266 2433 365 2463 dimicantem
375 2434 481 2463 occumbendo
491 2433 541 2463 fecisti
551 2434 631 2472 uictorem,
640 2441 693 2472 presta
701 2447 786 2474 quesumus
793 2441 810 2466 ut
818 2436 865 2473 ipsius

165 2473 237 2522 exempla
244 2477 330 2510 sequentes
339 2482 368 2510 per
377 2473 488 2502 aduersitatum
498 2474 597 2503 toleranciam
606 2475 704 2513 perhennem
713 2477 792 2506 ualeamus
799 2475 865 2505 leticiam

164 2515 238 2582 adqpqpqq.
243 2522 286 2581 lllem
294 2551 321 2581 the
326 2551 363 2581 Vita
370 2551 440 2582 ascribed
448 2556 464 2581 to
472 2551 551 2590 Goscelin,
558 2553 574 2582 in
583 2553 616 2585 MS.
622 2554 669 2593 Corp.
675 2555 712 2587 Chr.
719 2555 759 2585 Coll.
765 2555 826 2585 Cambr.
831 2562 865 2591 393,

165 2594 209 2625 Triu.
217 2593 256 2623 Coll.
265 2592 301 2623 Cbr.
309 2592 347 2622 Gale
355 2592 375 2624 Ο,
383 2602 397 2623 a.
406 2602 418 2623 1.
470 2592 476 2610 l
487 2592 504 2624 E.
513 2593 574 2625 Mittite.
