1762 2803
250 191 296 248 bt
311 190 411 245 sanun
428 189 508 256 puio.
693 205 719 246 91

199 356 214 392 ii
227 348 261 391 DE
272 366 343 390 SANCTO
354 348 412 390 tho
423 364 545 390 CONFESSORE.

54 445 126 480 Anctus
138 446 187 479 enim
196 445 264 486 Ywius,
272 445 355 490 preclare
363 445 426 489 stirpis
436 444 531 479 Britonum
543 442 632 488 religiosis
643 442 724 489 parenti-

76 499 116 541 bus,
136 498 222 533 Branone
240 498 326 533 videlicet
344 503 396 543 patre
415 497 510 541 Egidaque
529 497 616 541 genitrice
636 502 692 538 ortus,
706 502 725 530 et

22 552 157 586 lindisfarnensi
177 551 271 595 prouincia
287 551 366 585 nutritus
383 555 416 585 est,
444 550 479 591 Qui
496 551 518 583 ab
534 549 609 584 infantia
624 549 725 584 litterarum

22 604 130 638 rudimentis
142 603 224 644 traditus,
233 603 334 648 inspirante
345 601 421 648 spiritus
431 604 489 637 sancti
498 603 561 648 gratia,
572 608 670 637 coetaneos
681 612 725 637 suos

22 658 123 692 litterarum
134 656 211 692 scientia
222 658 366 701 transgrediens,
378 668 389 691 a
399 657 472 701 magnis
483 658 589 692 doctoribus
598 652 725 691 venerabatur.
734 658 743 688 5

23 710 72 744 Nihil
85 710 154 753 puerile
170 710 218 745 dicto
230 710 259 745 vel
275 710 321 745 facto
336 711 440 752 exercebat,
454 710 487 744 sed
502 715 598 744 crescente
613 709 668 744 simul
684 719 725 743 cum

23 769 70 798 etate
89 763 183 807 religione,
199 763 266 797 diuinis
282 764 413 807 obtemperans
428 762 524 805 mandatis,
539 773 576 797 non
592 762 652 797 solum
669 772 726 807 super

22 815 57 850 hiis
66 826 102 861 que
113 815 195 859 feliciter,
203 827 268 851 verum
280 818 304 851 de
315 827 353 850 non
365 826 454 860 prospere
466 816 500 849 sibi
512 815 653 850 aduentantibus
665 818 726 858 gratu·

23 869 97 903 labatur¹
120 869 166 903 Cum
181 874 242 904 autem
254 867 322 903 iamin
335 868 411 902 iuuenili
424 873 509 903 vernaret
524 868 575 911 flore,
588 877 599 904 a
612 867 650 903 suis
662 873 726 911 utpote

23 921 66 956 tanti
76 920 131 957 heres
142 921 248 966 patrimonii
258 933 309 956 arma
320 922 398 968 capere¹
407 922 471 957 crebro
482 922 569 963 hortatus,
577 925 650 956 terreno
658 921 726 956 celeste
736 928 755 950 10

23 974 120 1020 preferens
132 974 230 1019 premium,
243 976 333 1020 quosdam
345 975 393 1009 sacri
405 975 475 1009 ordinis
487 974 594 1019 parentibus
607 973 670 1009 insciis
683 985 726 1009 con·

23 1026 106 1062 scendit²
118 1029 191 1072 gradus,
215 1029 271 1063 Paulo
283 1039 328 1063 vero
341 1028 430 1063 maturior
441 1033 518 1073 utroque
533 1033 611 1073 parente
624 1028 704 1070 orbatus,
716 1038 727 1061 a

23 1080 139 1116 sanctissimo
150 1081 287 1116 lindisfarnensi
299 1083 386 1126 episcopo
395 1082 500 1123 Cuthberto,
509 1082 560 1116 cuius
572 1087 610 1116 erat
620 1081 726 1125 discipulus,

24 1134 128 1175 instructus,
141 1135 256 1170 diaconatum
270 1136 356 1179 suscepit.
379 1135 475 1178 Frequens
486 1134 511 1168 illi
523 1136 542 1169 in
554 1134 666 1168 monasterio
677 1144 726 1167 nunc

24 1187 100 1221 orationi
111 1187 229 1232 insistendffl,
241 1199 289 1222 nunc
301 1188 325 1222 de
336 1187 405 1222 domini
419 1197 484 1222 mensa
497 1187 609 1232 spiritualem
623 1187 683 1221 cibum
696 1197 754 1227 su·15

25 1239 101 1283 mend[i]
108 1245 148 1274 erat
156 1252 204 1275 cura.
224 1241 273 1275 Dum
279 1251 324 1275 vero
332 1241 377 1278 nihil
383 1241 407 1275 de
414 1240 494 1275 crastino
502 1239 584 1275 solicitus
591 1245 635 1282 erat,
640 1239 727 1284 quicquid

25 1292 47 1326 ad
55 1303 130 1327 manum
140 1293 209 1328 habere
222 1300 297 1337 poterat,
310 1300 364 1337 prout
377 1294 465 1337 cuiusque
478 1293 578 1328 necessitas
590 1293 727 1337 exigebatque·

25 1345 67 1378 tidie
78 1346 191 1389 pauperibus
200 1357 290 1391 arrogans
301 1346 418 1387 alimoniam
430 1347 448 1379 in
458 1357 479 1380 se
489 1345 636 1391 delinquentibus
647 1344 727 1386 veniam,

26 1398 127 1441 algentibus
143 1398 275 1442 indumentum,
291 1399 354 1434 mestis
369 1398 452 1435 solatium
465 1399 557 1442 prebens;
569 1398 643 1433 caducis
659 1404 728 1439 eterna,

26 1451 103 1485 terrenis
115 1455 230 1486 mercabatur
242 1453 320 1487 celestia⁴
365 1445 478 1489 Celebrante
490 1458 552 1487 autem
565 1453 644 1497 quadam
656 1451 686 1486 die
698 1461 727 1485 so·
737 1462 756 1482 ιο

26 1502 95 1547 lempni
109 1504 179 1548 prefato
194 1507 274 1549 presule,
286 1511 386 1551 sanctoque
398 1504 451 1540 Ywio
465 1505 537 1540 diaconi
549 1504 608 1541 vicem
622 1510 728 1550 peragente,

27 1566 68 1591 ecce
79 1557 153 1602 quidam
164 1558 181 1592 vi
193 1559 270 1594 febrium
283 1570 389 1606 oppressus,
397 1558 481 1593 infirmos
492 1569 568 1603 gressus
579 1559 643 1592 baculo
654 1567 729 1602 regens,

27 1615 67 1651 post
78 1611 141 1654 populi
154 1611 275 1655 frequentiam
287 1611 382 1646 oblaturus
392 1611 474 1646 accessit.
497 1610 553 1652 Cuius
560 1610 656 1645 calamitati
663 1612 728 1644 beatus

27 1662 138 1706 compatiens
153 1663 246 1705 diaconus,
261 1665 378 1708 apprehensa
393 1674 449 1697 manu
464 1663 569 1708 proximum
585 1662 635 1697 altari
651 1663 728 1706 gradum

27 1715 125 1755 scandenti,
144 1715 175 1759 qui
194 1721 242 1750 tante
260 1716 359 1750 obsistebat
374 1716 495 1756 imbecillitati,
510 1715 582 1760 prebuit
597 1714 728 1750 fulcimentum.
738 1725 756 1757 ²5

28 1765 71 1801 lllox
79 1766 146 1801 mirum
154 1767 173 1802 in
181 1770 256 1803 modum
264 1770 287 1803 ad
295 1769 383 1814 precipue
393 1768 513 1814 simplicitatis
521 1768 554 1804 viri
564 1774 631 1805 tactum
640 1769 729 1814 egritudo,

28 1820 110 1863 quamuis
125 1822 232 1864 vehemens,
247 1822 351 1864 abscessitt,
366 1822 443 1867 pristine
458 1823 514 1857 robur
528 1822 599 1857 virtutis
617 1823 640 1857 ad
657 1822 729 1866 singula

29 1875 152 1908 membrorum
165 1875 225 1909 officia
240 1887 261 1910 se
273 1876 360 1919 adeptum
375 1876 446 1911 letatur.
475 1875 498 1910 Et
510 1875 643 1920 prosterneret
655 1886 688 1918 se,
701 1875 730 1911 vir

29 1932 112 1962 sanctus:
125 1927 176 1961 ‘Non
187 1927 239 1971 meis,
247 1928 308 1971 frater,
316 1930 349 1965 sed
360 1929 445 1974 presulis,
453 1928 515 1973 inquit,
523 1929 586 1972 sancti,
594 1929 646 1964 cuius
654 1939 729 1964 manum

29 1980 105 2015 osculari
117 1981 241 2025 desiderabas,
254 1982 323 2017 meritis
338 1982 500 2023 intercedentibus
513 1992 595 2025 superna
608 1984 668 2025 pietas
679 1981 698 2014 in
711 1987 730 2015 te
739 1994 759 2023 30

29 2039 101 2073 operata
111 2035 149 2068 est.¹
195 2028 239 2068 Nec
251 2036 308 2068 multo
319 2040 366 2079 post,
375 2035 419 2068 dum
430 2033 479 2068 idern
486 2033 586 2068 virbeatus
598 2033 658 2078 epulis
669 2033 730 2069 sobrie

30 2082 122 2129 [functis]⁷
138 2087 216 2131 quadam
235 2087 264 2122 die
284 2086 333 2123 domi
352 2087 431 2130 sederet,
447 2087 520 2132 contigit
535 2092 554 2121 vt
569 2096 641 2132 pauper
656 2085 730 2131 quidam

30 2135 96 2173 diutina
105 2139 209 2174 infirmitate
217 2146 299 2182 vexatus,
307 2140 332 2175 ita
338 2147 365 2184 vt,
373 2141 447 2175 decocta
459 2151 519 2181 carne,
527 2150 594 2185 rugosa
605 2146 675 2175 tantum
684 2139 731 2175 cutis

31 2191 77 2225 nuda
84 2196 189 2236 protegeret
196 2203 244 2233 ossa,
253 2194 276 2228 ad
283 2193 356 2228 ianuam
364 2194 470 2228 accederet:
483 2193 534 2228 cuius
542 2193 643 2229 condolens
652 2193 731 2234 miserie,

31 2243 51 2275 ab
66 2255 89 2279 eo
104 2245 146 2290 quid
160 2245 244 2290 accipere
257 2247 313 2281 vellet
328 2246 420 2282 humiliter
435 2246 546 2282 sciscitatus³
562 2251 595 2279 est.
623 2245 707 2290 Cumque
721 2256 759 2287 ³35

31 2304 110 2339 paupere
120 2298 138 2330 id
149 2308 259 2342 responsum
271 2299 371 2342 acciperet:
385 2298 444 2333 ‘nullo
455 2299 540 2341 delector,
549 2299 598 2333 nullo
609 2304 670 2333 tecum
682 2298 732 2333 fruar

31 2345 67 2381 cibo
75 2361 79 2391 ς
87 2355 131 2394 potu
138 2355 253 2395 tantumque
262 2351 309 2386 mett
316 2356 373 2386 torret
380 2351 466 2386 interiora
474 2362 571 2397 compesce
579 2352 687 2393 flammam';
696 2351 732 2386 fes·

31 2399 77 2436 tinus
85 2403 162 2437 siceram
169 2404 180 2423 ¹⁰
188 2403 268 2439 afferens
276 2415 335 2449 egeno
342 2405 397 2439 dedit.
420 2405 461 2448 Quo
469 2406 541 2447 hausto,
549 2405 636 2440 humeros
647 2411 732 2439 comatos

32 2461 100 2499 pauper
107 2456 165 2501 erigit,
174 2462 193 2491 et
201 2458 282 2502 sospitati
290 2458 372 2492 redditus
380 2457 448 2502 gratias
456 2458 491 2492 deo
502 2458 544 2501 egit.
582 2451 665 2493 Sanctus
671 2463 731 2492 autem

33 2503 93 2544 Ywius
104 2510 171 2544 timens
179 2521 203 2544 ne
213 2511 247 2546 sibi
258 2511 333 2546 humani
345 2516 419 2546 noceret
430 2521 474 2545 aura
485 2510 558 2553 fauoris,
569 2510 646 2555 patriam
657 2510 732 2545 omnino
740 2522 760 2552 40

50 2582 83 2613 Ἐ
91 2594 143 2623 capre.
184 2584 219 2615 1Ε.
226 2587 315 2617 contendit.
354 2585 389 2615 ³T.
397 2585 415 2614 E.
423 2586 515 2615 insistendo.
556 2584 654 2614 ⁴sumenda.
696 2584 731 2615 ³E.

33 2624 98 2674 {messit
144 2624 175 2657 ⁸1⁶.
183 2626 295 2662 prosternenti.
339 2624 561 2662 ⁷T.functus;E,sumptis.
602 2623 732 2655 'Recissitatus

48 2669 106 2695 umen.
147 2664 268 2697 luEiciceram.
