1762 2803
162 127 208 183 mr
223 125 322 179 &cotto
338 125 459 181 bahaluc
475 124 592 187 otorano.
684 139 728 183 253

27 248 76 283 enirn
87 247 144 293 patris
156 248 184 283 sui
196 252 235 282 erat
246 251 322 282 sanctus
333 246 374 281 Odo
386 245 519 281 cantuariensis
530 245 685 291 archiepiscopus,
693 247 728 281 dis·

27 301 108 335 cretione
125 300 208 335 sublimis
214 301 226 342 ¹,
241 299 324 334 moribus
338 299 405 344 grauis,
421 299 488 333 iustitie
506 299 570 343 cultor,
586 303 604 333 et
619 299 665 343 [in]⁹
679 299 729 333 omni

27 356 98 389 actione
117 366 150 389 sua
169 353 319 399 circumspectus.
349 352 398 387 Huic
418 353 468 388 enim
489 364 548 398 nepos
567 363 612 388 suus
631 352 730 388 Oswaldus

27 408 115 442 doctrinis
130 408 240 442 imbuendus
255 413 273 442 et
289 407 342 441 bonis
354 407 446 451 exemplis
459 413 477 442 et
492 406 574 442 moribus
586 407 705 441 instruendus
719 416 730 440 a

27 462 135 504 parentibus
154 461 298 495 commendatur.
325 460 407 494 Seculari
423 461 497 494 demum
514 459 590 494 scientia
606 465 624 493 et
639 459 747 503 scripturas

28 524 80 547 sacra
99 514 122 546 ad
140 514 215 557 plenum
234 513 343 546 informatus
357 524 368 546 a
383 518 446 546 sancto
466 513 531 546 Odone
550 513 599 557 apud
614 512 729 546 Wintoniam

28 566 127 601 canonicus
142 567 223 609 effectus,
240 577 281 601 cum
295 566 351 600 ceteri
365 571 428 611 spreta
442 565 556 600 institutione
571 565 640 600 ordinis
656 566 684 600 sui
699 566 731 600 de-

28 619 96 654 sideria
111 620 171 654 cordis
186 624 312 663 sequerentur,
328 618 460 653 institutionem
476 617 513 653 vite
532 618 661 652 canonicorum
678 617 730 652 inde·

29 673 90 707 fessus
106 673 246 717 exsequebatur.
269 672 355 707 Decanus
369 673 430 716 itaque
443 672 462 706 in
479 671 531 707 breui
548 672 610 713 sactus,
622 671 731 706 maculatam

30 736 96 760 senum
102 726 158 760 vitam
165 727 269 767 emendare,
275 731 293 759 et
300 726 381 769 pueriles
390 725 489 768 [illorumP
497 735 564 759 sensus
570 725 630 759 studio
636 724 731 769 discipline
741 740 760 761 ιο

30 778 102 812 celestis
111 789 200 812 euacuare
208 780 267 812 adhuc
276 778 348 812 iuuenis
355 780 408 822 ipse*
416 779 490 811 curauit.
506 778 533 810 Illi
539 789 583 811 vero
591 778 650 821 magis
658 778 731 821 antiqua

29 841 87 876 praue
102 830 240 865 consuetudinis
255 831 321 865 itinera
335 837 398 866 tenere
410 831 499 873 volentes,
512 830 562 864 nullo
577 835 630 876 pacto
645 829 696 865 illum
712 829 731 865 in

30 886 96 918 talibus
111 895 132 919 se
147 884 240 919 audituros
256 884 376 919 affirmabant.
404 884 445 926 Quo
460 884 558 924 intellecto,
573 888 636 928 spreta
654 883 732 918 seculari

30 948 100 982 pompa
118 949 190 973 necnon
209 938 282 980 diuitiis,
299 937 407 980 Floriacum,
422 937 453 972 vbi
472 948 539 981 corpus
558 936 617 972 sancti
636 936 731 972 Benedicti

30 991 134 1036 requiescit,
148 1002 227 1036 pergere
243 991 329 1026 decreuit.
353 990 416 1025 Missis
431 991 481 1025 enim
496 1002 507 1025 a
521 997 585 1025 sancto
601 990 666 1025 Odone
682 1002 760 1035 com-15

31 1044 142 1079 mendatitiis
157 1044 215 1078 literis
229 1049 248 1078 et
260 1044 313 1078 donis
328 1043 418 1088 plurimis,
431 1043 517 1079 iuuenem
533 1044 581 1078 dicto
596 1044 732 1079 commendauit

31 1102 49 1131 et
68 1097 186 1131 facto-idem
201 1108 246 1131 vero
265 1102 339 1131 sanctus
356 1097 397 1131 Odo
413 1096 432 1130 in
447 1097 541 1131 iuuentute
558 1096 667 1131 constitutus
685 1097 733 1131 mari

31 1148 108 1182 transito
115 1149 197 1183 habitum
205 1148 327 1183 monasticum
338 1150 387 1193 apud
399 1150 486 1193 eundem(
489 1150 500 1192 t)
510 1149 524 1182 F
525 1149 612 1183 loriacum
621 1155 733 1194 susceperat.

32 1203 123 1246 Suscepto
134 1203 195 1247 itaque
206 1202 268 1236 habitu
282 1212 339 1244 sacro,
354 1203 385 1247 qui
397 1203 420 1236 ab
431 1203 472 1237 aliis
483 1202 544 1236 doceri
557 1208 633 1237 venerat
644 1203 699 1237 talem
711 1213 732 1237 se

32 1256 114 1290 exhibuit
124 1261 144 1291 vt
155 1256 199 1291 satis
211 1256 230 1290 in
242 1267 264 1290 eo
275 1266 311 1300 quo
323 1256 438 1298 docerentur,
449 1255 497 1300 quod
509 1255 627 1298 imitarentur,
638 1256 732 1291 haberent.
742 1269 762 1291 ro

33 1309 76 1343 Erat
91 1310 141 1343 enim
154 1321 232 1353 sompno
245 1320 318 1353 parcus,
329 1309 370 1343 eibo
383 1309 461 1351 sobrius,
472 1309 491 1343 in
503 1309 594 1352 loquendo
606 1310 702 1352 discretus,
713 1310 732 1344 in

33 1361 114 1395 oratione
129 1363 220 1396 assiduus.
247 1363 307 1403 Quam
328 1362 405 1405 patiens,
420 1362 500 1402 humilis,
515 1362 611 1405 benignus,
627 1368 734 1397 mansuetus

33 1414 113 1448 extiterit
124 1420 142 1449 et
153 1414 255 1455 beniuolus,
266 1425 289 1448 ex
300 1413 372 1448 sincera
384 1413 472 1448 charitate
484 1424 520 1458 qua
532 1425 588 1459 supra
599 1414 733 1448 estimationem

33 1468 132 1502 humanam
143 1468 211 1509 enituit,
219 1467 310 1511 perpendi
320 1472 386 1511 potest.
410 1467 506 1502 Secretum
518 1468 540 1502 ab
550 1468 615 1502 abbate
626 1467 645 1502 in
657 1468 735 1504 ecclesia

33 1522 102 1565 accepit
110 1521 175 1564 locum,
183 1521 202 1554 in
210 1532 246 1566 quo
256 1521 410 1556 deofamiliarius
420 1521 523 1555 adhereret.
546 1521 584 1556 illic
592 1521 642 1556 enim
652 1522 734 1564 orationi,
744 1534 762 1566 ²⁵

34 1574 151 1617 meditationi,
161 1574 309 1618 contemplationi
319 1574 357 1608 vite
367 1574 473 1618 perhennis,
484 1574 507 1608 ab
519 1574 596 1608 aliorum
608 1575 734 1619 inquietudine

34 1632 115 1661 remotus
123 1637 198 1672 operam
206 1627 250 1662 dare
258 1626 327 1670 solitus,
335 1637 423 1671 magnum
431 1626 506 1660 humani
514 1627 588 1670 generis
596 1627 644 1661 hosti
652 1628 735 1663 fomitem

34 1680 96 1715 liuoris
109 1686 127 1714 et
141 1680 177 1714 odii
190 1680 310 1715 ministrabat.
337 1680 392 1714 Vnde
406 1685 459 1714 nocte
473 1681 552 1724 quadarn
566 1681 609 1714 dum
625 1681 735 1726 contempla-

34 1733 79 1767 tioni
88 1738 107 1766 et
117 1733 194 1767 orationi
201 1738 280 1774 vacaret,
289 1732 340 1766 affuit
350 1732 426 1777 spiritus
436 1733 532 1777 malignus,
543 1738 561 1766 et
573 1743 630 1767 sonos
640 1733 736 1768 horrificos

35 1786 99 1826 edens,
106 1790 125 1819 vt
134 1790 187 1830 cepto
196 1784 293 1819 desisteret
301 1790 320 1818 et
327 1784 403 1830 segnius
411 1790 442 1819 aut
450 1784 554 1819 nullatenus
562 1785 604 1820 talia
614 1791 737 1831 attemptaret,
745 1798 765 1829 30

35 1839 129 1873 hominem
139 1840 168 1874 dei
180 1844 251 1874 terrere
262 1839 376 1874 moliebatur.
395 1838 421 1872 At
432 1839 463 1873 ille
474 1838 517 1873 fidei
529 1845 582 1874 scuto
593 1845 692 1884 protectus,
699 1851 737 1875 non

36 1892 94 1935 magis
106 1892 128 1926 ad
142 1892 234 1926 fremitum
247 1892 306 1927 leonis
319 1892 348 1927 vel
362 1891 435 1927 sibilum
449 1892 541 1936 serpentis
553 1903 607 1937 quam
620 1894 643 1927 ad
656 1894 736 1928 balatum

36 1946 76 1978 ouis
91 1945 189 1979 exterritus
204 1946 319 1979 est-harum
333 1951 351 1978 et
366 1945 442 1978 aliarum
456 1944 555 1979 bestiarum
570 1946 586 1979 ei
598 1945 693 1989 improbus
706 1946 737 1980 ille

36 2008 91 2032 voces
106 1997 237 2040 ingessit-sed
251 1997 386 2040 imperterritus
401 2002 466 2030 cuncta
481 2008 523 2031 cum
536 2008 570 2031 suo
582 2004 656 2032 auctore
668 1998 738 2033 derisit.

37 2050 90 2092 Quod
103 2050 170 2084 demon
183 2050 281 2084 aduertens
294 2050 394 2094 disparuit:
407 2050 440 2083 sed
451 2050 470 2083 in
482 2050 567 2093 angelum
578 2050 625 2085 lucis
636 2062 647 2085 e
658 2051 737 2096 uestigio
746 2061 766 2093 35

36 2103 176 2147 transfiguratus
188 2102 248 2138 eidem
260 2108 323 2138 sancto
334 2102 424 2148 apparuit.
447 2103 485 2138 Sed
496 2103 525 2137 vir
536 2104 565 2138 dei
577 2104 630 2148 signo
644 2105 703 2141 crucis
717 2117 738 2141 se

36 2157 119 2199 muniuit,
135 2157 196 2191 sciens
213 2158 281 2192 exinde
296 2156 394 2201 angelum³
408 2156 455 2191 lucis
469 2168 506 2191 non
522 2157 636 2199 irritandum,
651 2159 737 2204 angelum

37 2216 98 2244 autem
113 2210 231 2244 tenebrarum
248 2209 320 2245 eminus
335 2210 457 2253 effugandum.
480 2209 504 2244 Et
519 2210 587 2245 iactum
601 2216 629 2245 est
642 2212 678 2247 ita:
691 2212 739 2247 Nam
780 2219 784 2223 ’

37 2261 128 2306 malignus
140 2262 170 2297 ille
181 2268 280 2307 temptator
286 2261 326 2297 viso
338 2261 397 2297 crucis
408 2260 508 2306 signaculo,
514 2262 565 2297 velut
574 2263 635 2298 sumus
647 2265 670 2298 ab
681 2265 739 2300 oculis

38 2316 77 2350 eius
91 2316 169 2350 euanuit.
223 2309 294 2350 Audita
309 2318 383 2350 tandem
398 2322 461 2350 sancta
472 2317 612 2351 conuersatione
623 2319 696 2362 nepotis
709 2319 737 2353 sui
747 2330 768 2361 4⁰

38 2369 119 2403 Oswaldi
134 2369 235 2403 immensas
250 2369 370 2414 omnipotenti
385 2369 420 2403 deo
435 2370 503 2414 gratias
519 2371 555 2415 egit
570 2376 645 2406 sanctus
661 2373 707 2413 Odo,
721 2379 738 2407 et

38 2422 101 2456 missis
108 2422 187 2456 diuersis
195 2423 302 2458 muneribus
314 2422 374 2457 abbati
382 2427 400 2457 et
407 2423 503 2458 monachis
510 2435 545 2468 pro
552 2435 586 2458 suo
594 2430 662 2468 nepote
670 2425 738 2470 gratias

58 2539 63 2557 ¹
73 2538 91 2568 T.
99 2539 170 2571 sullimis.
249 2539 255 2558 ²
265 2549 296 2570 om.
383 2538 389 2557 ¹
400 2539 418 2572 Ε.
426 2551 486 2573 eorum.
566 2541 572 2561 ¹
583 2541 623 2573 Boll.
632 2542 666 2581 ipse
673 2543 740 2574 iuuenis.

38 2578 44 2598 l
54 2579 72 2609 E.
79 2579 148 2616 anglum.
