1762 2803
110 132 144 204 '94
303 150 383 203 muna
399 148 515 210 tonnus
530 148 624 210 analio.

115 270 174 305 Dauid
186 271 205 304 in
217 271 342 306 confessorem
353 278 370 306 et
377 271 414 306 vite
426 283 459 306 sue
471 277 512 316 post
524 273 579 306 deum
591 273 690 307 custodem.
714 272 737 306 Et
749 271 816 305 mansi-

114 324 190 359 unculas
206 335 252 368 quas
267 325 350 370 eligebat,
365 331 403 359 tam
418 326 437 359 in
453 325 512 359 insula
527 336 582 369 quam
598 332 650 360 extra
665 325 750 367 insulam,
766 325 782 359 ei
798 330 816 359 et

115 379 201 413 fratribus
213 380 236 412 ad
247 379 308 423 ipsum
322 379 455 413 confluentibus
469 379 565 413 concessit.
610 373 697 425 Quadam
709 385 770 413 autem
782 378 816 420 die,

115 431 184 467 cumin
193 431 252 466 insula
260 432 336 466 orationi
347 437 365 466 et
375 431 449 465 lectioni
456 442 532 475 operam
540 432 597 474 daret,
606 433 714 477 nauigantes
724 431 817 476 quinque¹

98 485 135 526 5in
149 486 210 519 lembo
223 486 302 527 quodam
317 486 436 524 aduenerant,
452 490 470 517 et
485 484 594 517 festinantes
609 486 632 518 ad
646 485 707 528 ipsum
719 485 816 518 dixerunt:

116 537 179 577 ‘Ecce
187 547 242 580 quem
250 547 306 578 amas,
314 536 422 578 infirmatur,
430 536 520 570 mandans
527 541 547 570 vt
555 536 577 570 ad
586 535 647 579 ipsum
655 536 757 581 postposita
767 536 817 570 omni

116 602 167 624 mora
179 590 279 624 acceleres:
303 590 335 622 Ille
347 595 414 631 autem,
422 589 483 622 audita
492 589 528 622 cari
540 588 574 622 sibi
587 589 606 622 in
619 590 692 624 Christo
705 589 817 632 infirmitate,

115 645 139 678 ad
154 643 234 677 lembum
249 641 359 686 properauit,
374 647 392 676 et
407 642 489 686 psalmos
503 642 583 686 psallere
598 641 671 687 incepit.
694 643 741 678 Cum
756 647 817 677 autern

116 697 222 740 remigando
237 696 260 729 ad
275 695 330 729 maris
346 696 462 729 medietatem
475 696 563 737 venisset,
575 701 619 730 tunc
634 698 709 730 demum
724 707 757 730 eos
771 696 817 730 facie

90 751 186 784 roeleuata
205 749 300 793 conspexit
319 748 440 782 deformiores
458 759 514 793 quam
532 748 617 783 homines
633 761 680 794 quos
696 749 757 784 videre
776 760 817 783 con·

117 807 206 844 sueuerat,
224 808 242 836 et
260 803 308 837 clare
326 802 366 836 illos
385 802 475 846 malignos
494 802 569 846 spiritus
586 813 628 837 esse
643 803 738 838 intellexit.
765 803 817 837 Tunc

116 856 271 899 septuagesimum
284 866 353 889 nonum
366 855 459 898 psalmum
472 855 556 889 manibus
570 855 664 900 oculisque
676 857 695 890 in
709 856 768 890 celum
781 856 818 890 ele-

116 909 168 950 uatis,
187 907 255 941 scilicet
270 908 332 941 ‘Deus
350 908 369 941 in
388 907 507 949 adiutorium,'
523 908 596 952 incepit.
619 909 642 942 Et
657 920 699 942 cum
716 909 818 943 secundum

117 962 199 995 eiusdem
210 960 276 1004 psalmi
286 960 397 995 versiculum
405 960 554 994 ‘confundantur
563 966 581 994 et
592 961 723 995 reuereantur²
735 961 766 1005 qui
773 972 819 1005 que·

90 1019 159 1053 15runt
177 1012 257 1046 animam
276 1013 345 1046 mearn’
364 1014 475 1054 decantaret,
494 1017 581 1056 tanquam
600 1014 650 1047 corui
669 1013 716 1057 nigri
734 1014 818 1048 volantes

117 1070 236 1101 euanuerunt.
252 1065 318 1110 Sicque
329 1065 359 1100 dei
369 1065 427 1100 fretus
437 1065 531 1107 adiutorio,
542 1065 561 1099 in
572 1070 623 1109 petra
630 1067 710 1110 quadam
720 1066 743 1101 ab
754 1065 818 1100 infimo

117 1120 174 1154 maris
184 1118 270 1153 diuinitus
280 1119 351 1153 eleuata
362 1120 385 1153 ad
394 1124 462 1153 terram
473 1123 547 1153 euectus
560 1124 593 1161 est,
603 1125 686 1154 sanctum
697 1130 741 1154 vero
752 1119 819 1161 Dauid,

117 1183 172 1218 quem
187 1171 262 1216 maligni
275 1172 350 1217 spiritus
365 1171 459 1206 infirmum
472 1172 584 1213 asserebant,
597 1182 662 1207 sanum
678 1178 695 1207 et
707 1172 818 1207 ineolumem

117 1225 193 1261 inuenit.
237 1219 310 1260 Videns
325 1225 379 1269 igitur
394 1225 468 1259 humani
483 1225 558 1269 generis
571 1226 629 1260 hostis
642 1237 653 1260 a
666 1226 705 1261 viro
720 1231 783 1261 sancto
798 1237 819 1261 se

90 1296 109 1316 ιο
117 1280 190 1321 uictum,
200 1278 224 1321 (et
235 1280 291 1322 quod)
298 1278 304 1297 ³
312 1290 346 1312 nec
357 1278 426 1312 crebris
438 1278 536 1312 assultibus
548 1284 674 1322 attemptatum
683 1290 776 1323 superare,
784 1290 818 1313 nec

117 1331 202 1375 malignis
209 1331 356 1374 suggestionibus
362 1342 373 1364 a
379 1331 441 1364 diuino
449 1330 523 1364 seruitio
531 1331 592 1375 ipsum
598 1331 688 1374 (valuerit)
694 1331 701 1350 ⁴
707 1342 818 1376 segregare;

117 1386 162 1420 alias
177 1384 220 1418 artis
235 1394 269 1419 sue
283 1384 347 1418 dolose
362 1383 506 1418 machinationes
521 1383 614 1425 confinxit,
629 1384 716 1429 virusque
731 1395 786 1419 suum
800 1384 819 1419 in

117 1438 151 1472 viri
165 1436 223 1471 sancti
237 1447 302 1471 seruos
314 1442 353 1471 tres
366 1437 437 1470 infudit.
460 1436 529 1470 Furore
542 1436 609 1470 deinde
621 1437 671 1472 serui
683 1438 768 1481 correpti,
782 1448 819 1471 non

119 1491 177 1526 solnm
186 1489 267 1533 magistri
277 1489 305 1525 sui
315 1489 384 1525 monita
392 1489 477 1525 salutaria
485 1494 637 1533 contempnentes
643 1490 655 1533 ⁶,
664 1490 729 1535 quibus
737 1490 788 1535 ipsos
795 1491 818 1526 ad

92 1560 110 1588 25
119 1545 200 1578 laborem
208 1544 333 1577 exercendum
341 1544 450 1586 hortabatur,
459 1554 483 1576 ne
490 1542 547 1577 vitam
555 1544 643 1578 ducerent
653 1544 743 1587 ociosam3
755 1555 820 1579 verum

119 1598 138 1631 in
148 1598 210 1641 ipsum
221 1597 312 1630 irruentes
325 1597 348 1630 ad
358 1601 426 1630 terram
438 1601 563 1640 prosternunt,
577 1601 595 1630 et
607 1603 661 1641 caput
673 1598 712 1632 eius
724 1597 821 1631 crudeliter

119 1655 214 1695 amputare
233 1660 270 1683 non
289 1650 391 1684 formidant.
420 1650 468 1683 Loco
483 1660 527 1684 vero
542 1660 578 1693 quo
594 1656 677 1685 sanctum
694 1656 747 1695 caput
764 1660 821 1695 super

119 1711 188 1738 terram
203 1702 272 1745 cecidit,
286 1703 327 1736 fons
342 1703 421 1746 irriguus
436 1714 483 1745 aque
498 1702 626 1745 limpidissime
640 1705 663 1739 de
676 1716 723 1747 rupe
736 1704 820 1747 protinus

120 1754 220 1791 scaturiens
236 1754 338 1789 emanauit:
351 1754 407 1788 Cuius
422 1765 469 1798 aqua
484 1755 507 1788 ab
523 1754 647 1798 egrotantibus
663 1756 728 1790 hausta
742 1756 821 1790 salutem

93 1825 112 1855 30
120 1818 218 1853 corporum
233 1808 302 1841 confert
317 1807 412 1841 uniuersis.
465 1800 548 1852 Quidam
565 1807 640 1843 nomine
656 1809 715 1850 lonas,
730 1808 749 1843 in
764 1809 821 1843 lacteo

120 1869 163 1907 potu
176 1862 218 1894 dato
230 1860 265 1894 sibi
274 1872 351 1904 veneno,
360 1866 443 1895 ventrem
455 1860 562 1894 mirabiliter
574 1860 593 1894 in
606 1866 697 1896 tumorem
710 1872 820 1896 conuersum

121 1914 192 1951 habuit:
209 1919 227 1948 et
239 1919 313 1959 sumpta
324 1925 370 1959 aqua
382 1914 417 1957 illa,
427 1924 491 1948 ranam
503 1913 563 1948 uiuam
577 1915 638 1949 statim
648 1915 734 1959 euomuit,
744 1921 762 1950 et
773 1920 821 1949 totus

120 1976 181 2004 tumor
188 1967 257 2002 ventris
265 1968 344 2002 euanuit.
389 1961 419 2001 Illi
426 1978 471 2001 vero
479 1967 577 2011 iniquitatis
589 1968 621 2001 filii
633 1974 674 2013 post
685 1969 745 2003 scelus
754 1968 819 2012 iniqui·

120 2023 162 2058 tatis
174 2021 298 2063 commissum,
312 2032 332 2055 se
344 2021 396 2064 lepra
408 2031 512 2064 percussos,
525 2026 543 2054 et
556 2020 637 2055 diuinam
650 2022 668 2055 in
681 2033 702 2056 se
714 2031 821 2055 conuersam

94 2094 112 2125 35
121 2076 216 2110 euidenter
232 2074 319 2108 vltionem
338 2079 464 2118 perceperunt.
491 2074 586 2118 Progressi
603 2075 646 2109 inde
663 2085 704 2109 cum
715 2074 789 2119 ‘gemitu
804 2078 822 2107 et

121 2131 194 2174 planctu
213 2129 236 2161 ad
251 2129 343 2171 quendam
358 2128 453 2171 scopulum
468 2128 537 2171 pariter
552 2129 670 2170 deuenerunt‚
686 2129 716 2173 qui
731 2139 789 2172 vsque
804 2127 822 2160 in

122 2182 231 2216 hodiernum
250 2180 299 2214 diem
318 2181 414 2223 ‘scopulus
433 2180 558 2224 leprosorum'
578 2187 697 2225 nuncupatur.
728 2181 755 2215 lbi
774 2184 823 2224 post-

122 2234 198 2269 modum
207 2232 243 2276 ipsi
253 2232 345 2276 lugubres,
355 2238 374 2266 et
384 2244 460 2276 corpora
470 2243 503 2266 sua
512 2232 598 2276 grauibus
608 2234 699 2277 supplitiis
710 2239 823 2278 torquentes,

122 2293 141 2321 et
160 2285 227 2320 mutuis
242 2284 349 2319 verberibus
368 2285 486 2328 flagellantes,
502 2285 521 2317 in
537 2285 600 2318 dolore
618 2286 686 2329 pariter
701 2292 719 2320 et
734 2294 823 2328 erumpna

94 2361 115 2393 40
123 2338 209 2385 quamdiu
227 2337 312 2372 vixerant
328 2337 383 2372 vitam
401 2338 421 2371 in
440 2337 520 2371 maxima
538 2337 638 2382 penitentia
656 2340 790 2380 concluserunt,
806 2341 824 2370 et

123 2394 230 2428 delictorum
245 2391 318 2426 veniam
333 2389 414 2425 meritis⁵
429 2390 486 2425 sancti
503 2390 591 2425 Iustinani
609 2393 696 2437 consequi
714 2395 823 2427 meruerunt.

125 2441 202 2489 Magnis
211 2444 260 2479 enim
268 2444 337 2478 maiora
345 2445 444 2478 succedunt
452 2444 543 2478 miracula,
559 2445 606 2479 Nam
615 2457 682 2491 corpus
689 2447 737 2481 beati
745 2443 824 2480 martiris

142 2583 176 2613 ΙΕ.
184 2590 251 2619 quoque.
305 2579 445 2611 'Ereucrantun
499 2582 613 2619 ³etqu0d0m
626 2583 667 2614 inT,
728 2576 824 2612 ⁴0m,inT.

123 2623 129 2642 ⁵
139 2633 152 2654 r.
160 2622 283 2659 contempnunt?
324 2619 330 2638 ⁶
340 2620 358 2650 E.
366 2620 423 2650 meriti.
