1762 2803
234 106 279 162 bc
294 104 394 159 &aare
411 103 576 156 delumbant.
709 118 753 163 ²07

52 226 133 270 grauida,
144 226 204 261 subito
216 238 250 271 per
262 227 392 270 intempestam
406 230 479 260 noctem
491 235 558 269 sopore
570 226 663 269 depressa,
674 224 719 258 vidit
731 225 755 258 de

52 279 93 314 sinu
105 290 138 314 suo
149 280 255 315 rutilantem
267 280 325 315 solem
337 284 355 313 et
366 278 423 313 nimio
434 278 505 323 fulgore
517 278 615 313 micantem
625 277 725 322 procedere
737 283 755 311 et

52 335 121 367 mundo
129 346 217 379 magnum
225 335 287 368 lumen
295 334 378 378 prebere.
401 333 460 375 Quam
466 332 556 367 visionem
564 343 605 366 cum
612 331 684 365 cuidam
692 337 756 365 sancto

52 391 161 429 enarrasset,
169 397 280 431 responsum
288 385 357 429 accepit
364 396 368 420 :
380 395 401 419 se
408 385 482 429 egregie
489 385 556 419 indolis
562 390 614 419 vtero
621 389 685 418 tenere
690 383 756 424 virum,

52 438 84 482 qui
95 444 113 473 et
125 450 158 473 sue
170 440 223 474 saluti
232 440 288 482 vtilia,
296 445 314 473 et
325 439 452 483 proximorum
462 439 533 472 vtilitati
544 438 649 483 prouideret
661 443 773 482 oportuna5

53 491 100 525 Nato
112 491 172 535 itaque
183 503 247 536 puero,
255 498 272 527 et
284 492 350 526 litteris
361 492 499 534 commendat03
511 502 552 525 cum
563 491 625 525 multis
636 491 709 525 ssoreret
719 489 756 524 vir·

53 543 126 587 tutibus,
135 544 183 588 cepit
191 550 254 579 contra
262 555 304 579 eum
312 543 398 588 antiquus
409 543 467 578 hostis
477 542 548 578 letifera
558 543 594 578 tela
604 543 666 577 laxare
676 547 694 577 et
705 541 756 586 puel-

53 596 112 631 larum
127 596 146 631 in
159 608 201 632 eum
213 608 285 632 amores
300 597 394 632 suscitare.
421 596 459 631 Sed
470 607 512 631 cum
523 596 578 631 tantis
590 596 632 631 telis
642 595 723 639 vndique
734 605 756 630 se

53 648 114 693 vrgeri
123 649 242 693 conspiceret,
247 660 325 695 peregre
332 649 423 694 proficisci
429 649 440 690 ¹,
448 660 484 693 quo
491 650 526 683 deo
534 649 620 693 placeret,
628 648 723 693 disposuit,
731 657 756 681 ne

54 701 140 736 frustrato
148 702 209 736 labore
217 713 272 747 quem
281 702 300 736 in
309 702 391 737 scientiis
398 701 454 736 variis
462 702 590 744 desudauerat,
597 702 616 735 in
627 701 684 736 seculi
694 701 756 736 illece·
765 711 784 734 ro

54 755 93 789 bris
99 755 249 799 occuparet[ur]².
264 756 320 790 Venit
328 756 382 800 igitur
388 756 411 789 ad
416 755 482 789 cellam
488 755 583 789 cuiusdam
589 754 674 798 religiose
682 754 756 796 lemine,

54 812 72 840 et
83 808 198 851 propositum
209 819 263 842 suum
276 808 318 853 [ei]³
330 807 411 842 studiose
423 817 507 854 reserare
521 807 596 841 curauit.
619 807 653 841 Cui
664 807 705 842 illa:
718 806 756 840 ‘Tu

54 860 177 895 adolescentie
184 860 264 895 ssammis
271 866 376 903 exestuans,
384 861 428 894 dum
436 860 496 894 natale
506 860 567 894 solum
574 860 644 902 incolis,
652 860 675 894 ad
683 859 757 905 fragiles

54 924 110 947 voces
117 914 164 947 velis
173 914 221 947 nolis
228 914 324 957 fragilitate
335 914 437 947 attrahente
447 923 501 946 aures
512 914 638 953 accomodans,
646 913 731 946 visitare·
739 918 758 946 te

55 965 144 999 femineos
156 977 212 1000 sexus
223 966 280 999 libere
289 965 372 999 credis⁶t
395 965 437 998 Non
448 964 576 1006 reminisceris,
585 976 640 999 suasu
650 965 689 999 Eue
697 965 758 999 Adam
767 977 785 1007 ¹5

55 1018 157 1062 delapsum,
166 1019 289 1063 Sampsonem
297 1029 308 1052 a
316 1017 393 1052 Dalida⁵
402 1018 503 1061 seductum,
512 1017 571 1052 Dauid
580 1028 591 1052 a
601 1017 679 1062 pristina
688 1017 759 1052 iusticia

55 1071 191 1114 pulchritudine
199 1072 292 1106 Bersabee
300 1076 411 1115 corruptum,
417 1070 573 1115 sapientissimum
581 1071 699 1105 Salomonem
707 1070 759 1105 muli·

55 1135 107 1158 erum
119 1135 181 1158 amore
193 1125 301 1168 deceptum?
325 1123 389 1168 Perge,
400 1135 411 1158 o
422 1123 499 1163 iuuenis,
509 1134 566 1168 perge
578 1129 596 1158 et
607 1123 676 1158 evade⁷
687 1122 759 1157 ruinam

56 1188 90 1220 per
98 1188 152 1220 quam
162 1177 230 1212 multos
241 1177 332 1221 comperis
343 1176 446 1218 corruisse,
458 1176 529 1211 declina
536 1176 585 1211 viam
597 1187 632 1220 que
644 1176 697 1211 inseri
709 1175 758 1211 ducit

56 1231 80 1264 ad
93 1231 167 1264 valuas!
190 1230 301 1264 Hqusmodi
316 1241 360 1274 ergo
376 1229 428 1263 dictis
443 1229 552 1271 stimulatus,
564 1230 657 1264 sodalibus
672 1235 690 1264 et
706 1229 759 1264 matri
768 1241 787 1263 ao

56 1283 149 1326 valedixit,
162 1289 180 1317 et
196 1284 299 1318 obstantem
314 1289 391 1317 matrem
405 1282 424 1317 in
438 1282 494 1317 limite
508 1283 563 1317 hostii
576 1283 655 1327 postulat
666 1289 686 1317 vt
699 1294 720 1317 se
732 1282 759 1317 ire

57 1336 109 1379 sinat,
122 1336 195 1370 dicens:
212 1337 288 1370 ‘Nonne
299 1336 371 1378 audisti,
381 1341 446 1377 mater,
457 1335 521 1380 inquit,
532 1335 575 1380 quia
586 1335 617 1380 qui
628 1341 676 1370 amat
687 1341 760 1380 patrem

57 1395 87 1423 aut
95 1394 172 1423 matrem
180 1389 222 1433 plus
230 1400 285 1433 quam
292 1399 328 1431 me,
336 1400 373 1422 non
381 1394 409 1422 est
419 1399 449 1422 me
456 1389 544 1433 dignus?'
567 1388 601 1422 Illa
608 1399 652 1423 vero
660 1388 731 1423 eiulans
741 1394 760 1423 et

57 1442 162 1486 pauimento
177 1448 274 1486 prostrata,
289 1442 341 1475 illum
356 1441 406 1475 abire
423 1452 444 1475 se
460 1441 604 1485 permissuram⁸
619 1442 703 1486 denegat.
726 1441 760 1476 Ille

58 1494 134 1528 limitem
149 1499 264 1537 matremque
279 1493 390 1535 transiliens,
405 1494 464 1537 poscit
479 1498 499 1528 vt
513 1494 584 1534 letetur,
599 1493 651 1528 illum
667 1504 761 1537 nunquam
770 1506 788 1536 ²5

58 1547 146 1590 deinceps
161 1546 180 1579 in
196 1546 230 1580 hac
240 1546 278 1580 vita
290 1546 358 1580 visura.
381 1546 404 1579 Et
418 1546 496 1580 veniens
511 1547 534 1579 ad
549 1547 641 1590 quendam
656 1546 762 1591 religiosum

58 1599 133 1634 nomine
146 1600 234 1643 Senilem,
246 1599 265 1634 in
279 1606 383 1634 sanctarum
398 1599 529 1644 scripturarum
542 1599 619 1634 scientia
633 1600 656 1634 ab
671 1611 693 1634 eo
706 1599 762 1634 insor-

58 1660 123 1688 matur.
150 1654 172 1687 In
187 1654 298 1687 monasterio
314 1653 411 1686 Benechor
425 1654 460 1687 sub
477 1653 541 1687 abbate
557 1653 646 1697 Congello
661 1653 762 1688 monachus

59 1706 140 1748 effectus,
154 1706 173 1740 in
188 1706 238 1740 omni
253 1706 348 1740 sanctitate
363 1705 426 1740 multis
441 1705 494 1741 annis
507 1706 558 1740 vixit.
603 1699 698 1740 Vicesimo
712 1706 762 1741 enim

59 1760 112 1793 etatis
124 1770 157 1793 sue
169 1770 222 1800 anno,
230 1759 294 1793 electis
306 1760 402 1793 duodecim
413 1759 505 1801 fratribus,
516 1760 540 1793 ad
551 1759 602 1793 littus
612 1759 669 1793 maris
680 1759 763 1802 accessit,
771 1772 791 1801 30

60 1817 78 1845 et
89 1811 162 1854 nauigio
173 1816 290 1844 transuectus
301 1812 324 1844 ad
333 1811 411 1845 Galliam
422 1822 511 1854 prospere
523 1812 613 1854 peruenit.
635 1811 708 1855 Vbique
718 1822 763 1845 vero

59 1864 136 1900 verbum
150 1863 179 1897 dei
191 1863 296 1906 seminans;
313 1863 329 1897 si
342 1863 384 1907 quis
396 1863 472 1897 fratrum
485 1864 579 1907 proprium
593 1863 661 1907 aliquid
673 1873 762 1908 vsurparc

60 1921 173 1960 temptasset,
187 1926 198 1950 a
213 1921 314 1950 ceterorum
330 1916 421 1950 consortio
436 1921 548 1960 segregatus,
560 1915 660 1959 penitentie
673 1916 762 1950 vltionem

60 1980 127 2014 passus
139 1974 178 2012 est3
194 1968 257 2002 nullus
268 1978 354 2012 asperum
366 1978 471 2002 sermonem
482 1968 565 2012 prolerre
575 1968 662 2002 audebat:
676 1967 702 2002 ita
712 1974 732 2002 vt
743 1968 762 2002 in

60 2024 141 2057 humana
151 2022 289 2056 conuersatione
299 2021 400 2065 angelicam
408 2022 496 2055 ducerent
503 2022 565 2056 vitam.
586 2021 646 2055 Tanta
656 2032 735 2065 namque
743 2021 762 2055 in
771 2034 790 2065 35

60 2077 113 2112 beato
124 2076 164 2111 viro
175 2076 232 2120 gratia
243 2074 320 2117 refulsit,
329 2080 348 2110 vt
358 2075 468 2119 vbicumque
479 2080 587 2116 moraretur,
597 2074 679 2110 omnium
691 2074 763 2110 animos

61 2131 84 2164 ad
95 2129 189 2174 religionis
201 2129 270 2163 cultum
280 2128 382 2162 inclinaret.
404 2128 459 2162 Venit
471 2134 532 2163 autem
544 2129 567 2163 ad
577 2128 688 2173 Sigibertum
700 2138 763 2173 regem

60 2183 199 2217 Austrasiorum
207 2187 225 2215 et
234 2180 390 2225 Burgundionum,
398 2187 417 2215 et
426 2181 527 2216 honorifice
537 2182 590 2215 abeo
599 2187 701 2225 susceptus,
709 2180 763 2216 here-

61 2247 112 2270 mum
121 2236 195 2269 nomine
202 2235 296 2278 Vosagum
304 2234 326 2267 ab
334 2245 357 2268 eo
364 2235 427 2277 petiit:
440 2245 476 2278 qua
484 2234 581 2268 liberaliter
589 2245 681 2276 concessa,
689 2245 763 2268 monas·

61 2289 127 2323 terium
137 2288 205 2322 ibidem
216 2287 321 2322 construxit.
366 2280 431 2321 Vnum
441 2287 491 2321 enim
500 2298 511 2322 e
520 2287 605 2321 iratribus
616 2297 657 2321 cum
668 2287 727 2321 subito
735 2288 764 2323 vis
771 2302 792 2333 4⁰

61 2342 151 2376 febrium⁹
158 2342 264 2385 flagellaret,
273 2345 291 2374 et
300 2340 351 2373 nulla
362 2340 490 2374 alimentorum
501 2340 565 2374 solatia
574 2345 637 2383 preter
644 2339 733 2374 corticum
745 2346 764 2376 et

61 2395 160 2430 herbarum
174 2393 242 2439 pabula
256 2393 355 2435 haberent;
371 2392 418 2426 sacto
431 2391 498 2426 ieiunio
513 2393 536 2426 ab
551 2392 636 2426 omnibus
649 2391 734 2427 triduano
746 2398 765 2429 et

62 2448 180 2490 orationibus,
192 2458 216 2482 ex
231 2447 324 2490 insperato
339 2446 454 2489 conspiciunt
466 2447 526 2480 virum
540 2446 638 2490 quendam,
652 2447 731 2490 panibus
746 2452 765 2482 et

61 2516 207 2553 '¹E.profieissi.
237 2515 271 2546 πΤ,
279 2515 296 2545 E.
304 2519 392 2551 occuparet
433 2513 530 2544 ³ermini).
570 2513 605 2545 ⁴12.
613 2514 683 2546 insitare.
704 2515 738 2546 5Τ.
746 2514 765 2546 Ε.

62 2556 123 2588 credes.
164 2554 263 2588 ’aLDalila
303 2553 390 2586 lavade.
430 2553 464 2585 ’Β
473 2553 591 2592 promissuram.
633 2553 745 2587 *eleutrum
