<?xml version="1.0" encoding="UTF-8"?>
<!DOCTYPE html PUBLIC "-//W3C//DTD XHTML 1.0 Transitional//EN"
    "http://www.w3.org/TR/xhtml1/DTD/xhtml1-transitional.dtd">
<html xmlns="http://www.w3.org/1999/xhtml" xml:lang="en" lang="en">
 <head>
  <title>
</title>
<meta http-equiv="Content-Type" content="text/html;charset=utf-8" />
  <meta name='ocr-system' content='tesseract 3.04.00' />
  <meta name='ocr-capabilities' content='ocr_page ocr_carea ocr_par ocr_line ocrx_word'/>
</head>
<body>
  <div class='ocr_page' id='page_1' title='image "./MN5111ucmf_0/MN5111ucmf_0_0679.png"; bbox 0 0 1762 2803; ppageno 0'>
   <div class='ocr_carea' id='block_1_1' title="bbox 150 63 749 125">
    <p class='ocr_par' dir='ltr' id='par_1_1' title="bbox 150 63 749 125">
     <span class='ocr_line' id='line_1_1' title="bbox 150 63 749 125; baseline -0.01 -7"><span class='ocrx_word' id='word_1_1' title='bbox 150 66 196 122; x_wconf 59' lang='lat' dir='ltr'><strong>ma</strong></span> <span class='ocrx_word' id='word_1_2' title='bbox 212 63 311 118; x_wconf 54' lang='lat' dir='ltr'><strong>&amp;anuo</strong></span> <span class='ocrx_word' id='word_1_3' title='bbox 327 63 443 125; x_wconf 69' lang='lat' dir='ltr'><strong>anteana</strong></span> <span class='ocrx_word' id='word_1_4' title='bbox 457 68 487 117; x_wconf 82' lang='lat' dir='ltr'><strong>aa</strong></span> <span class='ocrx_word' id='word_1_5' title='bbox 502 65 648 118; x_wconf 75' lang='lat' dir='ltr'><strong>ittaatato.</strong></span> <span class='ocrx_word' id='word_1_6' title='bbox 720 71 749 125; x_wconf 77' lang='lat'><strong>63</strong></span> 
     </span>
    </p>
   </div>
   <div class='ocr_carea' id='block_1_2' title="bbox 46 187 768 654">
    <p class='ocr_par' dir='ltr' id='par_1_2' title="bbox 46 187 768 654">
     <span class='ocr_line' id='line_1_2' title="bbox 47 187 750 235; baseline -0.003 -11"><span class='ocrx_word' id='word_1_7' title='bbox 47 199 110 235; x_wconf 89' lang='lat' dir='ltr'><strong>pacem</strong></span> <span class='ocrx_word' id='word_1_8' title='bbox 120 188 220 222; x_wconf 90' lang='lat' dir='ltr'><strong>tenendam</strong></span> <span class='ocrx_word' id='word_1_9' title='bbox 232 192 300 221; x_wconf 82' lang='lat' dir='ltr'><strong>metam</strong></span> <span class='ocrx_word' id='word_1_10' title='bbox 310 191 393 221; x_wconf 87' lang='lat' dir='ltr'><strong>statuens</strong></span> <span class='ocrx_word' id='word_1_11' title='bbox 401 187 506 231; x_wconf 72' lang='lat' dir='ltr'><strong>assignanti,</strong></span> <span class='ocrx_word' id='word_1_12' title='bbox 514 187 542 221; x_wconf 86' lang='lat' dir='ltr'><strong>et¹</strong></span> <span class='ocrx_word' id='word_1_13' title='bbox 553 187 584 232; x_wconf 89' lang='lat' dir='ltr'><strong>qui</strong></span> <span class='ocrx_word' id='word_1_14' title='bbox 598 187 645 222; x_wconf 86' lang='lat' dir='ltr'><strong>hanc</strong></span> <span class='ocrx_word' id='word_1_15' title='bbox 655 198 719 231; x_wconf 86' lang='lat' dir='ltr'><strong>pacem</strong></span> <span class='ocrx_word' id='word_1_16' title='bbox 731 188 750 222; x_wconf 90' lang='lat' dir='ltr'><strong>in</strong></span> 
     </span>
     <span class='ocr_line' id='line_1_3' title="bbox 47 239 750 286; baseline -0.001 -10"><span class='ocrx_word' id='word_1_17' title='bbox 47 243 107 286; x_wconf 87' lang='lat' dir='ltr'><strong>aliquo</strong></span> <span class='ocrx_word' id='word_1_18' title='bbox 115 241 144 275; x_wconf 91' lang='lat' dir='ltr'><strong>vel</strong></span> <span class='ocrx_word' id='word_1_19' title='bbox 152 251 196 284; x_wconf 85' lang='lat' dir='ltr'><strong>erga</strong></span> <span class='ocrx_word' id='word_1_20' title='bbox 204 240 283 283; x_wconf 85' lang='lat' dir='ltr'><strong>aliquem</strong></span> <span class='ocrx_word' id='word_1_21' title='bbox 289 239 357 273; x_wconf 90' lang='lat' dir='ltr'><strong>violare</strong></span> <span class='ocrx_word' id='word_1_22' title='bbox 365 245 487 283; x_wconf 79' lang='lat' dir='ltr'>presumeret,</span> <span class='ocrx_word' id='word_1_23' title='bbox 493 245 533 274; x_wconf 88' lang='lat' dir='ltr'><strong>octo</strong></span> <span class='ocrx_word' id='word_1_24' title='bbox 541 240 597 274; x_wconf 87' lang='lat' dir='ltr'><strong>libras</strong></span> <span class='ocrx_word' id='word_1_25' title='bbox 605 241 684 275; x_wconf 81' lang='lat' dir='ltr'><strong>ecclesie</strong></span> <span class='ocrx_word' id='word_1_26' title='bbox 692 239 750 275; x_wconf 85' lang='lat' dir='ltr'><strong>sancti</strong></span> 
     </span>
     <span class='ocr_line' id='line_1_4' title="bbox 48 291 750 337; baseline -0.004 -7"><span class='ocrx_word' id='word_1_27' title='bbox 48 295 134 330; x_wconf 80' lang='lat' dir='ltr'>Iohannis</span> <span class='ocrx_word' id='word_1_28' title='bbox 150 293 269 337; x_wconf 88' lang='lat' dir='ltr'><strong>persolueret.</strong></span> <span class='ocrx_word' id='word_1_29' title='bbox 293 292 329 333; x_wconf 83' lang='lat' dir='ltr'><strong>Qui</strong></span> <span class='ocrx_word' id='word_1_30' title='bbox 342 291 389 326; x_wconf 85' lang='lat' dir='ltr'><strong>infra</strong></span> <span class='ocrx_word' id='word_1_31' title='bbox 401 298 439 327; x_wconf 91' lang='lat' dir='ltr'><strong>tres</strong></span> <span class='ocrx_word' id='word_1_32' title='bbox 452 303 515 327; x_wconf 86' lang='lat' dir='ltr'><strong>cruces</strong></span> <span class='ocrx_word' id='word_1_33' title='bbox 529 294 611 336; x_wconf 88' lang='lat' dir='ltr'><strong>lapideas</strong></span> <span class='ocrx_word' id='word_1_34' title='bbox 622 295 645 327; x_wconf 90' lang='lat' dir='ltr'><strong>ad</strong></span> <span class='ocrx_word' id='word_1_35' title='bbox 656 294 750 327; x_wconf 89' lang='lat' dir='ltr'><strong>introitum</strong></span> 
     </span>
     <span class='ocr_line' id='line_1_5' title="bbox 48 344 750 389; baseline -0.006 -7"><span class='ocrx_word' id='word_1_36' title='bbox 48 346 143 382; x_wconf 87' lang='lat' dir='ltr'><strong>Beuerlaci</strong></span> <span class='ocrx_word' id='word_1_37' title='bbox 148 347 172 380; x_wconf 91' lang='lat' dir='ltr'><strong>ab</strong></span> <span class='ocrx_word' id='word_1_38' title='bbox 177 346 242 379; x_wconf 93' lang='lat' dir='ltr'><strong>eodem</strong></span> <span class='ocrx_word' id='word_1_39' title='bbox 251 354 295 387; x_wconf 85' lang='lat' dir='ltr'><strong>rege</strong></span> <span class='ocrx_word' id='word_1_40' title='bbox 304 349 375 378; x_wconf 85' lang='lat' dir='ltr'><strong>erectas</strong></span> <span class='ocrx_word' id='word_1_41' title='bbox 383 354 448 387; x_wconf 81' lang='lat' dir='ltr'><strong>pacem</strong></span> <span class='ocrx_word' id='word_1_42' title='bbox 458 345 537 385; x_wconf 87' lang='lat' dir='ltr'><strong>violaret,</strong></span> <span class='ocrx_word' id='word_1_43' title='bbox 544 344 687 389; x_wconf 76' lang='lat' dir='ltr'>vigintiquatuor</span> <span class='ocrx_word' id='word_1_44' title='bbox 694 345 750 379; x_wconf 80' lang='lat' dir='ltr'><strong>libras</strong></span> 
     </span>
     <span class='ocr_line' id='line_1_6' title="bbox 46 396 768 444; baseline -0.001 -11"><span class='ocrx_word' id='word_1_45' title='bbox 46 399 165 444; x_wconf 86' lang='lat' dir='ltr'><strong>persolueret.</strong></span> <span class='ocrx_word' id='word_1_46' title='bbox 188 398 224 440; x_wconf 82' lang='lat' dir='ltr'><strong>Qui</strong></span> <span class='ocrx_word' id='word_1_47' title='bbox 234 407 279 431; x_wconf 89' lang='lat' dir='ltr'><strong>vero</strong></span> <span class='ocrx_word' id='word_1_48' title='bbox 290 396 338 430; x_wconf 86' lang='lat' dir='ltr'><strong>inira</strong></span> <span class='ocrx_word' id='word_1_49' title='bbox 349 396 458 431; x_wconf 79' lang='lat' dir='ltr'><strong>cimiterium</strong></span> <span class='ocrx_word' id='word_1_50' title='bbox 468 408 534 442; x_wconf 83' lang='lat' dir='ltr'><strong>pacem</strong></span> <span class='ocrx_word' id='word_1_51' title='bbox 546 397 624 432; x_wconf 85' lang='lat' dir='ltr'><strong>ecclesie</strong></span> <span class='ocrx_word' id='word_1_52' title='bbox 638 397 750 442; x_wconf 80' lang='lat' dir='ltr'><strong>infringeret,</strong></span> <span class='ocrx_word' id='word_1_53' title='bbox 760 407 768 436; x_wconf 78' lang='lat'>5</span> 
     </span>
     <span class='ocr_line' id='line_1_7' title="bbox 46 449 750 496; baseline -0.006 -9"><span class='ocrx_word' id='word_1_54' title='bbox 46 453 161 496; x_wconf 79' lang='lat' dir='ltr'><strong>septuaginta</strong></span> <span class='ocrx_word' id='word_1_55' title='bbox 169 451 215 484; x_wconf 90' lang='lat' dir='ltr'><strong>duas</strong></span> <span class='ocrx_word' id='word_1_56' title='bbox 223 450 278 483; x_wconf 88' lang='lat' dir='ltr'><strong>libras</strong></span> <span class='ocrx_word' id='word_1_57' title='bbox 286 449 392 494; x_wconf 86' lang='lat' dir='ltr'><strong>persoluere</strong></span> <span class='ocrx_word' id='word_1_58' title='bbox 400 456 490 484; x_wconf 82' lang='lat' dir='ltr'><strong>artaretur</strong></span> <span class='ocrx_word' id='word_1_59' title='bbox 498 462 532 494; x_wconf 88' lang='lat' dir='ltr'><strong>pro</strong></span> <span class='ocrx_word' id='word_1_60' title='bbox 540 451 669 485; x_wconf 83' lang='lat' dir='ltr'><strong>satisfactione.</strong></span> <span class='ocrx_word' id='word_1_61' title='bbox 688 451 712 485; x_wconf 86' lang='lat' dir='ltr'><strong>Et</strong></span> <span class='ocrx_word' id='word_1_62' title='bbox 719 450 750 495; x_wconf 88' lang='lat' dir='ltr'><strong>qni</strong></span> 
     </span>
     <span class='ocr_line' id='line_1_8' title="bbox 46 502 750 548; baseline -0.003 -8"><span class='ocrx_word' id='word_1_63' title='bbox 46 506 64 540; x_wconf 92' lang='lat' dir='ltr'><strong>in</strong></span> <span class='ocrx_word' id='word_1_64' title='bbox 73 503 165 548; x_wconf 87' lang='lat' dir='ltr'><strong>presentia</strong></span> <span class='ocrx_word' id='word_1_65' title='bbox 173 502 290 547; x_wconf 88' lang='lat' dir='ltr'><strong>reliquiarum</strong></span> <span class='ocrx_word' id='word_1_66' title='bbox 303 503 375 547; x_wconf 87' lang='lat' dir='ltr'><strong>nephas</strong></span> <span class='ocrx_word' id='word_1_67' title='bbox 386 503 422 537; x_wconf 91' lang='lat' dir='ltr'><strong>tale</strong></span> <span class='ocrx_word' id='word_1_68' title='bbox 433 513 489 537; x_wconf 84' lang='lat' dir='ltr'><strong>ausus</strong></span> <span class='ocrx_word' id='word_1_69' title='bbox 500 502 554 538; x_wconf 85' lang='lat' dir='ltr'><strong>suerit</strong></span> <span class='ocrx_word' id='word_1_70' title='bbox 565 504 685 546; x_wconf 89' lang='lat' dir='ltr'><strong>committere,</strong></span> <span class='ocrx_word' id='word_1_71' title='bbox 693 503 750 539; x_wconf 86' lang='lat' dir='ltr'><strong>solius</strong></span> 
     </span>
     <span class='ocr_line' id='line_1_9' title="bbox 47 555 750 599; baseline -0.004 -6"><span class='ocrx_word' id='word_1_72' title='bbox 47 559 76 593; x_wconf 92' lang='lat' dir='ltr'><strong>dei</strong></span> <span class='ocrx_word' id='word_1_73' title='bbox 94 556 205 592; x_wconf 83' lang='lat' dir='ltr'><strong>miserationi</strong></span> <span class='ocrx_word' id='word_1_74' title='bbox 224 567 245 591; x_wconf 90' lang='lat' dir='ltr'><strong>ac</strong></span> <span class='ocrx_word' id='word_1_75' title='bbox 264 556 330 590; x_wconf 88' lang='lat' dir='ltr'><strong>iudicio</strong></span> <span class='ocrx_word' id='word_1_76' title='bbox 345 555 487 590; x_wconf 88' lang='lat' dir='ltr'><strong>committendus</strong></span> <span class='ocrx_word' id='word_1_77' title='bbox 502 556 525 590; x_wconf 90' lang='lat' dir='ltr'><strong>sit</strong></span> <span class='ocrx_word' id='word_1_78' title='bbox 541 562 559 590; x_wconf 88' lang='lat' dir='ltr'><strong>et</strong></span> <span class='ocrx_word' id='word_1_79' title='bbox 574 556 687 599; x_wconf 85' lang='lat' dir='ltr'><strong>iudicandus,</strong></span> <span class='ocrx_word' id='word_1_80' title='bbox 703 557 750 591; x_wconf 92' lang='lat' dir='ltr'><strong>sicut</strong></span> 
     </span>
     <span class='ocr_line' id='line_1_10' title="bbox 47 608 533 654; baseline -0.002 -8"><span class='ocrx_word' id='word_1_81' title='bbox 47 610 127 647; x_wconf 89' lang='lat' dir='ltr'><strong>enormis</strong></span> <span class='ocrx_word' id='word_1_82' title='bbox 139 610 216 654; x_wconf 88' lang='lat' dir='ltr'><strong>languor</strong></span> <span class='ocrx_word' id='word_1_83' title='bbox 226 610 318 644; x_wconf 85' lang='lat' dir='ltr'><strong>immensa</strong></span> <span class='ocrx_word' id='word_1_84' title='bbox 328 608 421 644; x_wconf 84' lang='lat' dir='ltr'><strong>curatione</strong></span> <span class='ocrx_word' id='word_1_85' title='bbox 432 609 533 653; x_wconf 41' lang='lat' dir='ltr'><strong>indigens&amp;</strong></span> 
     </span>
    </p>
   </div>
   <div class='ocr_carea' id='block_1_3' title="bbox 335 702 459 741">
    <p class='ocr_par' dir='ltr' id='par_1_3' title="bbox 335 702 459 741">
     <span class='ocr_line' id='line_1_11' title="bbox 335 702 459 741; baseline 0 -4"><span class='ocrx_word' id='word_1_86' title='bbox 335 703 350 741; x_wconf 71' lang='lat' dir='ltr'><strong>il</strong></span> <span class='ocrx_word' id='word_1_87' title='bbox 357 702 442 737; x_wconf 77' lang='lat' dir='ltr'><strong>Narratio</strong></span> <span class='ocrx_word' id='word_1_88' title='bbox 447 702 459 737; x_wconf 77' lang='lat'><strong>³.</strong></span> 
     </span>
    </p>
   </div>
   <div class='ocr_carea' id='block_1_4' title="bbox 45 767 778 1664">
    <p class='ocr_par' dir='ltr' id='par_1_4' title="bbox 45 767 778 1664">
     <span class='ocr_line' id='line_1_12' title="bbox 69 767 778 815; baseline -0.004 -7"><span class='ocrx_word' id='word_1_89' title='bbox 69 767 109 808; x_wconf 87' lang='lat' dir='ltr'><strong>Illis</strong></span> <span class='ocrx_word' id='word_1_90' title='bbox 121 773 186 808; x_wconf 89' lang='lat' dir='ltr'><strong>diebus</strong></span> <span class='ocrx_word' id='word_1_91' title='bbox 197 772 289 806; x_wconf 86' lang='lat' dir='ltr'><strong>Cedwalla</strong></span> <span class='ocrx_word' id='word_1_92' title='bbox 297 783 330 806; x_wconf 86' lang='lat' dir='ltr'><strong>rex</strong></span> <span class='ocrx_word' id='word_1_93' title='bbox 339 771 484 805; x_wconf 86' lang='lat' dir='ltr'><strong>Occidentalium</strong></span> <span class='ocrx_word' id='word_1_94' title='bbox 493 771 594 814; x_wconf 66' lang='lat' dir='ltr'><strong>Saxonum,</strong></span> <span class='ocrx_word' id='word_1_95' title='bbox 602 782 643 806; x_wconf 89' lang='lat' dir='ltr'><strong>curn</strong></span> <span class='ocrx_word' id='word_1_96' title='bbox 654 772 704 815; x_wconf 85' lang='lat' dir='ltr'><strong>genti</strong></span> <span class='ocrx_word' id='word_1_97' title='bbox 715 783 749 808; x_wconf 90' lang='lat' dir='ltr'><strong>sue</strong></span> <span class='ocrx_word' id='word_1_98' title='bbox 760 784 778 805; x_wconf 88' lang='lat' dir='ltr'><strong>ro</strong></span> 
     </span>
     <span class='ocr_line' id='line_1_13' title="bbox 47 823 749 870; baseline -0.004 -7"><span class='ocrx_word' id='word_1_99' title='bbox 47 829 117 863; x_wconf 88' lang='lat' dir='ltr'><strong>duobus</strong></span> <span class='ocrx_word' id='word_1_100' title='bbox 130 827 183 861; x_wconf 89' lang='lat' dir='ltr'><strong>annis</strong></span> <span class='ocrx_word' id='word_1_101' title='bbox 195 831 271 861; x_wconf 87' lang='lat' dir='ltr'><strong>strenue</strong></span> <span class='ocrx_word' id='word_1_102' title='bbox 283 824 387 870; x_wconf 79' lang='lat' dir='ltr'><strong>prefuisset,</strong></span> <span class='ocrx_word' id='word_1_103' title='bbox 399 823 462 859; x_wconf 88' lang='lat' dir='ltr'><strong>relicto</strong></span> <span class='ocrx_word' id='word_1_104' title='bbox 475 823 552 869; x_wconf 90' lang='lat' dir='ltr'><strong>imperio</strong></span> <span class='ocrx_word' id='word_1_105' title='bbox 567 830 643 869; x_wconf 90' lang='lat' dir='ltr'><strong>propter</strong></span> <span class='ocrx_word' id='word_1_106' title='bbox 655 824 749 860; x_wconf 90' lang='lat' dir='ltr'><strong>dominum</strong></span> 
     </span>
     <span class='ocr_line' id='line_1_14' title="bbox 46 876 750 924; baseline -0.004 -8"><span class='ocrx_word' id='word_1_107' title='bbox 46 892 160 924; x_wconf 82' lang='lat' dir='ltr'><strong>regnumque</strong></span> <span class='ocrx_word' id='word_1_108' title='bbox 175 884 292 923; x_wconf 85' lang='lat' dir='ltr'><strong>perpetuum,</strong></span> <span class='ocrx_word' id='word_1_109' title='bbox 306 878 386 912; x_wconf 89' lang='lat' dir='ltr'><strong>Romam</strong></span> <span class='ocrx_word' id='word_1_110' title='bbox 402 877 460 918; x_wconf 88' lang='lat' dir='ltr'><strong>venit,</strong></span> <span class='ocrx_word' id='word_1_111' title='bbox 475 876 509 912; x_wconf 87' lang='lat' dir='ltr'><strong>hoc</strong></span> <span class='ocrx_word' id='word_1_112' title='bbox 529 877 563 911; x_wconf 88' lang='lat' dir='ltr'><strong>sibi</strong></span> <span class='ocrx_word' id='word_1_113' title='bbox 578 878 636 921; x_wconf 85' lang='lat' dir='ltr'><strong>glorie</strong></span> <span class='ocrx_word' id='word_1_114' title='bbox 651 879 750 922; x_wconf 88' lang='lat' dir='ltr'><strong>singularis</strong></span> 
     </span>
     <span class='ocr_line' id='line_1_15' title="bbox 46 930 750 976; baseline -0.003 -8"><span class='ocrx_word' id='word_1_115' title='bbox 46 934 153 968; x_wconf 87' lang='lat' dir='ltr'><strong>desiderans</strong></span> <span class='ocrx_word' id='word_1_116' title='bbox 172 932 248 976; x_wconf 86' lang='lat' dir='ltr'><strong>adipisci</strong></span> <span class='ocrx_word' id='word_1_117' title='bbox 262 937 282 965; x_wconf 92' lang='lat' dir='ltr'><strong>vt</strong></span> <span class='ocrx_word' id='word_1_118' title='bbox 300 933 323 965; x_wconf 90' lang='lat' dir='ltr'><strong>ad</strong></span> <span class='ocrx_word' id='word_1_119' title='bbox 342 931 405 965; x_wconf 89' lang='lat' dir='ltr'><strong>limina</strong></span> <span class='ocrx_word' id='word_1_120' title='bbox 420 930 543 975; x_wconf 88' lang='lat' dir='ltr'><strong>apostolorum</strong></span> <span class='ocrx_word' id='word_1_121' title='bbox 566 930 615 965; x_wconf 85' lang='lat' dir='ltr'><strong>fonte</strong></span> <span class='ocrx_word' id='word_1_122' title='bbox 636 932 750 975; x_wconf 85' lang='lat' dir='ltr'><strong>baptismatis</strong></span> 
     </span>
     <span class='ocr_line' id='line_1_16' title="bbox 46 983 749 1029; baseline 0 -8"><span class='ocrx_word' id='word_1_123' title='bbox 46 987 155 1029; x_wconf 82' lang='lat' dir='ltr'><strong>ablueretur,</strong></span> <span class='ocrx_word' id='word_1_124' title='bbox 163 986 182 1020; x_wconf 94' lang='lat' dir='ltr'><strong>in</strong></span> <span class='ocrx_word' id='word_1_125' title='bbox 194 997 231 1029; x_wconf 89' lang='lat' dir='ltr'><strong>quo</strong></span> <span class='ocrx_word' id='word_1_126' title='bbox 244 985 283 1020; x_wconf 89' lang='lat' dir='ltr'><strong>solo</strong></span> <span class='ocrx_word' id='word_1_127' title='bbox 296 985 383 1019; x_wconf 84' lang='lat' dir='ltr'><strong>didicerat</strong></span> <span class='ocrx_word' id='word_1_128' title='bbox 394 983 458 1028; x_wconf 84' lang='lat' dir='ltr'><strong>generi</strong></span> <span class='ocrx_word' id='word_1_129' title='bbox 470 983 550 1018; x_wconf 86' lang='lat' dir='ltr'><strong>humano</strong></span> <span class='ocrx_word' id='word_1_130' title='bbox 558 984 594 1018; x_wconf 85' lang='lat' dir='ltr'><strong>vite</strong></span> <span class='ocrx_word' id='word_1_131' title='bbox 606 985 679 1019; x_wconf 89' lang='lat' dir='ltr'><strong>celestis</strong></span> <span class='ocrx_word' id='word_1_132' title='bbox 686 990 749 1029; x_wconf 87' lang='lat' dir='ltr'><strong>patere</strong></span> 
     </span>
     <span class='ocr_line' id='line_1_17' title="bbox 46 1036 777 1082; baseline -0.003 -9"><span class='ocrx_word' id='word_1_133' title='bbox 46 1040 150 1082; x_wconf 85' lang='lat' dir='ltr'><strong>ingressum</strong></span> <span class='ocrx_word' id='word_1_134' title='bbox 158 1052 162 1080; x_wconf 70' lang='grc' dir='ltr'><strong>ς</strong></span> <span class='ocrx_word' id='word_1_135' title='bbox 171 1039 224 1071; x_wconf 89' lang='lat' dir='ltr'><strong>simul</strong></span> <span class='ocrx_word' id='word_1_136' title='bbox 230 1038 284 1071; x_wconf 86' lang='lat' dir='ltr'><strong>etiam</strong></span> <span class='ocrx_word' id='word_1_137' title='bbox 292 1048 370 1080; x_wconf 88' lang='lat' dir='ltr'><strong>sperans</strong></span> <span class='ocrx_word' id='word_1_138' title='bbox 376 1036 418 1080; x_wconf 86' lang='lat' dir='ltr'><strong>quia</strong></span> <span class='ocrx_word' id='word_1_139' title='bbox 425 1047 468 1069; x_wconf 87' lang='lat' dir='ltr'><strong>mox</strong></span> <span class='ocrx_word' id='word_1_140' title='bbox 474 1036 581 1080; x_wconf 85' lang='lat' dir='ltr'><strong>baptizatus,</strong></span> <span class='ocrx_word' id='word_1_141' title='bbox 587 1047 642 1071; x_wconf 83' lang='lat' dir='ltr'><strong>carne</strong></span> <span class='ocrx_word' id='word_1_142' title='bbox 648 1038 718 1071; x_wconf 87' lang='lat' dir='ltr'><strong>solutus</strong></span> <span class='ocrx_word' id='word_1_143' title='bbox 726 1039 749 1073; x_wconf 89' lang='lat' dir='ltr'><strong>ad</strong></span> <span class='ocrx_word' id='word_1_144' title='bbox 759 1050 777 1081; x_wconf 78' lang='lat'><strong>¹5</strong></span> 
     </span>
     <span class='ocr_line' id='line_1_18' title="bbox 46 1088 749 1136; baseline 0 -11"><span class='ocrx_word' id='word_1_145' title='bbox 46 1098 109 1125; x_wconf 85' lang='lat' dir='ltr'><strong>eterna</strong></span> <span class='ocrx_word' id='word_1_146' title='bbox 124 1090 190 1136; x_wconf 86' lang='lat' dir='ltr'><strong>gaudia</strong></span> <span class='ocrx_word' id='word_1_147' title='bbox 204 1091 240 1124; x_wconf 90' lang='lat' dir='ltr'><strong>iam</strong></span> <span class='ocrx_word' id='word_1_148' title='bbox 256 1090 336 1124; x_wconf 90' lang='lat' dir='ltr'><strong>mundus</strong></span> <span class='ocrx_word' id='word_1_149' title='bbox 348 1090 439 1123; x_wconf 86' lang='lat' dir='ltr'><strong>transiret.</strong></span> <span class='ocrx_word' id='word_1_150' title='bbox 467 1088 490 1123; x_wconf 87' lang='lat' dir='ltr'><strong>Et</strong></span> <span class='ocrx_word' id='word_1_151' title='bbox 502 1088 569 1124; x_wconf 84' lang='lat' dir='ltr'><strong>sactum</strong></span> <span class='ocrx_word' id='word_1_152' title='bbox 585 1094 612 1124; x_wconf 86' lang='lat' dir='ltr'><strong>est</strong></span> <span class='ocrx_word' id='word_1_153' title='bbox 625 1090 655 1124; x_wconf 85' lang='lat' dir='ltr'><strong>ira.</strong></span> <span class='ocrx_word' id='word_1_154' title='bbox 678 1090 749 1126; x_wconf 87' lang='lat' dir='ltr'><strong>Nama</strong></span> 
     </span>
     <span class='ocr_line' id='line_1_19' title="bbox 46 1141 749 1188; baseline 0.003 -11"><span class='ocrx_word' id='word_1_155' title='bbox 46 1144 110 1188; x_wconf 85' lang='lat' dir='ltr'><strong>Sergio</strong></span> <span class='ocrx_word' id='word_1_156' title='bbox 118 1154 166 1188; x_wconf 86' lang='lat' dir='ltr'><strong>papa</strong></span> <span class='ocrx_word' id='word_1_157' title='bbox 174 1144 276 1187; x_wconf 88' lang='lat' dir='ltr'><strong>baptizatus</strong></span> <span class='ocrx_word' id='word_1_158' title='bbox 287 1143 316 1177; x_wconf 88' lang='lat' dir='ltr'><strong>die</strong></span> <span class='ocrx_word' id='word_1_159' title='bbox 324 1142 394 1176; x_wconf 85' lang='lat' dir='ltr'><strong>sabbati</strong></span> <span class='ocrx_word' id='word_1_160' title='bbox 402 1141 477 1187; x_wconf 87' lang='lat' dir='ltr'><strong>pasche,</strong></span> <span class='ocrx_word' id='word_1_161' title='bbox 482 1153 530 1176; x_wconf 86' lang='lat' dir='ltr'><strong>anno</strong></span> <span class='ocrx_word' id='word_1_162' title='bbox 538 1142 607 1176; x_wconf 88' lang='lat' dir='ltr'><strong>domini</strong></span> <span class='ocrx_word' id='word_1_163' title='bbox 615 1143 749 1179; x_wconf 82' lang='lat' dir='ltr'><strong>sexcentesimo</strong></span> 
     </span>
     <span class='ocr_line' id='line_1_20' title="bbox 46 1196 748 1241; baseline 0.001 -11"><span class='ocrx_word' id='word_1_164' title='bbox 46 1197 156 1241; x_wconf 86' lang='lat' dir='ltr'><strong>octogesimo</strong></span> <span class='ocrx_word' id='word_1_165' title='bbox 164 1208 218 1238; x_wconf 88' lang='lat' dir='ltr'><strong>nono,</strong></span> <span class='ocrx_word' id='word_1_166' title='bbox 227 1197 245 1230; x_wconf 92' lang='lat' dir='ltr'><strong>in</strong></span> <span class='ocrx_word' id='word_1_167' title='bbox 257 1196 304 1231; x_wconf 85' lang='lat' dir='ltr'><strong>albis</strong></span> <span class='ocrx_word' id='word_1_168' title='bbox 313 1196 372 1231; x_wconf 90' lang='lat' dir='ltr'><strong>adhuc</strong></span> <span class='ocrx_word' id='word_1_169' title='bbox 386 1196 457 1239; x_wconf 87' lang='lat' dir='ltr'><strong>positus</strong></span> <span class='ocrx_word' id='word_1_170' title='bbox 466 1197 554 1240; x_wconf 82' lang='lat' dir='ltr'><strong>languore</strong></span> <span class='ocrx_word' id='word_1_171' title='bbox 564 1197 667 1239; x_wconf 88' lang='lat' dir='ltr'><strong>corripitur,</strong></span> <span class='ocrx_word' id='word_1_172' title='bbox 674 1202 693 1230; x_wconf 88' lang='lat' dir='ltr'><strong>et</strong></span> <span class='ocrx_word' id='word_1_173' title='bbox 704 1198 748 1231; x_wconf 85' lang='lat' dir='ltr'><strong>duo·</strong></span> 
     </span>
     <span class='ocr_line' id='line_1_21' title="bbox 46 1248 749 1293; baseline 0.001 -10"><span class='ocrx_word' id='word_1_174' title='bbox 46 1250 116 1283; x_wconf 89' lang='lat' dir='ltr'><strong>decimo</strong></span> <span class='ocrx_word' id='word_1_175' title='bbox 131 1250 219 1284; x_wconf 86' lang='lat' dir='ltr'><strong>kalendas</strong></span> <span class='ocrx_word' id='word_1_176' title='bbox 234 1248 277 1283; x_wconf 88' lang='lat' dir='ltr'><strong>maii</strong></span> <span class='ocrx_word' id='word_1_177' title='bbox 294 1261 304 1282; x_wconf 89' lang='lat' dir='ltr'><strong>a</strong></span> <span class='ocrx_word' id='word_1_178' title='bbox 320 1259 375 1283; x_wconf 85' lang='lat' dir='ltr'><strong>carne</strong></span> <span class='ocrx_word' id='word_1_179' title='bbox 390 1248 466 1291; x_wconf 90' lang='lat' dir='ltr'><strong>solutus,</strong></span> <span class='ocrx_word' id='word_1_180' title='bbox 482 1249 577 1283; x_wconf 85' lang='lat' dir='ltr'><strong>beatorum</strong></span> <span class='ocrx_word' id='word_1_181' title='bbox 593 1260 650 1293; x_wconf 88' lang='lat' dir='ltr'><strong>regno</strong></span> <span class='ocrx_word' id='word_1_182' title='bbox 666 1250 685 1284; x_wconf 89' lang='lat' dir='ltr'><strong>in</strong></span> <span class='ocrx_word' id='word_1_183' title='bbox 704 1251 749 1285; x_wconf 89' lang='lat' dir='ltr'><strong>celis</strong></span> 
     </span>
     <span class='ocr_line' id='line_1_22' title="bbox 46 1301 778 1345; baseline -0.003 -9"><span class='ocrx_word' id='word_1_184' title='bbox 46 1302 129 1337; x_wconf 88' lang='lat' dir='ltr'><strong>sociatur.</strong></span> <span class='ocrx_word' id='word_1_185' title='bbox 152 1303 185 1337; x_wconf 89' lang='lat' dir='ltr'><strong>Cui</strong></span> <span class='ocrx_word' id='word_1_186' title='bbox 201 1302 255 1336; x_wconf 90' lang='lat' dir='ltr'><strong>etiam</strong></span> <span class='ocrx_word' id='word_1_187' title='bbox 271 1306 355 1345; x_wconf 86' lang='lat' dir='ltr'><strong>ternpore</strong></span> <span class='ocrx_word' id='word_1_188' title='bbox 369 1301 485 1345; x_wconf 87' lang='lat' dir='ltr'><strong>baptismatis</strong></span> <span class='ocrx_word' id='word_1_189' title='bbox 503 1313 551 1345; x_wconf 85' lang='lat' dir='ltr'><strong>papa</strong></span> <span class='ocrx_word' id='word_1_190' title='bbox 568 1308 680 1337; x_wconf 87' lang='lat' dir='ltr'><strong>memoratus</strong></span> <span class='ocrx_word' id='word_1_191' title='bbox 699 1304 748 1337; x_wconf 85' lang='lat' dir='ltr'><strong>Petri</strong></span> <span class='ocrx_word' id='word_1_192' title='bbox 758 1315 778 1335; x_wconf 82' lang='lat'><strong>20</strong></span> 
     </span>
     <span class='ocr_line' id='line_1_23' title="bbox 47 1353 749 1399; baseline 0.006 -12"><span class='ocrx_word' id='word_1_193' title='bbox 47 1365 113 1389; x_wconf 87' lang='lat' dir='ltr'><strong>nornen</strong></span> <span class='ocrx_word' id='word_1_194' title='bbox 124 1354 217 1399; x_wconf 84' lang='lat' dir='ltr'><strong>imposuit,</strong></span> <span class='ocrx_word' id='word_1_195' title='bbox 224 1359 244 1389; x_wconf 89' lang='lat' dir='ltr'><strong>vt</strong></span> <span class='ocrx_word' id='word_1_196' title='bbox 253 1354 359 1388; x_wconf 87' lang='lat' dir='ltr'><strong>beatissimo</strong></span> <span class='ocrx_word' id='word_1_197' title='bbox 370 1353 494 1397; x_wconf 88' lang='lat' dir='ltr'><strong>apostolorum</strong></span> <span class='ocrx_word' id='word_1_198' title='bbox 507 1353 590 1399; x_wconf 87' lang='lat' dir='ltr'><strong>principi,</strong></span> <span class='ocrx_word' id='word_1_199' title='bbox 599 1355 621 1388; x_wconf 91' lang='lat' dir='ltr'><strong>ad</strong></span> <span class='ocrx_word' id='word_1_200' title='bbox 630 1354 681 1390; x_wconf 86' lang='lat' dir='ltr'><strong>cuius</strong></span> <span class='ocrx_word' id='word_1_201' title='bbox 689 1366 749 1391; x_wconf 86' lang='lat' dir='ltr'><strong>sacra-</strong></span> 
     </span>
     <span class='ocr_line' id='line_1_24' title="bbox 46 1406 749 1452; baseline 0.006 -12"><span class='ocrx_word' id='word_1_202' title='bbox 46 1407 136 1441; x_wconf 87' lang='lat' dir='ltr'><strong>tissimum</strong></span> <span class='ocrx_word' id='word_1_203' title='bbox 149 1418 216 1452; x_wconf 88' lang='lat' dir='ltr'><strong>corpus</strong></span> <span class='ocrx_word' id='word_1_204' title='bbox 229 1418 240 1441; x_wconf 86' lang='lat' dir='ltr'><strong>a</strong></span> <span class='ocrx_word' id='word_1_205' title='bbox 253 1408 320 1441; x_wconf 88' lang='lat' dir='ltr'><strong>finibus</strong></span> <span class='ocrx_word' id='word_1_206' title='bbox 335 1412 384 1440; x_wconf 90' lang='lat' dir='ltr'><strong>terre</strong></span> <span class='ocrx_word' id='word_1_207' title='bbox 402 1406 433 1451; x_wconf 87' lang='lat' dir='ltr'><strong>pio</strong></span> <span class='ocrx_word' id='word_1_208' title='bbox 446 1408 511 1440; x_wconf 85' lang='lat' dir='ltr'><strong>ductus</strong></span> <span class='ocrx_word' id='word_1_209' title='bbox 525 1418 588 1441; x_wconf 88' lang='lat' dir='ltr'><strong>amore</strong></span> <span class='ocrx_word' id='word_1_210' title='bbox 600 1415 682 1451; x_wconf 86' lang='lat' dir='ltr'><strong>venerat,</strong></span> <span class='ocrx_word' id='word_1_211' title='bbox 694 1408 749 1444; x_wconf 88' lang='lat' dir='ltr'><strong>etiam</strong></span> 
     </span>
     <span class='ocr_line' id='line_1_25' title="bbox 45 1460 749 1506; baseline 0.003 -11"><span class='ocrx_word' id='word_1_212' title='bbox 45 1461 124 1496; x_wconf 93' lang='lat' dir='ltr'><strong>nominis</strong></span> <span class='ocrx_word' id='word_1_213' title='bbox 135 1461 194 1506; x_wconf 91' lang='lat' dir='ltr'><strong>ipsius</strong></span> <span class='ocrx_word' id='word_1_214' title='bbox 202 1460 293 1496; x_wconf 88' lang='lat' dir='ltr'><strong>consortio</strong></span> <span class='ocrx_word' id='word_1_215' title='bbox 302 1461 413 1505; x_wconf 85' lang='lat' dir='ltr'><strong>iungeretur.</strong></span> <span class='ocrx_word' id='word_1_216' title='bbox 435 1460 524 1505; x_wconf 88' lang='lat' dir='ltr'><strong>Sepultus</strong></span> <span class='ocrx_word' id='word_1_217' title='bbox 532 1466 560 1496; x_wconf 86' lang='lat' dir='ltr'><strong>est</strong></span> <span class='ocrx_word' id='word_1_218' title='bbox 572 1467 633 1496; x_wconf 86' lang='lat' dir='ltr'><strong>autern</strong></span> <span class='ocrx_word' id='word_1_219' title='bbox 644 1462 663 1496; x_wconf 92' lang='lat' dir='ltr'><strong>in</strong></span> <span class='ocrx_word' id='word_1_220' title='bbox 672 1463 749 1497; x_wconf 87' lang='lat' dir='ltr'><strong>ecclesia</strong></span> 
     </span>
     <span class='ocr_line' id='line_1_26' title="bbox 46 1513 749 1560; baseline 0.004 -12"><span class='ocrx_word' id='word_1_221' title='bbox 46 1514 104 1548; x_wconf 90' lang='lat' dir='ltr'><strong>sancti</strong></span> <span class='ocrx_word' id='word_1_222' title='bbox 112 1515 161 1550; x_wconf 88' lang='lat' dir='ltr'><strong>Petri</strong></span> <span class='ocrx_word' id='word_1_223' title='bbox 170 1515 252 1559; x_wconf 90' lang='lat' dir='ltr'><strong>apostoli,</strong></span> <span class='ocrx_word' id='word_1_224' title='bbox 260 1525 309 1549; x_wconf 91' lang='lat' dir='ltr'><strong>anno</strong></span> <span class='ocrx_word' id='word_1_225' title='bbox 321 1514 374 1549; x_wconf 88' lang='lat' dir='ltr'><strong>etatis</strong></span> <span class='ocrx_word' id='word_1_226' title='bbox 385 1524 419 1548; x_wconf 85' lang='lat' dir='ltr'><strong>sue</strong></span> <span class='ocrx_word' id='word_1_227' title='bbox 426 1513 524 1549; x_wconf 88' lang='lat' dir='ltr'><strong>tricesimo.</strong></span> <span class='ocrx_word' id='word_1_228' title='bbox 553 1514 651 1558; x_wconf 82' lang='lat' dir='ltr'><strong>⁴(lubentc</strong></span> <span class='ocrx_word' id='word_1_229' title='bbox 663 1516 749 1560; x_wconf 87' lang='lat' dir='ltr'><strong>pontifice</strong></span> 
     </span>
     <span class='ocr_line' id='line_1_27' title="bbox 46 1567 777 1614; baseline 0.005 -13"><span class='ocrx_word' id='word_1_230' title='bbox 46 1567 159 1613; x_wconf 86' lang='lat' dir='ltr'><strong>epitaphium</strong></span> <span class='ocrx_word' id='word_1_231' title='bbox 168 1568 187 1602; x_wconf 89' lang='lat' dir='ltr'><strong>in</strong></span> <span class='ocrx_word' id='word_1_232' title='bbox 199 1569 239 1602; x_wconf 83' lang='lat' dir='ltr'><strong>eius</strong></span> <span class='ocrx_word' id='word_1_233' title='bbox 251 1573 375 1610; x_wconf 85' lang='lat' dir='ltr'><strong>monumento,</strong></span> <span class='ocrx_word' id='word_1_234' title='bbox 383 1567 401 1601; x_wconf 93' lang='lat' dir='ltr'><strong>in</strong></span> <span class='ocrx_word' id='word_1_235' title='bbox 410 1577 446 1612; x_wconf 90' lang='lat' dir='ltr'><strong>quo</strong></span> <span class='ocrx_word' id='word_1_236' title='bbox 458 1572 476 1601; x_wconf 91' lang='lat' dir='ltr'><strong>et</strong></span> <span class='ocrx_word' id='word_1_237' title='bbox 485 1570 574 1602; x_wconf 89' lang='lat' dir='ltr'><strong>memoria</strong></span> <span class='ocrx_word' id='word_1_238' title='bbox 582 1568 684 1604; x_wconf 87' lang='lat' dir='ltr'><strong>deuotionis</strong></span> <span class='ocrx_word' id='word_1_239' title='bbox 692 1568 749 1614; x_wconf 89' lang='lat' dir='ltr'><strong>ipsius</strong></span> <span class='ocrx_word' id='word_1_240' title='bbox 758 1578 777 1609; x_wconf 79' lang='lat'><strong>25</strong></span> 
     </span>
     <span class='ocr_line' id='line_1_28' title="bbox 46 1621 535 1664; baseline 0 -10"><span class='ocrx_word' id='word_1_241' title='bbox 46 1622 82 1654; x_wconf 84' lang='lat' dir='ltr'><strong>fixa</strong></span> <span class='ocrx_word' id='word_1_242' title='bbox 89 1633 123 1664; x_wconf 91' lang='lat' dir='ltr'><strong>per</strong></span> <span class='ocrx_word' id='word_1_243' title='bbox 130 1623 191 1656; x_wconf 86' lang='lat' dir='ltr'><strong>secula</strong></span> <span class='ocrx_word' id='word_1_244' title='bbox 199 1627 287 1662; x_wconf 88' lang='lat' dir='ltr'><strong>maneret,</strong></span> <span class='ocrx_word' id='word_1_245' title='bbox 295 1622 329 1654; x_wconf 92' lang='lat' dir='ltr'><strong>hoc</strong></span> <span class='ocrx_word' id='word_1_246' title='bbox 337 1621 392 1654; x_wconf 91' lang='lat' dir='ltr'><strong>modo</strong></span> <span class='ocrx_word' id='word_1_247' title='bbox 399 1622 487 1663; x_wconf 85' lang='lat' dir='ltr'><strong>scriptum</strong></span> <span class='ocrx_word' id='word_1_248' title='bbox 495 1626 535 1654; x_wconf 82' lang='lat' dir='ltr'><strong>est:</strong></span> 
     </span>
    </p>
   </div>
   <div class='ocr_carea' id='block_1_5' title="bbox 146 1689 636 2401">
    <p class='ocr_par' dir='ltr' id='par_1_5' title="bbox 166 1689 636 1772">
     <span class='ocr_line' id='line_1_29' title="bbox 166 1689 636 1729; baseline -0.004 -8"><span class='ocrx_word' id='word_1_249' title='bbox 166 1690 237 1728; x_wconf 87' lang='lat' dir='ltr'><strong>Culmen,</strong></span> <span class='ocrx_word' id='word_1_250' title='bbox 249 1699 293 1729; x_wconf 84' lang='lat' dir='ltr'><strong>opes,</strong></span> <span class='ocrx_word' id='word_1_251' title='bbox 303 1689 381 1725; x_wconf 86' lang='lat' dir='ltr'><strong>sobolom,</strong></span> <span class='ocrx_word' id='word_1_252' title='bbox 391 1689 468 1727; x_wconf 89' lang='lat' dir='ltr'><strong>pollentia</strong></span> <span class='ocrx_word' id='word_1_253' title='bbox 478 1698 532 1726; x_wconf 81' lang='lat' dir='ltr'><strong>regna,</strong></span> <span class='ocrx_word' id='word_1_254' title='bbox 543 1689 636 1727; x_wconf 88' lang='lat' dir='ltr'><strong>triumphos,</strong></span> 
     </span>
     <span class='ocr_line' id='line_1_30' title="bbox 185 1734 544 1772; baseline -0.006 -7"><span class='ocrx_word' id='word_1_255' title='bbox 185 1735 260 1772; x_wconf 78' lang='lat' dir='ltr'><strong>Exuuias,</strong></span> <span class='ocrx_word' id='word_1_256' title='bbox 272 1744 353 1772; x_wconf 84' lang='lat' dir='ltr'><strong>proceres,</strong></span> <span class='ocrx_word' id='word_1_257' title='bbox 363 1735 420 1770; x_wconf 85' lang='lat' dir='ltr'><strong>menia,</strong></span> <span class='ocrx_word' id='word_1_258' title='bbox 431 1738 486 1770; x_wconf 85' lang='lat' dir='ltr'><strong>castra,</strong></span> <span class='ocrx_word' id='word_1_259' title='bbox 497 1734 544 1770; x_wconf 84' lang='lat' dir='ltr'><strong>lares,</strong></span> 
     </span>
    </p>

    <p class='ocr_par' dir='ltr' id='par_1_6' title="bbox 166 1779 596 1818">
     <span class='ocr_line' id='line_1_31' title="bbox 166 1779 596 1818; baseline -0.005 -8"><span class='ocrx_word' id='word_1_260' title='bbox 166 1780 232 1818; x_wconf 83' lang='lat' dir='ltr'><strong>Queque</strong></span> <span class='ocrx_word' id='word_1_261' title='bbox 242 1785 303 1818; x_wconf 90' lang='lat' dir='ltr'><strong>patrum</strong></span> <span class='ocrx_word' id='word_1_262' title='bbox 314 1780 364 1809; x_wconf 88' lang='lat' dir='ltr'><strong>virtus</strong></span> <span class='ocrx_word' id='word_1_263' title='bbox 374 1784 390 1809; x_wconf 90' lang='lat' dir='ltr'><strong>et</strong></span> <span class='ocrx_word' id='word_1_264' title='bbox 401 1789 432 1816; x_wconf 89' lang='lat' dir='ltr'><strong>quc</strong></span> <span class='ocrx_word' id='word_1_265' title='bbox 442 1783 544 1816; x_wconf 82' lang='lat' dir='ltr'><strong>congesserat</strong></span> <span class='ocrx_word' id='word_1_266' title='bbox 555 1779 596 1817; x_wconf 87' lang='lat' dir='ltr'><strong>ipsc,</strong></span> 
     </span>
    </p>

    <p class='ocr_par' dir='ltr' id='par_1_7' title="bbox 146 1824 528 1863">
     <span class='ocr_line' id='line_1_32' title="bbox 146 1824 528 1863; baseline -0.01 -6"><span class='ocrx_word' id='word_1_267' title='bbox 146 1828 149 1830; x_wconf 56' lang='grc'><strong>“</strong></span> <span class='ocrx_word' id='word_1_268' title='bbox 186 1826 256 1857; x_wconf 77' lang='lat' dir='ltr'><strong>Ceudai⁵</strong></span> <span class='ocrx_word' id='word_1_269' title='bbox 266 1826 364 1863; x_wconf 85' lang='lat' dir='ltr'><strong>armipotens</strong></span> <span class='ocrx_word' id='word_1_270' title='bbox 374 1825 420 1863; x_wconf 89' lang='lat' dir='ltr'><strong>liquit</strong></span> <span class='ocrx_word' id='word_1_271' title='bbox 430 1834 484 1855; x_wconf 86' lang='lat' dir='ltr'><strong>amore</strong></span> <span class='ocrx_word' id='word_1_272' title='bbox 495 1824 528 1860; x_wconf 88' lang='lat' dir='ltr'><strong>dei,</strong></span> 
     </span>
    </p>

    <p class='ocr_par' dir='ltr' id='par_1_8' title="bbox 165 1870 608 1952">
     <span class='ocr_line' id='line_1_33' title="bbox 165 1870 608 1909; baseline -0.002 -8"><span class='ocrx_word' id='word_1_273' title='bbox 165 1872 186 1901; x_wconf 92' lang='lat' dir='ltr'><strong>Vt</strong></span> <span class='ocrx_word' id='word_1_274' title='bbox 197 1872 260 1901; x_wconf 86' lang='lat' dir='ltr'><strong>Petrum</strong></span> <span class='ocrx_word' id='word_1_275' title='bbox 271 1873 357 1909; x_wconf 86' lang='lat' dir='ltr'><strong>sedemque</strong></span> <span class='ocrx_word' id='word_1_276' title='bbox 368 1870 411 1899; x_wconf 89' lang='lat' dir='ltr'><strong>Petri</strong></span> <span class='ocrx_word' id='word_1_277' title='bbox 422 1880 451 1899; x_wconf 87' lang='lat' dir='ltr'><strong>rex</strong></span> <span class='ocrx_word' id='word_1_278' title='bbox 461 1875 534 1900; x_wconf 83' lang='lat' dir='ltr'><strong>cerneret</strong></span> <span class='ocrx_word' id='word_1_279' title='bbox 544 1870 608 1907; x_wconf 88' lang='lat' dir='ltr'><strong>hospes,</strong></span> 
     </span>
     <span class='ocr_line' id='line_1_34' title="bbox 186 1914 548 1952; baseline -0.008 -6"><span class='ocrx_word' id='word_1_280' title='bbox 186 1917 234 1946; x_wconf 88' lang='lat' dir='ltr'><strong>Cuius</strong></span> <span class='ocrx_word' id='word_1_281' title='bbox 244 1916 287 1945; x_wconf 81' lang='lat' dir='ltr'><strong>tonte</strong></span> <span class='ocrx_word' id='word_1_282' title='bbox 298 1925 350 1945; x_wconf 80' lang='lat' dir='ltr'><strong>nicras</strong></span> <span class='ocrx_word' id='word_1_283' title='bbox 360 1918 429 1944; x_wconf 86' lang='lat' dir='ltr'><strong>sumeret</strong></span> <span class='ocrx_word' id='word_1_284' title='bbox 439 1914 489 1943; x_wconf 87' lang='lat' dir='ltr'><strong>almus</strong></span> <span class='ocrx_word' id='word_1_285' title='bbox 500 1923 548 1952; x_wconf 84' lang='lat' dir='ltr'><strong>aquas</strong></span> 
     </span>
    </p>

    <p class='ocr_par' dir='ltr' id='par_1_9' title="bbox 166 1960 598 2045">
     <span class='ocr_line' id='line_1_35' title="bbox 166 1960 598 2000; baseline -0.005 -9"><span class='ocrx_word' id='word_1_286' title='bbox 166 1961 310 2000; x_wconf 86' lang='lat' dir='ltr'><strong>Splendificnmque</strong></span> <span class='ocrx_word' id='word_1_287' title='bbox 320 1960 365 1990; x_wconf 86' lang='lat' dir='ltr'><strong>iubar</strong></span> <span class='ocrx_word' id='word_1_288' title='bbox 374 1960 443 1990; x_wconf 84' lang='lat' dir='ltr'><strong>radianti</strong></span> <span class='ocrx_word' id='word_1_289' title='bbox 453 1964 525 1997; x_wconf 81' lang='lat' dir='ltr'><strong>carperet</strong></span> <span class='ocrx_word' id='word_1_290' title='bbox 535 1961 598 1996; x_wconf 85' lang='lat' dir='ltr'><strong>hausto,</strong></span> 
     </span>
     <span class='ocr_line' id='line_1_36' title="bbox 185 2005 514 2045; baseline -0.009 -8"><span class='ocrx_word' id='word_1_291' title='bbox 185 2007 210 2037; x_wconf 85' lang='lat' dir='ltr'><strong>Ex</strong></span> <span class='ocrx_word' id='word_1_292' title='bbox 220 2017 252 2045; x_wconf 86' lang='lat' dir='ltr'><strong>quo</strong></span> <span class='ocrx_word' id='word_1_293' title='bbox 262 2006 334 2037; x_wconf 85' lang='lat' dir='ltr'><strong>viuificus</strong></span> <span class='ocrx_word' id='word_1_294' title='bbox 345 2005 396 2043; x_wconf 85' lang='lat' dir='ltr'><strong>fulgor</strong></span> <span class='ocrx_word' id='word_1_295' title='bbox 405 2005 462 2043; x_wconf 87' lang='lat' dir='ltr'><strong>vbique</strong></span> <span class='ocrx_word' id='word_1_296' title='bbox 473 2006 514 2040; x_wconf 85' lang='lat' dir='ltr'><strong>ssnit;</strong></span> 
     </span>
    </p>

    <p class='ocr_par' dir='ltr' id='par_1_10' title="bbox 165 2050 567 2132">
     <span class='ocr_line' id='line_1_37' title="bbox 165 2050 567 2091; baseline -0.002 -11"><span class='ocrx_word' id='word_1_297' title='bbox 165 2051 303 2091; x_wconf 78' lang='lat' dir='ltr'><strong>Percipicnslque]</strong></span> <span class='ocrx_word' id='word_1_298' title='bbox 314 2051 367 2080; x_wconf 82' lang='lat' dir='ltr'><strong>alacer</strong></span> <span class='ocrx_word' id='word_1_299' title='bbox 377 2050 448 2080; x_wconf 87' lang='lat' dir='ltr'><strong>rediuiue</strong></span> <span class='ocrx_word' id='word_1_300' title='bbox 459 2050 519 2088; x_wconf 85' lang='lat' dir='ltr'><strong>premia</strong></span> <span class='ocrx_word' id='word_1_301' title='bbox 529 2050 567 2087; x_wconf 88' lang='lat' dir='ltr'><strong>vite,</strong></span> 
     </span>
     <span class='ocr_line' id='line_1_38' title="bbox 186 2096 562 2132; baseline -0.003 -5"><span class='ocrx_word' id='word_1_302' title='bbox 186 2097 286 2127; x_wconf 86' lang='lat' dir='ltr'><strong>Barbarieam</strong></span> <span class='ocrx_word' id='word_1_303' title='bbox 297 2096 362 2132; x_wconf 84' lang='lat' dir='ltr'><strong>rabiem,</strong></span> <span class='ocrx_word' id='word_1_304' title='bbox 372 2105 430 2126; x_wconf 83' lang='lat' dir='ltr'><strong>nornen</strong></span> <span class='ocrx_word' id='word_1_305' title='bbox 441 2100 458 2125; x_wconf 87' lang='lat' dir='ltr'><strong>ct</strong></span> <span class='ocrx_word' id='word_1_306' title='bbox 468 2096 506 2126; x_wconf 89' lang='lat' dir='ltr'><strong>inde</strong></span> <span class='ocrx_word' id='word_1_307' title='bbox 516 2106 562 2126; x_wconf 86' lang='lat' dir='ltr'><strong>suurn</strong></span> 
     </span>
    </p>

    <p class='ocr_par' dir='ltr' id='par_1_11' title="bbox 166 2140 593 2223">
     <span class='ocr_line' id='line_1_39' title="bbox 166 2140 593 2178; baseline -0.007 -6"><span class='ocrx_word' id='word_1_308' title='bbox 166 2142 258 2172; x_wconf 87' lang='lat' dir='ltr'><strong>Conuersus</strong></span> <span class='ocrx_word' id='word_1_309' title='bbox 269 2140 358 2171; x_wconf 76' lang='lat' dir='ltr'><strong>conuertit⁶</strong></span> <span class='ocrx_word' id='word_1_310' title='bbox 368 2150 423 2176; x_wconf 85' lang='lat' dir='ltr'><strong>ouans,</strong></span> <span class='ocrx_word' id='word_1_311' title='bbox 435 2141 530 2178; x_wconf 84' lang='lat' dir='ltr'><strong>Petrumque</strong></span> <span class='ocrx_word' id='word_1_312' title='bbox 541 2141 593 2170; x_wconf 84' lang='lat' dir='ltr'><strong>vocari</strong></span> 
     </span>
     <span class='ocr_line' id='line_1_40' title="bbox 186 2185 517 2223; baseline -0.006 -8"><span class='ocrx_word' id='word_1_313' title='bbox 186 2186 252 2223; x_wconf 84' lang='lat' dir='ltr'><strong>Sergius</strong></span> <span class='ocrx_word' id='word_1_314' title='bbox 263 2187 328 2215; x_wconf 84' lang='lat' dir='ltr'><strong>antistes</strong></span> <span class='ocrx_word' id='word_1_315' title='bbox 339 2185 388 2221; x_wconf 85' lang='lat' dir='ltr'><strong>iussit,</strong></span> <span class='ocrx_word' id='word_1_316' title='bbox 399 2189 416 2213; x_wconf 81' lang='lat' dir='ltr'><strong>vt</strong></span> <span class='ocrx_word' id='word_1_317' title='bbox 426 2185 460 2223; x_wconf 87' lang='lat' dir='ltr'><strong>ipse</strong></span> <span class='ocrx_word' id='word_1_318' title='bbox 471 2190 517 2222; x_wconf 86' lang='lat' dir='ltr'><strong>pater</strong></span> 
     </span>
    </p>

    <p class='ocr_par' dir='ltr' id='par_1_12' title="bbox 166 2229 607 2311">
     <span class='ocr_line' id='line_1_41' title="bbox 166 2229 607 2267; baseline -0.005 -7"><span class='ocrx_word' id='word_1_319' title='bbox 166 2231 217 2260; x_wconf 80' lang='lat' dir='ltr'><strong>Fonte</strong></span> <span class='ocrx_word' id='word_1_320' title='bbox 228 2230 336 2260; x_wconf 87' lang='lat' dir='ltr'><strong>renascentis:</strong></span> <span class='ocrx_word' id='word_1_321' title='bbox 347 2239 393 2267; x_wconf 88' lang='lat' dir='ltr'><strong>quem</strong></span> <span class='ocrx_word' id='word_1_322' title='bbox 405 2229 464 2259; x_wconf 87' lang='lat' dir='ltr'><strong>Christi</strong></span> <span class='ocrx_word' id='word_1_323' title='bbox 474 2229 525 2266; x_wconf 83' lang='lat' dir='ltr'><strong>gratia</strong></span> <span class='ocrx_word' id='word_1_324' title='bbox 535 2238 607 2267; x_wconf 83' lang='lat' dir='ltr'><strong>purgans</strong></span> 
     </span>
     <span class='ocr_line' id='line_1_42' title="bbox 186 2273 524 2311; baseline -0.009 -6"><span class='ocrx_word' id='word_1_325' title='bbox 186 2276 260 2305; x_wconf 89' lang='lat' dir='ltr'><strong>Protinus</strong></span> <span class='ocrx_word' id='word_1_326' title='bbox 271 2273 349 2304; x_wconf 82' lang='lat' dir='ltr'><strong>ablatum⁷</strong></span> <span class='ocrx_word' id='word_1_327' title='bbox 360 2275 403 2304; x_wconf 85' lang='lat' dir='ltr'><strong>vexit</strong></span> <span class='ocrx_word' id='word_1_328' title='bbox 414 2274 430 2303; x_wconf 91' lang='lat' dir='ltr'><strong>in</strong></span> <span class='ocrx_word' id='word_1_329' title='bbox 441 2283 477 2303; x_wconf 86' lang='lat' dir='ltr'><strong>arce</strong></span> <span class='ocrx_word' id='word_1_330' title='bbox 488 2273 524 2311; x_wconf 90' lang='lat' dir='ltr'><strong>poli.</strong></span> 
     </span>
    </p>

    <p class='ocr_par' dir='ltr' id='par_1_13' title="bbox 166 2318 557 2401">
     <span class='ocr_line' id='line_1_43' title="bbox 166 2318 557 2357; baseline -0.008 -8"><span class='ocrx_word' id='word_1_331' title='bbox 166 2320 205 2349; x_wconf 84' lang='lat' dir='ltr'><strong>Mira</strong></span> <span class='ocrx_word' id='word_1_332' title='bbox 216 2320 256 2349; x_wconf 88' lang='lat' dir='ltr'><strong>fides</strong></span> <span class='ocrx_word' id='word_1_333' title='bbox 266 2320 314 2357; x_wconf 85' lang='lat' dir='ltr'><strong>regis,</strong></span> <span class='ocrx_word' id='word_1_334' title='bbox 325 2320 407 2349; x_wconf 83' lang='lat' dir='ltr'><strong>clementia</strong></span> <span class='ocrx_word' id='word_1_335' title='bbox 417 2319 484 2348; x_wconf 83' lang='lat' dir='ltr'><strong>maxima</strong></span> <span class='ocrx_word' id='word_1_336' title='bbox 494 2318 557 2354; x_wconf 85' lang='lat' dir='ltr'><strong>Christi,</strong></span> 
     </span>
     <span class='ocr_line' id='line_1_44' title="bbox 180 2364 511 2401; baseline -0.009 -6"><span class='ocrx_word' id='word_1_337' title='bbox 180 2365 228 2395; x_wconf 91' lang='lat' dir='ltr'><strong>Cuius</strong></span> <span class='ocrx_word' id='word_1_338' title='bbox 239 2365 321 2395; x_wconf 85' lang='lat' dir='ltr'><strong>consilium</strong></span> <span class='ocrx_word' id='word_1_339' title='bbox 332 2364 384 2394; x_wconf 87' lang='lat' dir='ltr'><strong>nullus</strong></span> <span class='ocrx_word' id='word_1_340' title='bbox 394 2364 438 2394; x_wconf 85' lang='lat' dir='ltr'><strong>adire</strong></span> <span class='ocrx_word' id='word_1_341' title='bbox 448 2365 511 2401; x_wconf 87' lang='lat' dir='ltr'><strong>potestl</strong></span> 
     </span>
    </p>
   </div>
   <div class='ocr_carea' id='block_1_6' title="bbox 45 2427 749 2542">
    <p class='ocr_par' dir='ltr' id='par_1_14' title="bbox 45 2427 749 2542">
     <span class='ocr_line' id='line_1_45' title="bbox 65 2427 749 2469; baseline -0.004 -9"><span class='ocrx_word' id='word_1_342' title='bbox 65 2427 129 2460; x_wconf 80' lang='lat' dir='ltr'><strong>¹atnt.</strong></span> <span class='ocrx_word' id='word_1_343' title='bbox 176 2430 284 2469; x_wconf 76' lang='lat' dir='ltr'><strong>²al.indiget.</strong></span> <span class='ocrx_word' id='word_1_344' title='bbox 332 2430 395 2460; x_wconf 77' lang='lat' dir='ltr'><strong>³rr01n</strong></span> <span class='ocrx_word' id='word_1_345' title='bbox 403 2429 453 2465; x_wconf 83' lang='lat' dir='ltr'><strong>Beda,</strong></span> <span class='ocrx_word' id='word_1_346' title='bbox 461 2429 482 2459; x_wconf 87' lang='lat' dir='ltr'><strong>H.</strong></span> <span class='ocrx_word' id='word_1_347' title='bbox 490 2429 534 2465; x_wconf 81' lang='lat' dir='ltr'>E„v.</span> <span class='ocrx_word' id='word_1_348' title='bbox 543 2438 557 2465; x_wconf 83' lang='lat'><strong>7.</strong></span> <span class='ocrx_word' id='word_1_349' title='bbox 607 2427 658 2458; x_wconf 73' lang='lat' dir='ltr'><strong>‘The</strong></span> <span class='ocrx_word' id='word_1_350' title='bbox 666 2427 749 2466; x_wconf 77' lang='lat' dir='ltr'><strong>following</strong></span> 
     </span>
     <span class='ocr_line' id='line_1_46' title="bbox 45 2467 748 2542; baseline -0.006 -39"><span class='ocrx_word' id='word_1_351' title='bbox 45 2467 174 2542; x_wconf 49' lang='grc' dir='ltr'><strong>ξίέῑιῒᾛῒέὲξὲξίε,</strong></span> <span class='ocrx_word' id='word_1_352' title='bbox 182 2472 200 2503; x_wconf 89' lang='lat' dir='ltr'><strong>V.</strong></span> <span class='ocrx_word' id='word_1_353' title='bbox 208 2472 223 2511; x_wconf 62' lang='grc' dir='ltr'><strong>Ἰ)</strong></span> <span class='ocrx_word' id='word_1_354' title='bbox 232 2471 245 2502; x_wconf 90' lang='lat' dir='ltr'><strong>is</strong></span> <span class='ocrx_word' id='word_1_355' title='bbox 253 2481 283 2502; x_wconf 86' lang='lat' dir='ltr'><strong>om.</strong></span> <span class='ocrx_word' id='word_1_356' title='bbox 291 2472 307 2501; x_wconf 89' lang='lat' dir='ltr'><strong>in</strong></span> <span class='ocrx_word' id='word_1_357' title='bbox 314 2471 333 2502; x_wconf 85' lang='lat' dir='ltr'><strong>T.</strong></span> <span class='ocrx_word' id='word_1_358' title='bbox 340 2471 371 2501; x_wconf 87' lang='lat' dir='ltr'><strong>and</strong></span> <span class='ocrx_word' id='word_1_359' title='bbox 378 2470 447 2500; x_wconf 78' lang='lat' dir='ltr'><strong>Tanner.</strong></span> <span class='ocrx_word' id='word_1_360' title='bbox 474 2468 480 2486; x_wconf 79' lang='lat'>⁵</span> <span class='ocrx_word' id='word_1_361' title='bbox 490 2469 509 2499; x_wconf 79' lang='lat' dir='ltr'><strong>E.</strong></span> <span class='ocrx_word' id='word_1_362' title='bbox 517 2468 581 2506; x_wconf 72' lang='lat' dir='ltr'><strong>Cedyal.</strong></span> <span class='ocrx_word' id='word_1_363' title='bbox 630 2467 635 2485; x_wconf 75' lang='lat'>⁶</span> <span class='ocrx_word' id='word_1_364' title='bbox 646 2468 663 2498; x_wconf 87' lang='grc' dir='ltr'><strong>Ε.</strong></span> <span class='ocrx_word' id='word_1_365' title='bbox 671 2470 748 2499; x_wconf 86' lang='lat' dir='ltr'><strong>conuerti.</strong></span> 
     </span>
    </p>
   </div>
   <div class='ocr_carea' id='block_1_7' title="bbox 0 0 886 2803">
    <p class='ocr_par' dir='ltr' id='par_1_15' title="bbox 0 0 886 2803">
     <span class='ocr_line' id='line_1_47' title="bbox 0 0 886 2803; baseline 0 0"><span class='ocrx_word' id='word_1_366' title='bbox 0 0 886 2803; x_wconf 95' lang='lat' dir='ltr'><strong> </strong></span> 
     </span>
    </p>
   </div>
  </div>
 </body>
</html>
