1762 2803
122 142 173 207 ‘524
223 224 224 227 Ἴ
318 150 398 202 unua
413 147 530 210 brunon
545 146 637 210 attolle.

129 270 188 303 elixos
200 273 218 302 et
229 279 297 312 panem
310 270 418 302 ordeaceum
431 269 502 302 edebat.
513 292 518 302 .
529 293 534 302 .
546 293 550 302 .
561 268 656 312 ¹Cumque
672 268 756 302 electioni
772 270 795 303 de
810 281 830 306 se

129 321 176 357 facte
191 321 213 356 ad
229 320 382 355 consentiendum
396 321 472 354 minime
488 321 537 356 flecti
551 326 620 366 posset,
632 331 643 353 a
657 321 697 354 viro
709 321 739 354 dei
754 321 831 366 Wlsiuo,

130 386 165 419 per
172 373 287 419 quadriginta
294 384 352 408 annos
361 374 436 416 incluso,
445 374 511 408 acriter
521 384 555 419 pro
563 374 646 409 ostinatia
654 378 754 418 correptus
763 375 831 410 diuino·

130 439 165 471 que
174 428 246 461 oraculo
253 427 367 471 perterritus,
376 427 459 461 electioni
466 427 563 462 consensit.
599 420 662 462 ²Cum
669 426 719 461 enim
726 426 831 464 Willelmus

112 491 163 522 5rex
176 481 277 515 litterature
288 479 435 514 insufficientiam
448 486 466 514 et
478 480 537 525 gallici
545 480 636 515 sermonis
647 479 747 514 carentiam
757 486 831 524 preten-

130 534 182 575 dens,
193 532 299 566 Wlstanum
313 531 385 576 priuare
399 532 492 576 niteretur,
505 538 603 568 conuocato
616 531 704 566 concilio³
716 532 766 566 iubet
777 532 831 568 Lam-

129 585 203 619 franeus
215 584 363 629 archiepiscopus
376 585 501 620 venerabilem
512 586 571 621 virum
585 586 670 619 baculum
683 585 778 629 resignare
790 596 830 621 cum

129 640 188 673 anulo.
211 638 245 672 Vir
257 643 318 673 autem
331 639 361 672 dei
374 649 408 673 nec
420 639 472 673 vultu
485 644 565 673 mutatus
578 650 613 672 nec
626 638 692 680 animo,
705 638 765 672 erexit
776 648 802 681 se,
814 646 832 674 et

130 691 199 735 virgam
207 692 317 734 pastoralem
324 702 380 725 manu
388 697 460 734 tenens,
469 692 525 726 dixit:
538 691 602 733 ‘Verc,
609 692 683 725 domine
689 691 831 736 archiepiscope,

104 754 123 776 10
130 754 174 777 vere
186 743 223 777 scio
231 744 274 786 quia
281 754 316 777 nec
323 745 358 777 hoc
366 745 435 777 honore
443 744 508 786 dignus
516 754 562 785 sum,
574 754 608 776 nec
617 743 658 776 huic
667 743 757 786 [idoneus]
766 744 772 761 ⁴
781 745 831 778 oneri

131 806 166 830 nec
177 795 271 830 sufficiens
282 795 345 830 labori.
368 795 452 830 Sciebam
466 795 515 829 enim
528 796 567 838 hoc,
580 805 621 830 cum
634 805 665 830 me
679 796 738 830 clerus
752 795 831 840 eligeret,

133 860 175 883 cum
191 848 273 893 episcopi
288 853 380 893 cogerent,
395 859 437 883 curn
453 859 483 883 me
498 847 583 882 dominus
599 858 652 883 meus
667 849 690 882 ad
705 848 740 882 hoc
753 848 831 884 officium

131 902 220 937 inuitaret.
249 902 292 946 lpse
306 902 412 936 auctoritate
425 902 475 936 sedis
489 901 588 946 apostolice
601 901 620 935 in
633 912 686 936 meos
699 902 787 936 humeros
799 902 832 936 hoc

130 966 177 990 onus
192 954 264 998 refudit,
278 960 296 989 et
309 965 344 998 per
358 954 407 989 hunc
420 955 505 989 baculum
518 954 548 989 me
563 954 663 999 episcopali
677 955 735 998 gradu
750 954 832 989 inuestiri

104 1021 122 1051 15
130 1008 218 1051 precepit.
241 1008 294 1041 Nunc
307 1012 327 1040 tu
340 1008 452 1050 pastoralem
465 1007 535 1051 virgam
548 1008 607 1051 exigis
619 1018 674 1051 quam
687 1018 724 1040 non
738 1006 832 1050 tradidisti,

130 1059 211 1094 officium
223 1058 288 1093 adimis
300 1059 349 1102 quod
360 1069 398 1093 non
408 1059 504 1093 contulisti.
527 1059 550 1093 Et
561 1070 594 1102 ego
605 1059 679 1103 quidem
687 1059 832 1094 insufficientiam

131 1124 192 1148 meam
198 1124 235 1146 non
241 1113 333 1157 ignorans,
339 1117 357 1146 et
363 1111 405 1146 huic
411 1111 556 1157 sanctelsynodi
562 1111 832 1155 sententiecedensresignabo

130 1167 205 1210 quidem
217 1166 307 1207 baculum,
319 1166 353 1199 sed
365 1176 403 1199 non
416 1165 454 1208 tibi,
462 1168 495 1199 sed
508 1167 568 1209 potius
582 1166 599 1200 ei
611 1166 662 1200 cuius
674 1176 716 1199 eurn
728 1166 833 1200 auctoritate

131 1218 214 1262 suscepi!
238 1217 280 1253 Hiis
292 1217 344 1252 dictis
354 1219 444 1252 accedens
453 1219 476 1253 ad
485 1219 575 1253 tumulum
587 1217 645 1253 sancti
657 1218 748 1261 Edwardi,
757 1223 775 1252 et
783 1223 832 1253 stans

104 1287 123 1308 ao
131 1277 173 1305 ante
181 1271 299 1314 sepulchrum
311 1271 367 1305 dixit:
380 1271 419 1304 ‘Tu
428 1272 470 1312 scis,
478 1267 552 1305 domine
562 1272 592 1314 mi,
601 1281 656 1314 quam
666 1271 735 1305 inuitus
745 1272 832 1314 hocopus

131 1323 251 1367 susceperim,
267 1322 351 1366 quotiens
367 1323 513 1367 subterfugerim,
533 1324 617 1367 quotiens
637 1333 666 1356 me
686 1333 727 1357 cum
746 1333 833 1367 quererer

131 1375 271 1411 absentauerim.
299 1375 370 1417 Fateor,
382 1375 472 1420 insipiens
485 1376 543 1410 factus
558 1386 612 1409 sum:
629 1376 662 1409 sed
675 1380 694 1409 tu
709 1386 739 1409 me
754 1375 834 1419 coegisti.

132 1431 180 1464 Nam
192 1429 234 1463 licet
247 1441 284 1463 non
296 1430 370 1463 deesset
383 1430 459 1463 fratrum
471 1430 540 1470 electio,
553 1429 613 1473 plebis
624 1428 693 1473 petitio,
705 1429 834 1474 episcoporum

132 1485 221 1526 voluntas,
233 1482 291 1526 gratia
305 1493 409 1526 procerum,
420 1482 455 1517 hiis
471 1488 533 1517 tamen
547 1482 632 1517 omnibus
645 1486 676 1516 tua
688 1482 834 1526 preponderabat

105 1549 123 1579 25
132 1534 234 1577 auctoritas,
248 1540 280 1567 tua
292 1534 351 1577 magis
362 1535 439 1577 urgebat
451 1535 541 1568 voluntas.
570 1534 593 1567 Et
607 1545 650 1568 ecce
662 1545 722 1568 nouus
734 1545 773 1576 rex,
787 1545 834 1567 noua

133 1588 169 1629 lex,
177 1597 237 1621 nouus
244 1586 328 1629 pontifex
336 1596 383 1620 noua
390 1587 430 1620 iura
438 1587 523 1628 condunt,
531 1597 588 1620 nouas
597 1586 696 1620 sententias
705 1586 834 1631 promulganti

133 1641 160 1675 Te
176 1639 244 1673 erroris
258 1645 341 1683 arguunt,
353 1639 384 1683 qui
397 1638 476 1681 iussisti3
492 1650 522 1673 me
538 1637 685 1683 presumptionis,
700 1639 730 1683 qui
745 1639 834 1674 consensi.

134 1694 158 1728 Et
166 1699 209 1728 tunc
217 1692 291 1737 quidem
299 1692 336 1726 falli
344 1692 418 1736 potuisti
425 1698 445 1727 vt
453 1693 518 1727 homo:
531 1693 563 1726 sed
572 1691 654 1736 nunquid
661 1692 721 1735 modo,
729 1692 834 1727 coniunctus

134 1748 180 1781 deo?
209 1746 250 1778 Non
260 1745 315 1787 igitur
326 1745 361 1779 illis
371 1746 402 1787 qui
412 1745 488 1788 exigunt
499 1745 547 1787 quod
558 1756 594 1778 non
605 1745 699 1786 dederunt,
707 1746 738 1788 qui
750 1756 791 1779 curn
799 1746 834 1779 sint

105 1813 125 1843 30
134 1797 219 1833 homines
225 1797 288 1832 fallere
296 1802 374 1841 possunt
381 1802 399 1832 et
407 1796 449 1840 salli,
458 1797 490 1832 sed
499 1796 531 1831 tibi
537 1796 568 1841 qui
575 1796 645 1840 dedisti,
654 1797 699 1842 [qui]
704 1797 740 1832 iam
747 1798 834 1833 deductus

134 1853 153 1886 in
168 1853 228 1895 ipsam
243 1853 339 1884 veritatem
354 1850 456 1894 ignorantie
470 1851 500 1885 vel
517 1850 584 1884 erroris
603 1851 689 1884 tenebras
708 1851 788 1894 euasisti,
803 1850 835 1884 tibi

134 1905 208 1948 resigno
218 1904 307 1945 baculum,
315 1903 348 1938 tibi
358 1914 420 1938 curam
431 1914 495 1938 eorum
505 1914 551 1949 quos
560 1903 604 1938 mihi
613 1904 745 1939 commendasti
754 1904 834 1945 dimitt03

135 1960 167 1993 tibi
179 1969 244 1993 secure
255 1968 288 1992 eos
300 1958 398 2000 committo,
410 1958 462 1992 cuius
473 1969 507 2002 ego
518 1958 583 1992 merita
594 1968 632 1992 non
645 1957 719 2002 ignoro!
743 1958 784 1993 Hec
795 1967 835 1992 cum

137 2012 219 2051 dixisset,
231 2011 302 2043 eleuata
314 2011 408 2053 paululum
421 2021 482 2051 manu,
495 2011 514 2043 in
528 2011 607 2053 lapidem
623 2022 659 2053 quo
674 2017 757 2044 sanctum
770 2021 835 2054 corpus

107 2075 125 2106 35
135 2063 229 2107 tegebatur
242 2062 326 2095 baculum
338 2061 403 2105 infixit,
417 2061 492 2096 dicens:
509 2062 589 2106 ‘Accipe
602 2061 676 2096 domine
688 2063 713 2096 mi
726 2073 765 2105 rex,
777 2068 795 2097 et
808 2060 835 2095 cui

134 2115 208 2150 libuerit
218 2116 269 2149 trade
281 2115 342 2149 iilum!
365 2115 388 2149 Et
399 2120 465 2150 exutus
476 2116 615 2159 pontificalibus,
626 2116 674 2150 inter
685 2118 785 2150 monachos
796 2115 835 2159 ipse

135 2169 172 2203 iam
187 2169 286 2202 monachus
301 2167 380 2211 simplex
395 2169 468 2202 resedit.
498 2168 642 2202 Admirabautur
656 2179 721 2203 omnes
739 2173 835 2203 cernentes

135 2222 205 2265 virgam
217 2220 272 2264 lapidi
284 2221 396 2264 immersam,
407 2227 426 2255 et
439 2221 490 2265 quasi
504 2221 595 2256 radicibus
607 2221 702 2263 vteretur⁷‚
715 2232 752 2257 non
762 2220 836 2256 moueri.

136 2276 219 2316 Cumque
234 2273 318 2305 baculum
333 2279 444 2316 temptantes
459 2275 509 2307 nulla
523 2275 594 2307 ratione
610 2275 689 2309 euellere
708 2280 791 2318 possent,
806 2283 835 2307 res

107 2342 127 2373 40
136 2327 218 2362 defertur
225 2325 244 2359 in
253 2325 348 2370 synodum,
354 2331 372 2359 et
378 2325 500 2370 Gundulphus
507 2326 593 2361 roffensis
603 2326 700 2371 episeopus
708 2337 719 2362 a
727 2327 835 2361 Lamfranco

136 2381 204 2416 missus
219 2379 242 2412 ad
256 2378 373 2421 sepulchrum
389 2380 478 2413 accedens
493 2390 535 2414 curn
550 2381 634 2414 baculum
646 2381 749 2415 nullatenus
761 2389 835 2414 mouere

154 2438 205 2467 ΙΤοο
218 2437 299 2473 abridged,
310 2437 329 2466 cs,
344 2437 384 2467 flor.
399 2438 450 2475 Wigrz
466 2439 528 2468 Deinde
541 2460 544 2468 .
556 2461 559 2469 .
573 2460 576 2469 .
589 2439 641 2469 electo
652 2440 673 2469 ad
687 2440 836 2477 archiepiscopatum

135 2478 236 2510 eboracensis
247 2476 314 2506 ecclesie
321 2476 392 2506 Aldrcdo
400 2478 507 2514 wigornensis
517 2477 584 2507 ecclesie
595 2479 676 2517 episcopo,
686 2480 704 2508 fit
714 2479 790 2509 unanimis
801 2485 836 2507 con-

134 2528 191 2549 sensus
205 2521 237 2546 tam
249 2518 287 2546 cleri
299 2526 346 2552 quam
359 2516 407 2546 etiam
421 2517 469 2546 totius
482 2517 533 2555 plebis
544 2517 560 2547 in
572 2519 606 2547 eius
618 2519 701 2555 electione,
714 2520 752 2556 rege
764 2516 836 2548 videlicet

134 2561 216 2588 annuente
222 2560 238 2585 vt
246 2565 292 2593 quem
299 2556 329 2585 sibi
336 2556 396 2585 vellent
403 2557 482 2593 presulem
489 2557 571 2593 eligerent.
592 2557 615 2586 ef.
622 2558 659 2587 Vita
666 2559 697 2587 and
704 2558 726 2588 H.
774 2557 781 2576 ²
791 2557 836 2585 From

135 2595 377 2635 Ailred,VitaEdwardiConf.
434 2594 548 2627 ³E.consilio.
597 2596 630 2628 ¹T.
638 2597 656 2628 E.
666 2597 728 2636 dignus.
778 2592 836 2625 ⁶T·E·

138 2638 194 2670 sancti.
215 2636 310 2667 H.buiuss.
351 2634 492 2675 vaprouulgant.
534 2635 658 2681 ⁷uluiteretur.
