1762 2803
33 199 163 239 assarna]
181 188 227 244 we
241 185 277 240 b.
288 186 421 240 eumunuo
435 195 492 250 tect
507 190 531 240 et
545 191 661 251 metente.
684 193 727 248 651

32 316 110 359 Angliam
118 311 235 347 remeantibus
242 310 331 345 Edmundi
339 310 408 353 gloriosi
419 310 492 353 famulis,
504 310 592 345 Edmundi
603 311 683 354 suffragia
691 322 731 345 con-

32 364 151 404 clamantibus,
159 361 292 395 misericorditer
299 361 348 395 affuit
355 361 414 403 virtus,
421 368 439 395 et
447 362 537 395 salubriter
544 362 600 405 patuit
607 362 660 395 salus.
680 362 732 403 Vere,

33 419 105 458 inquam,
121 414 171 454 longe
186 412 279 451 diuersum,
297 411 329 445 etsi
344 412 404 445 mortis
419 412 465 445 idem
481 413 509 445 vel
526 412 614 446 consimile
633 412 732 455 periculum.

34 466 99 509 Quippe
108 463 131 497 hii
141 461 246 497 sernentibus
256 468 346 495 uentorum
356 462 430 504 flatibus,
441 462 524 496 imbribus
535 462 643 505 irruentibus,
652 462 732 496 fiuctibus

33 515 141 556 seuientibus,
152 524 198 546 nunc
209 512 283 547 nubibus
294 512 351 546 noctis
362 513 471 554 obscuritate,
483 524 529 547 nunc
538 515 653 557 profunditate
664 515 731 548 marina
740 523 749 553 5

33 567 75 609 rapti
91 564 236 607 periclitabantur.
266 563 329 606 Ruptis
345 563 413 596 funibus
431 570 448 597 et
464 564 507 596 uelis
525 564 570 597 male
587 564 650 606 scissis,
666 574 732 607 puppes

33 616 110 649 fluctibus
123 613 214 646 mortiferis
227 614 282 646 latera
294 619 366 656 ponunt.
389 614 429 646 Heu
440 613 495 653 dolor,
506 613 541 646 lien
553 613 636 655 gemitus!
653 614 733 647 omnibus

33 677 66 700 vna
80 674 125 697 mors
139 665 176 697 sola
190 669 243 706 patet.
266 664 281 697 O
298 662 379 705 quociens
396 662 499 696 Edmundus
516 663 638 704 conclamatur,
651 664 733 707 quociens

33 715 76 751 serui
84 714 172 748 dominum
182 724 232 747 suum
241 719 320 748 sanctum
329 712 442 746 Edmundum
453 712 539 746 inuocant.
562 714 600 747 Nec
610 715 673 755 tardat,
680 722 706 747 set
716 722 733 748 et

33 766 125 804 videbatur,
134 770 151 797 et
159 765 197 806 pius
204 770 263 807 presto
271 764 305 797 suis
313 770 370 806 patet3
383 763 428 797 illico
435 763 506 797 adiuuat
517 770 534 797 et
542 770 622 806 potenter
633 760 663 798 eos
674 766 733 799 saluar.
742 773 761 796 ιο

33 816 74 850 Vice
88 825 129 848 vero
144 815 177 849 alia
191 815 235 848 mari
251 814 312 848 eodem
326 814 344 848 in
357 813 420 855 medio,
433 820 486 848 vento
501 814 567 847 diucius
579 821 662 854 cessante,
675 815 734 848 estatis

34 866 97 905 ardore,
105 870 142 897 tum
149 864 186 897 sitis
194 864 287 905 arriditate,
294 870 332 897 tum
341 863 475 905 longiturnitatis
485 863 531 897 fame
541 863 633 906 fetorisque
643 865 735 906 putredine

33 920 83 948 naute
91 912 160 956 quidam
168 924 207 947 cum
218 912 321 947 sanctissimi
331 913 419 946 Edmundi
428 913 496 947 famulis
503 912 576 947 nimium
587 913 664 955 cruciati,
670 924 692 947 ac
699 913 735 949 uita

34 962 123 1006 desperati,
132 963 236 997 inuocabant
244 965 389 1008 Edmundumque
396 970 475 998 sanctum
483 964 619 998 conclamabant.
642 965 734 998 Inuocatus

34 1014 85 1054 affuit,
93 1013 172 1047 liberauit
180 1019 197 1047 et
204 1024 233 1047 eos
242 1013 269 1047 dei
277 1013 335 1055 gracia
343 1013 420 1047 saluauit.
744 1023 762 1054 15

41 1108 71 1139 DE
81 1113 165 1139 VLCIONE
176 1114 237 1139 carta
248 1114 286 1140 PRO
298 1115 356 1140 FESTO
368 1115 435 1140 sanent
448 1108 545 1141 EDllUNDI
557 1116 598 1142 NON
609 1116 728 1143 cosentiam.

36 1178 142 1259 OUidam
155 1179 230 1222 agricola
242 1180 265 1214 de
277 1180 362 1223 Depynge
376 1191 408 1223 pro
420 1179 456 1214 uite
467 1180 568 1215 necessariis
581 1181 657 1226 corporei
671 1181 736 1217 laboris

44 1250 73 1271 ,Ι
98 1230 143 1264 uires
154 1231 231 1263 uirtuosa
241 1231 357 1274 protelacione
369 1230 440 1265 vexare¹
452 1232 522 1274 studuit,
533 1239 551 1266 at
563 1232 634 1266 modum
645 1233 735 1274 excedens,

35 1283 61 1316 uix
76 1282 103 1315 uel
118 1291 205 1323 nunquam
221 1281 238 1315 in
253 1282 297 1315 festo
312 1281 367 1315 sancti
383 1281 471 1314 Edmundi
486 1292 554 1315 cessare
572 1282 625 1314 voluit
643 1283 666 1316 ab
684 1293 736 1325 opere

35 1330 114 1364 manuali.
128 1330 199 1364 Lumine
207 1330 258 1372 igitur
265 1332 322 1364 uultus
329 1330 414 1364 interioris
420 1341 476 1370 cecus,
484 1331 571 1365 exterioris
579 1332 625 1364 visus
633 1333 676 1371 luce,
682 1332 736 1365 multo

35 1381 91 1413 minus
101 1380 180 1420 ualentis,
188 1380 224 1413 iure
235 1380 312 1424 priuatur
322 1379 425 1423 digniusque
435 1387 516 1415 cassatur.
539 1380 634 1421 Odolor,o
646 1381 734 1423 planctus!
744 1390 764 1412 so

35 1432 70 1464 eins
78 1432 138 1472 proles,
144 1431 181 1463 eius
188 1440 229 1462 vxor
235 1431 363 1473 complangunt,
368 1430 437 1473 plorant
444 1436 461 1463 et
468 1431 539 1463 ululant.
553 1431 591 1464 Hee
598 1430 647 1472 inter,
655 1430 736 1465 sacerdos

35 1485 113 1523 precatus
128 1480 182 1520 adest,
194 1480 266 1514 consulit
281 1486 298 1513 et
313 1481 390 1513 hortatur
400 1486 418 1512 vt
430 1490 481 1513 cecus
491 1487 560 1513 sanctos
572 1480 600 1513 dei
610 1480 689 1514 martires
700 1481 736 1513 Ed·

36 1530 118 1563 mundum
123 1536 140 1564 et
146 1531 232 1564 Thomam
237 1529 384 1573 archiepiscopum
390 1536 436 1574 petat
444 1536 461 1564 et
470 1536 542 1573 repetat,
546 1536 563 1565 et
570 1529 632 1574 petitos
639 1531 698 1565 credat
703 1530 736 1564 sibi

36 1581 107 1613 salutem
118 1580 215 1620 impetrare.
238 1581 293 1613 Cecus
300 1580 356 1621 igitur,
364 1586 381 1612 et
389 1580 440 1612 amici
448 1579 485 1612 eius
493 1591 532 1612 cum
542 1590 569 1620 eo,
577 1588 616 1622 post
624 1587 664 1613 octo
671 1581 737 1613 dierum

36 1629 160 1662 renolucionem
176 1629 285 1662 sanctissimo
300 1635 318 1662 et
333 1628 400 1671 integro
416 1629 480 1671 corpori
496 1629 551 1662 sancti
570 1628 659 1662 Edmundi
675 1639 765 1672 appro-25

36 1677 107 1722 piantes,
121 1685 177 1721 orant,
192 1679 295 1723 supplicant,
310 1686 327 1714 et
340 1690 411 1713 munera
426 1679 504 1722 offerunt,
514 1679 612 1724 feretroque
623 1680 656 1714 hae
669 1685 686 1714 et
699 1679 738 1714 illae

36 1731 93 1763 oscula
106 1731 166 1772 figunt.
189 1732 240 1773 Quod
251 1731 331 1764 monachi
345 1740 393 1764 more
406 1730 456 1764 solito
469 1731 504 1763 duo
515 1731 580 1764 assidui
592 1730 656 1763 ibidem
668 1740 737 1764 concer-

37 1787 102 1821 nentes,
110 1781 142 1815 sub
150 1791 221 1824 corpore
228 1786 289 1815 sancto
299 1791 358 1815 cecum
368 1780 444 1816 inclinari
456 1790 503 1814 more
513 1780 618 1814 infirmorum
628 1785 704 1813 ortantur
711 1786 738 1814 at·

38 1841 69 1872 que
77 1831 186 1873 compellunt.
202 1830 289 1864 Inclinans
295 1831 346 1872 igitur
354 1830 388 1873 [se]
395 1829 474 1869 demittit,
481 1830 566 1872 supponit,
573 1830 657 1872 supplicat
665 1836 682 1862 et
689 1836 737 1863 orat:

37 1886 54 1912 et
64 1886 103 1922 post
114 1880 201 1912 modicum
208 1884 276 1921 tempus
287 1880 385 1912 exclamans
396 1879 430 1911 ait:
443 1879 447 1895 ‘
455 1878 488 1911 Dei
496 1878 554 1920 gracia
561 1878 618 1919 uideo,
625 1877 652 1911 dei
662 1878 738 1919 graciam
746 1886 766 1915 30

38 1929 130 1973 conspicio,
139 1928 197 1964 sencio
209 1929 237 1963 dei
248 1929 360 1964 clemenciam
371 1928 389 1963 in
396 1927 507 1963 dilectissimo
519 1938 550 1962 suo
563 1934 623 1962 sancto
635 1927 738 1962 Edmundo.'

39 1981 83 2014 Ceco
91 1980 190 2022 illuminato,
198 1979 247 2013 multi
258 1979 342 2013 mirantur
353 1985 370 2013 et
381 1985 471 2013 accurrunt
478 1978 509 2012 viri
521 1978 601 2021 religiosi,
611 1979 678 2012 enixius
690 1979 738 2012 certi-

38 2029 84 2063 ficari
92 2030 167 2071 student,
174 2036 193 2064 vt
201 2029 234 2064 fide
241 2035 322 2073 percepta
329 2029 412 2063 maturius
420 2035 438 2062 et
445 2028 510 2071 plenius
519 2029 551 2062 snb
558 2028 587 2061 tali
595 2028 678 2062 miraculo
687 2029 739 2063 deum

37 2079 107 2113 laudare
120 2084 189 2122 queant.
212 2079 267 2122 Igitur
281 2078 310 2123 qui
322 2089 361 2113 eum
373 2079 479 2112 adduxerant
495 2084 575 2121 parentes
588 2084 606 2112 et
619 2078 676 2119 vicini,
688 2078 740 2112 tactis

38 2129 151 2162 sacrosanctis
164 2128 257 2171 euangeliis
268 2128 341 2163 iurando
351 2138 391 2162 eum
403 2129 456 2162 fuisse
469 2137 532 2169 cecum,
544 2133 560 2162 et
572 2138 602 2170 per
612 2127 673 2162 merita
684 2128 767 2166 sanctiss

38 2178 126 2213 Edmundi
135 2178 253 2219 illuminatum,
260 2178 346 2213 affirmant
354 2183 371 2213 et
378 2183 500 2213 contestantur.
516 2177 591 2222 Contigit
599 2178 632 2212 hoc
639 2177 741 2213 miraculum

37 2234 114 2273 tempore
122 2229 202 2273 Hugonis
209 2229 282 2263 abbatis.

141 2319 172 2351 DE
183 2324 267 2352 Vtetotte
278 2323 338 2351 CAPTA
350 2324 372 2351 tlt
383 2323 466 2351 nouauit
477 2324 640 2351 CACHINNANTEM.

75 2386 161 2419 Uiusdarn
172 2385 217 2419 filius
228 2384 301 2419 confinis
312 2383 377 2418 martiri
384 2383 442 2418 diuitis
452 2390 469 2418 et
480 2384 550 2426 egregii,
558 2384 644 2427 pueriliter
653 2384 675 2417 de
686 2384 740 2417 sancti

96 2434 184 2469 Edmundi
192 2433 236 2469 actis
244 2445 285 2479 sepe
293 2434 409 2469 cachinnans:
420 2440 439 2468 ut
447 2434 511 2469 mentis
518 2434 572 2469 ocello
579 2446 636 2477 cecus,
644 2435 668 2469 ita
675 2434 741 2468 vicione

39 2486 124 2529 condigna
135 2486 200 2520 lumine
211 2486 298 2519 oculonnn
306 2495 375 2520 suorum
383 2486 464 2530 priuatur.
487 2485 566 2520 Tandem
574 2484 655 2519 deuocius
661 2489 740 2518 exoratus
748 2487 768 2519 4⁰

39 2537 142 2571 Edmundus
154 2543 171 2571 et
186 2536 290 2570 multimodis
305 2542 396 2570 veneratus
408 2547 461 2580 puero
473 2547 514 2571 ceco
527 2536 583 2570 visum
598 2534 671 2570 restituit
686 2540 703 2568 et
715 2534 740 2568 in·

40 2588 124 2620 columem
135 2587 266 2629 doccioremque
276 2586 356 2620 restituit.

332 2649 338 2666 ²
350 2650 383 2681 MS.
390 2650 447 2682 vexati.
