1762 2803
144 116 186 203 i14
251 200 252 203 ,
331 147 411 200 muna
426 145 543 208 termut
558 144 652 208 annua

139 270 202 303 subito
215 269 274 302 celum
287 267 365 302 intonuit
376 273 395 302 et
406 279 470 302 omnes
483 268 586 311 (serpentes
594 267 679 310 tonitrus)
692 265 761 301 occidit.
783 266 806 301 Et
817 267 846 302 uir

142 321 173 354 dei
180 322 215 355 hoc
222 321 262 355 uiso
270 321 325 355 dixit:
339 321 396 355 ‘Ecce
405 321 500 363 (occildisti
508 331 545 362 eos,
551 322 630 361 domine,
637 320 678 364 quis
686 330 718 353 eos
726 319 769 352 hinc
776 319 825 353 leuat
830 322 845 354 l'

144 375 234 418 Moxque
249 376 279 416 ad)
292 374 332 408 eius
346 385 411 407 uocem
425 378 475 406 tante
491 384 535 419 aues
551 374 642 407 uenerunt
656 372 733 415 quanlti)
749 377 846 415 serpentes

143 427 200 461 occisi
208 431 260 462 sunt:
269 437 305 471 que
311 437 343 460 eos
349 431 443 470 portantes
449 425 530 468 singulos
535 430 553 459 et
558 424 645 469 long(ius)
652 424 782 468 prohicientes,
786 424 846 458 iocum

126 490 134 520 5
144 480 262 515 habitacionis
270 480 318 514 illius
326 480 414 514 mundum
422 478 497 512 omnino
505 489 516 512 a
524 479 642 527 serpentibus
650 476 793 521 reddideruntl]

210 606 226 641 il
237 604 266 639 Da
278 613 347 639 saucio
361 595 505 637 Kmmmmffi
516 612 604 637 arrscoro
615 613 638 636 ar
649 600 781 636 conrassoaal.

147 687 212 766 REx
220 686 293 730 quidam
301 687 320 719 in
328 685 466 731 septentrionali
475 685 569 719 Britannie
577 686 635 729 plaga,
642 684 736 729 paganicis
743 684 846 729 implicatus

205 740 302 782 erroribus,
315 739 371 773 filiam
385 749 409 772 ex
419 749 477 772 vxore
490 750 523 772 sua
538 737 600 780 genuit
611 738 720 781 speciosam,
732 748 768 780 que
783 737 845 781 sepius

144 793 205 827 audita
213 803 308 826 seruorum
320 792 350 825 dei
361 791 489 835 predicatione,
498 792 521 825 ad
532 792 643 835 agnitionem
650 790 738 833 veritatis,
749 791 846 835 ydolorum

145 845 193 879 cultu
204 846 277 888 penitus
290 844 377 886 abdicato,
388 845 454 878 meruit
463 844 565 888 peruenire.
589 844 612 877 Et
624 844 666 877 licet
675 844 761 886 baptismi
770 845 846 887 gratiam

118 912 136 933 ro
144 898 227 931 nondum
242 902 344 940 consecuta,
357 897 406 932 viam
419 902 481 930 tamen
495 897 622 930 mandatorum
635 896 664 930 dei
677 896 818 933 mentedeuota
829 902 846 930 et

145 949 208 982 humili
216 951 307 982 custodire
315 950 419 991 satagebat;
432 949 544 983 orationibus
556 950 625 983 crebris
635 954 652 982 et
664 949 770 983 elemosinis
780 948 846 990 dedita,

145 1006 233 1045 quantum
243 1002 278 1035 ob⁴
289 1006 358 1035 metum
366 1001 423 1044 patris
430 1001 497 1045 pagani
505 1000 575 1043 licebat,
586 1001 709 1034 ecclesiastice
721 1001 817 1043 discipline
829 1007 846 1034 et

144 1054 231 1098 operibus
246 1053 298 1087 bonis
314 1054 378 1087 sedula
392 1053 493 1088 insistebat.
522 1053 579 1088 Marie
594 1053 670 1097 virginis
684 1053 805 1097 integritatem
821 1053 846 1089 se-

145 1108 223 1140 cundam
235 1107 341 1141 venerando
352 1107 446 1140 admirans
464 1112 482 1140 et
495 1105 579 1150 diligens,
589 1111 731 1151 presumptuosa
743 1105 817 1139 audacia
829 1111 846 1139 et

118 1174 135 1204 15
145 1160 224 1204 quadam
235 1159 337 1193 temeritate
351 1159 430 1193 feminea
442 1158 460 1192 in
474 1164 563 1203 conceptu
578 1164 596 1193 et
611 1164 663 1202 partu
679 1158 705 1192 illi
719 1158 815 1193 assimilari
829 1164 846 1192 et

144 1223 185 1246 eam
193 1212 258 1245 imitari
266 1212 379 1253 desiderans,
388 1212 466 1245 assiduis
474 1211 559 1255 precibus
567 1223 630 1255 regem
638 1212 719 1246 celorum
727 1216 745 1246 et
753 1211 845 1246 dominum

145 1275 202 1308 super
213 1265 248 1297 hoc
260 1263 355 1307 deprecari
367 1265 430 1308 sepius
442 1265 496 1308 cepit.
519 1264 588 1309 Elapso
599 1265 674 1299 demum
685 1265 774 1308 temporis
786 1266 846 1308 spacio

145 1317 219 1350 inuenta
230 1322 259 1350 est
268 1316 298 1349 illa
310 1316 328 1349 in
340 1322 392 1350 vtero
404 1317 485 1350 habens:
502 1322 520 1350 et
533 1317 653 1360 magnificans
665 1319 725 1358 deum,
736 1317 846 1350 desiderium

145 1379 199 1403 snum
217 1369 337 1412 adimpletum
354 1380 396 1404 esse
414 1368 521 1413 simpliciter
539 1370 629 1403 credebat.
652 1369 705 1411 Quod
722 1369 772 1403 enim
790 1370 808 1403 in
826 1379 846 1403 ea

118 1436 137 1457 20
145 1428 210 1457 natum
225 1427 258 1465 est,
274 1423 297 1456 de
312 1422 410 1466 complexu
427 1422 508 1457 humano
523 1422 614 1466 suscepit:
635 1422 667 1456 sed
685 1421 725 1466 ipsa
743 1423 859 1455 multotiens·

145 1475 229 1517 asseruit,
238 1480 256 1509 et
264 1474 366 1509 iuramento
375 1475 410 1519 [se]
416 1475 423 1493 ⁶
430 1475 543 1517 constrinxit,
555 1475 615 1518 quodi
622 1486 633 1510 a
640 1486 682 1520 quo,
690 1476 719 1510 vel
728 1476 806 1519 quando,
818 1480 847 1508 aut

146 1529 239 1573 quomodo
254 1529 364 1572 conceperit,
379 1530 398 1561 in
413 1530 525 1562 conscientia
540 1539 577 1562 non
592 1529 675 1563 habebat.
703 1528 783 1572 Populus
798 1528 845 1562 enim

146 1582 225 1615 diocesis
239 1582 296 1614 sancti
310 1581 424 1624 Kentegerni
437 1581 504 1615 stultus
519 1587 537 1615 et
552 1580 647 1625 insipiens,
660 1581 721 1626 ipsum
737 1582 760 1615 de
777 1581 846 1625 virgine

146 1638 255 1676 conceptum
269 1638 287 1666 et
300 1638 363 1666 natum
379 1633 438 1667 adhuc
451 1638 534 1667 astruere
549 1644 586 1667 non
598 1638 676 1668 veretur.
700 1634 738 1668 Sed
753 1634 794 1677 quis
807 1632 846 1667 aut7

119 1696 137 1725 25
146 1687 238 1729 quomodo
253 1691 302 1718 sator
320 1691 388 1718 terram
405 1686 484 1719 arauerit
501 1697 534 1719 seu
553 1687 625 1727 seuerit,
641 1696 683 1719 cum
700 1687 775 1720 domino
794 1686 846 1720 dante

146 1737 276 1782 benignitatem
297 1743 345 1771 terra
363 1737 441 1772 fructum
460 1739 549 1782 optimum
567 1739 668 1783 protulerit,
687 1739 786 1772 absurdum
804 1747 845 1771 sane

146 1791 212 1824 diutius
220 1790 307 1833 indagare
315 1790 429 1824 arbitramur.
452 1791 499 1825 Cum
507 1797 567 1825 autem
577 1802 610 1825 rex
620 1802 631 1825 a
640 1791 677 1825 filia
686 1792 741 1825 minis
752 1796 770 1825 et
779 1789 846 1824 blandi-

146 1845 175 1877 tiis
189 1843 230 1887 quis
242 1853 283 1876 eam
296 1843 411 1886 grauidasset
424 1843 530 1887 inquireret,
542 1844 602 1877 omnis
613 1844 671 1878 virilis
683 1844 769 1878 consortii
783 1854 803 1878 se
816 1852 846 1875 ex·

145 1902 216 1940 pertem
235 1895 351 1930 iureiurando
370 1900 486 1940 protestatur.
517 1896 604 1930 Offensus
623 1898 683 1941 itaque
702 1908 741 1939 rex,
760 1896 817 1939 legem
836 1903 846 1925 a

119 1961 138 1991 5⁰
146 1949 244 1983 maioribus
252 1948 290 1981 suis
298 1949 442 1992 promulgatam⁸
450 1950 560 1992 prenaricari
568 1960 589 1983 se
597 1949 647 1983 nolle
654 1955 760 1984 constanter
769 1949 845 1983 affirma-

146 2003 181 2037 bat.
205 2001 248 2035 Erat
256 2001 305 2035 enim
313 2002 344 2035 lex
354 2013 364 2035 a
375 2001 439 2036 diebus
449 2002 528 2046 antiquis
539 2003 622 2046 ingente
633 2002 663 2036 illa
674 2007 753 2043 seruata,
760 2006 779 2035 vt
789 1999 845 2044 puella

167 2076 172 2093 ¹
183 2076 243 2107 Collect
253 2080 269 2108 in
276 2078 294 2107 T.
301 2089 305 2107 ε

168 2115 229 2152 Martir
238 2132 294 2159 magne
305 2122 334 2157 dei,
346 2132 385 2160 puer
395 2123 435 2152 alme
448 2123 530 2160 Kenelme,
541 2124 611 2161 superni,
623 2123 689 2153 Deuotis
700 2123 762 2153 famulis
773 2126 799 2151 tua
808 2120 845 2149 festa

146 2162 233 2192 colentibus
240 2162 284 2192 assis.
304 2162 353 2199 Virgo
363 2172 432 2199 sequens
440 2173 497 2200 agnum
506 2163 532 2201 pie
540 2163 594 2193 laudas
603 2163 723 2199 immaculatum,
730 2171 794 2193 cernere
801 2166 845 2197 quern

148 2201 231 2231 tecumfac
238 2211 268 2230 nos
275 2202 309 2230 sine
317 2203 348 2230 fine
355 2212 382 2238 per
389 2212 439 2232 cuum.
461 2202 585 2240 Orapronobis,
833 2236 836 2242 .

168 2234 227 2271 Presta
234 2249 317 2277 quesumus
325 2241 424 2277 omnipotens
432 2242 475 2278 deus,
481 2246 498 2270 ut
504 2243 544 2271 sicut
551 2242 620 2279 gloriosa
627 2243 668 2271 beati
676 2241 749 2271 Kenelmi
756 2241 845 2279 innocencia

115 2309 117 2314 ,
150 2279 201 2318 glorie
207 2283 233 2309 tue
241 2280 299 2309 throno
306 2280 364 2310 assistit
371 2284 452 2317 coronata,
460 2280 482 2309 sic
489 2281 529 2310 tanti
536 2282 603 2310 martiris
610 2283 683 2319 precibus
690 2281 755 2310 ecelesia
762 2277 845 2308 sanctilaos

146 2321 181 2352 luce
188 2320 255 2350 nitescat
262 2320 339 2357 decorata,
347 2329 380 2357 per.

167 2361 173 2378 ²
181 2360 200 2390 ·E.
209 2360 309 2396 Kentegrino
314 2371 318 2396 ;
328 2360 345 2389 T.
354 2361 462 2398 Kentegerno.
515 2361 521 2377 ³
531 2362 560 2390 Ed.
568 2362 583 2390 in
591 2363 611 2391 A.
619 2363 648 2391 SS.
656 2363 696 2392 Boll.
705 2371 723 2397 13
731 2362 763 2390 Ian.
771 2358 790 2388 11.
799 2367 813 2393 p·
821 2353 843 2390 93·

146 2400 228 2438 Abridged
238 2400 278 2429 from
287 2400 314 2429 the
322 2399 359 2430 Vita
368 2400 390 2437 by
400 2400 459 2430 Iocclin
470 2401 488 2430 oi
496 2400 570 2437 Furness,
581 2401 597 2431 in
607 2401 640 2432 MS.
648 2401 701 2431 Vitell.
709 2402 727 2431 C.
734 2399 765 2429 viii.
775 2396 805 2427 and
813 2393 844 2423 MS.

146 2440 204 2470 Archb.
212 2439 266 2468 Marsh
274 2439 332 2468 Dublin
338 2449 352 2468 v.
358 2448 373 2475 3.
380 2449 394 2476 4.
402 2441 425 2477 16,
434 2440 458 2470 ed.
464 2440 480 2469 in
487 2440 573 2471 Pinkerton
578 2442 624 2471 Vitae
630 2442 659 2472 SS.
666 2441 736 2475 Scotiae,
743 2439 785 2476 1789,
791 2445 805 2472 Ρ·
813 2441 844 2479 19¹¹

93 2484 97 2490 “
146 2481 178 2510 and
187 2479 246 2508 Forbes
253 2479 287 2508 The
296 2478 343 2508 Lives
350 2478 368 2508 os
373 2479 389 2508 S.
398 2479 455 2508 Ninian
463 2480 494 2509 and
502 2480 518 2509 S.
526 2480 546 2509 K.
555 2481 603 2518 18713
613 2490 623 2510 a
629 2481 708 2517 fragment
719 2480 737 2508 os
744 2488 764 2507 an
770 2476 814 2505 older
820 2470 844 2500 hle

147 2520 163 2549 in
175 2518 209 2549 its.
221 2518 251 2547 Tit.
261 2518 281 2547 Α,
291 2518 323 2547 xix.
335 2517 345 2546 f.
356 2518 375 2554 76
384 2518 398 2547 is
408 2519 434 2548 ed.
443 2518 465 2556 by
473 2519 535 2555 Forbes,
547 2528 562 2557 p.
574 2528 608 2558 245,
618 2520 671 2550 which
681 2520 695 2549 is
705 2520 732 2548 the
743 2516 784 2546 basis
794 2513 812 2542 os
820 2510 844 2554 ibe

146 2558 203 2595 legend
211 2557 424 2588 offitThenewinAberd.
433 2557 479 2588 Brev.
518 2558 586 2589 ⁴E.ad.
626 2559 672 2590 ⁶om.
714 2549 844 2585 ⁶0m.inT.V¹t·

146 2597 152 2623 l
162 2598 182 2629 ai.
190 2607 220 2630 orn.
261 2597 267 2615 ³
276 2597 294 2628 T.
303 2597 321 2628 E.
329 2597 442 2636 prouulgatam.
