1762 2803
253 113 299 169 be
314 110 415 166 &unctu
429 112 545 173 llltttutu.
706 126 751 169 319

48 233 138 269 accedens
146 231 189 268 illuc
196 232 225 268 vir
232 232 267 277 dei,
275 240 294 268 et
302 232 356 268 flexis
367 243 429 268 eoram
439 232 525 267 omnibus
535 232 558 267 ad
569 232 658 266 orandum
667 232 752 275 genibus,

48 291 140 321 mortuum
152 287 244 331 quendam
256 286 377 329 resuscitauit,
389 291 407 321 et
418 292 521 320 monstrum
533 284 583 328 illud,
591 295 615 319 ex
627 289 670 319 tunc
682 284 751 319 nemini

49 338 157 384 nociturum,
162 339 215 375 iussit
222 339 241 375 in
250 339 359 375 solitudines
366 338 500 375 transmarinas
507 339 601 375 secedere.
619 337 642 373 Et
650 338 752 382 assumptis

49 404 113 428 secum
124 393 221 428 duodecim
232 393 287 428 sociis
298 394 317 428 in
329 393 428 428 solitudine
438 392 489 428 arida
500 402 577 427 manere
588 392 643 437 cepit,
654 396 673 426 et
683 397 751 426 terram

49 447 114 481 baculo
129 446 240 491 percutiens,
255 447 335 482 lucidum
351 447 426 488 sontem,
441 447 508 490 iugiter
525 451 637 488 manantem,
653 445 676 479 de
695 445 770 487 humo5

15 529 17 533 .
49 499 141 542 produxit.
186 492 274 545 Quadam
282 499 364 534 dievidit
375 509 450 533 ceruum
461 500 484 533 ad
495 509 516 533 se
526 499 631 543 fugientem,
640 507 695 543 quern
704 498 752 534 Con·

50 552 126 586 stantini
137 551 232 587 cuiusdam
244 553 305 587 diuitis
317 553 367 587 serui
375 557 473 587 venatores
482 561 524 586 cum
536 551 612 586 canibus
623 552 753 595 sequebantur.

51 604 106 640 Hunc
121 610 196 641 sanctus
211 604 284 651 pietatis
302 604 367 641 affectu
384 604 500 641 conseruauit
515 603 598 647 illesum3
617 610 635 639 et
649 609 753 645 venatores,

50 669 126 693 ceruum
132 660 167 693 sub
172 658 261 693 tutamine
266 658 299 693 viri
306 659 364 693 sancti
369 665 445 703 tangere
450 663 541 700 verentes,
546 669 585 692 rem
592 657 652 692 diuiti¹
659 668 682 692 ex
688 658 753 692 ordine

50 712 157 745 retulerunt.
186 712 221 753 Qui
235 711 339 755 indignatus
353 717 371 745 et
383 712 421 745 acri
434 712 462 745 ira
472 716 568 755 permotus
579 721 621 744 cum
635 709 664 744 dei
678 720 782 744 seruum1o

50 763 112 807 gladio
123 763 177 797 ferire
189 763 282 806 niteretur,
290 763 350 798 subito
360 769 437 808 stupore
447 764 490 798 totis
500 762 589 797 membris
600 761 678 806 diriguit,
686 772 754 806 quous-

51 826 87 859 que
93 815 213 858 humiliatum,
218 816 322 851 interuentu
330 816 414 857 militum,
420 815 456 860 piis
465 815 524 850 sancti
532 814 617 859 precibus
625 815 723 859 persoluit;
735 822 754 849 et

52 867 86 902 sibi
97 873 115 902 et
122 867 187 912 viginti
197 868 285 902 militibus
295 868 334 902 suis
344 869 400 903 fidem
408 868 477 902 Christi
486 868 561 910 docens,
569 878 593 902 ex
604 867 682 902 tirannis
693 867 754 909 mites,

52 927 70 955 et
76 931 99 955 ex
104 920 181 966 paganis
187 921 265 957 reddidit
270 921 385 956 christianos.
423 914 517 966 Epulante
523 931 578 956 seruo
583 920 618 962 dei,
622 932 656 955 vas
663 931 711 967 aque
719 921 754 956 sibi

52 974 157 1019 appositum
165 985 208 1009 casu
216 975 299 1016 concidit,
307 980 325 1009 et
333 975 404 1019 liquore
412 975 471 1009 effuso
481 975 555 1018 signum
563 974 622 1009 crucis
631 975 687 1009 edidit
695 981 713 1009 et
721 986 754 1010 vas
764 988 782 1017 ¹5

52 1028 143 1071 integrum
155 1038 202 1072 aqua
213 1028 289 1072 plenum
303 1027 377 1072 recepit.
401 1028 442 1070 Qua
453 1032 525 1072 gustata
536 1033 555 1061 et
566 1026 653 1062 fratribus
664 1033 754 1071 porrecta,

52 1079 128 1124 liquoris
134 1080 251 1115 dulcedinem
257 1086 343 1125 potantes
350 1081 468 1115 admirantur.
510 1073 619 1124 Aliquando
627 1091 669 1114 cum
677 1081 753 1115 orationi

53 1133 88 1166 sub
103 1133 146 1167 diuo
158 1138 236 1173 vacaret,
252 1139 270 1168 et
286 1133 427 1178 circumquaque
446 1133 561 1167 abundanter
575 1133 651 1177 plueret,
667 1133 755 1168 minima*

53 1185 115 1229 pluuie
129 1191 180 1230 gutta
192 1196 234 1220 eum
249 1197 286 1220 non
302 1185 366 1230 tetigit.
411 1179 499 1231 Quodam
514 1191 599 1230 ternpore
611 1186 651 1219 viro
666 1186 696 1221 dei
712 1198 754 1221 cum

53 1238 133 1280 quodam
140 1240 203 1271 sancto
211 1239 298 1282 episcopo
305 1248 411 1272 sermonem
422 1237 517 1278 saciente³,
525 1248 568 1272 ecce
576 1238 617 1272 miri
626 1238 698 1272 decoris
706 1239 755 1283 palla
764 1251 783 1273 ιο

53 1289 141 1323 intereos
149 1290 172 1324 de
180 1290 220 1324 celo
228 1290 328 1325 descendit.
343 1289 403 1333 Quam
410 1300 451 1324 curn
459 1290 529 1324 honore
536 1290 667 1334 preuenientes
674 1290 754 1326 inuicem

53 1343 160 1377 alterutrum
170 1342 291 1387 porrigerent,
299 1353 401 1388 causasque
408 1342 439 1388 pia
446 1342 561 1378 contentione
569 1349 646 1388 vterque
654 1350 755 1389 exponeret

54 1406 111 1439 quare
119 1396 177 1440 magis
185 1396 259 1432 alterius
267 1408 309 1431 esse
317 1397 403 1431 deberet:
415 1396 477 1432 statim
485 1396 531 1441 ipsis
539 1396 651 1431 intuentibus
661 1404 756 1443 assumpta

54 1454 83 1483 est
94 1449 113 1482 in
129 1449 198 1492 ethera,
212 1454 230 1483 et
245 1454 323 1493 repente
338 1450 427 1484 ambobus
442 1450 486 1484 inde
501 1449 548 1484 sue¹
561 1450 629 1484 emisse
643 1451 757 1486 descendere

54 1501 144 1535 videntur.
196 1495 279 1547 Quidam
298 1502 383 1536 tribunus
401 1502 460 1545 patrie
478 1501 588 1545 grauissimo
605 1502 668 1536 dolore
683 1508 785 1548 torque-25

54 1554 119 1588 batur:
137 1553 166 1588 cui
177 1558 262 1598 soporato
273 1554 338 1589 beatus
350 1553 438 1589 Petrocus
449 1554 539 1598 apparuit,
550 1554 616 1588 iubens
626 1560 646 1588 vt
657 1565 700 1589 reos
711 1566 758 1599 quos

55 1605 126 1640 vinctos
144 1607 218 1641 tenebat
236 1607 260 1640 de
278 1606 362 1641 claustris
385 1605 488 1650 educeret⁵,
504 1612 522 1641 et
544 1606 641 1641 sanitatem
661 1607 758 1652 reciperet.

56 1658 127 1700 Quibus
134 1659 204 1701 solutis,
213 1659 290 1705 pristine
297 1659 393 1693 valitudini
401 1659 490 1695 redditur.
534 1652 607 1695 Mulier
613 1661 692 1704 quedam
704 1662 758 1696 annis

55 1711 139 1756 plurimis
150 1712 220 1746 fluxum
232 1723 322 1757 perpessa
333 1712 433 1757 sanguinis,
441 1713 499 1747 sancti
506 1713 541 1747 viri
548 1718 600 1747 veste
612 1713 694 1748 clanculo
705 1719 758 1757 tacta,

56 1764 153 1800 sanitatem
161 1765 204 1800 fidei
212 1765 277 1800 rnerito
285 1765 385 1810 perlectum
393 1765 467 1810 recepit.
507 1758 584 1801 Dracho
592 1765 666 1811 quidam
674 1777 758 1811 magnus,
767 1782 786 1810 30

56 1828 110 1852 secus
123 1817 163 1852 eius
176 1818 241 1852 cellam
254 1819 379 1852 conuersans⁸
388 1819 407 1852 in
419 1820 501 1859 heremo,
513 1819 563 1861 ligno
574 1819 661 1853 dextrum
673 1820 758 1854 confixus

56 1870 135 1911 oculum,
147 1870 232 1914 deposita
245 1869 324 1903 nocendi
338 1869 403 1904 seuitia
420 1871 444 1905 ad
460 1870 520 1905 locum
535 1870 627 1905 festinauit
639 1871 669 1905 vbi
682 1877 758 1906 sanctus

55 1923 131 1956 vacabat
141 1922 223 1964 orationi,
231 1927 249 1956 et
259 1922 346 1957 inclinato
356 1922 416 1966 capite
425 1922 484 1957 tribus
492 1922 557 1958 diebus
566 1923 620 1958 iacuit
630 1925 688 1958 sancti
696 1930 758 1970 patro·

56 1975 124 2010 cinium
134 1981 240 2019 expectans.
263 1975 299 2017 Qui
309 1975 357 2009 beati
366 1975 438 2010 Petroci
448 1975 499 2010 iussu
510 1977 592 2011 suffusus
603 1977 702 2021 aspergine
711 1978 759 2013 sacta

56 2027 110 2062 latice
121 2028 213 2073 permixto
224 2028 324 2072 pauimenti
336 2029 420 2073 puluere,
431 2029 492 2063 statim
503 2029 521 2063 vi
533 2029 659 2065 medicaminis
671 2036 758 2076 exempto
767 2047 786 2077 35

56 2081 106 2124 ligno
121 2082 144 2115 ab
159 2081 199 2115 eius
214 2081 271 2122 oculo,
284 2091 341 2115 sanus
356 2081 379 2115 ad
394 2080 468 2115 solitum
483 2092 580 2125 regressus
595 2087 624 2116 est
637 2082 759 2119 volutabrum.

58 2126 131 2167 Mulier
138 2134 223 2176 quedam,
231 2138 337 2177 serpentem
346 2133 443 2176 paruulum
452 2144 493 2167 cum
501 2144 548 2179 aqua
558 2134 629 2176 bibens,
638 2145 679 2169 cum
687 2136 732 2170 nihil
740 2137 759 2171 in

57 2196 79 2220 ea
92 2185 158 2220 medici
171 2185 287 2230 proficerent,
300 2187 323 2221 ad
338 2192 422 2221 sanctum
434 2187 495 2221 virum
513 2188 591 2223 adducta
606 2194 639 2223 est.
662 2189 698 2231 Qui
713 2189 760 2225 sacta

57 2238 137 2274 mixtura
144 2244 193 2274 terre
201 2251 222 2274 ac
229 2239 293 2281 laticis,
299 2240 371 2274 mulieri
379 2245 443 2284 potum
452 2240 508 2275 dedit.
527 2241 568 2284 Qua
576 2242 647 2284 hausta,
651 2249 759 2287 serpentem

57 2292 94 2326 iarn
107 2292 215 2337 tripedalem
227 2303 316 2327 euomens
328 2294 361 2328 sed
372 2299 470 2337 mortuum,
482 2293 522 2339 ipsa
535 2294 581 2329 hora
594 2300 669 2340 recepta
681 2295 759 2332 sanitate
768 2310 788 2341 40

58 2345 126 2390 gratias
137 2345 175 2390 egit
186 2346 226 2380 deo.
271 2338 386 2381 Conuocatis
396 2348 470 2381 tandem
478 2347 578 2391 discipulis,
586 2349 609 2382 de
617 2359 662 2383 vera
671 2349 760 2393 religione

58 2398 106 2441 cepit
122 2408 154 2432 eos
169 2398 267 2441 diligenter
281 2398 378 2440 instruere,
395 2404 414 2432 vt
428 2400 460 2443 qui
475 2400 531 2433 seculi
549 2399 626 2444 negocia
644 2400 760 2445 reliquerant,

58 2449 172 2485 seductorias
187 2451 290 2495 voluptates
305 2456 421 2496 respuerent,
437 2452 518 2487 furorem
536 2452 665 2496 reprimerent,
677 2454 761 2499 lugerent

78 2525 83 2542 ¹
94 2524 135 2556 Boll.
143 2525 212 2556 domino.
252 2524 258 2542 ²
269 2524 310 2555 Boll.
318 2534 339 2555 ne
345 2533 377 2555 una
384 2525 457 2563 quidem
467 2536 500 2557 nou
508 2536 539 2557 om.
574 2525 581 2544 ³
591 2526 631 2556 Bell.
638 2528 759 2559 sermocinante.

58 2564 63 2582 ⁴
75 2564 115 2594 Boll.
123 2565 159 2598 due.
219 2564 225 2583 ⁵
235 2564 276 2595 Boll.
283 2564 378 2603 absolveret,
385 2566 405 2595 de
413 2574 426 2597 c.
433 2574 464 2597 om.
524 2566 530 2584 ⁰
540 2565 582 2597 Boll.
589 2567 681 2598 convolans.
