1762 2803
132 163 175 204 214
319 149 400 201 mona
416 147 531 209 bonomo
547 146 639 208 santio.

132 280 191 314 egeno
203 269 322 304 elemosinam
334 271 403 313 petenti
417 270 469 304 iussit
481 270 604 305 Columbanus
616 268 677 303 cibum
689 266 733 302 dari.
756 266 779 300 Et
791 275 832 300 cum

133 322 214 356 audisset
220 333 252 355 eos
258 328 320 366 preter
326 323 427 356 modicum¹
432 323 489 356 farine
496 323 551 356 nichil
557 323 630 362 habere,
635 320 687 353 iussit
693 325 751 353 totum
757 317 833 362 pauperi

133 375 177 417 dari,
186 375 323 418 necquicquam
334 374 353 408 in
363 376 463 409 crastinum
471 374 567 409 reseruari.
590 372 679 408 Membris
687 373 761 406 tandem
770 380 833 404 eorum

133 428 200 461 ieiunio
213 427 296 461 triduano
311 427 370 468 fessis,
385 427 492 470 superuenit
507 427 587 471 quidam,
600 438 610 460 a
623 425 697 459 domina
711 436 744 458 sua
759 422 834 456 nomine

117 479 210 521 5Procula
223 479 308 522 directus,
321 480 352 523 qui
365 481 458 514 dominam
471 492 523 514 suam
536 480 622 514 diuinitus
634 479 746 520 admonitam
758 476 803 511 dixit
815 480 835 510 vt

134 538 217 577 sumptus
229 538 292 566 sancto
304 534 334 566 dei
346 533 459 567 Coiumbano
471 538 489 567 et
500 533 554 568 sociis
566 533 606 567 eius
617 533 714 576 dirigeret:
729 530 835 572 Obtulitqne

134 591 207 619 eentum
214 587 284 619 modios
289 585 326 619 vini
333 590 351 618 et
357 586 445 618 ducentos
453 585 545 628 frumenti,
550 587 583 619 sed
590 591 607 618 et
615 585 670 618 brasii
678 584 749 618 modios
755 587 835 616 centum.

135 638 161 673 ibi
169 637 219 673 enim
227 638 314 672 mulieres
322 638 367 671 duas
375 648 386 671 a
394 638 503 672 demonibus
511 648 608 681 possessas
618 648 651 672 sua
659 648 714 681 prece
722 636 775 671 saluti
783 634 835 668 resti-

134 691 172 726 tuit.
196 691 240 724 Post
252 692 286 730 hec
298 691 412 724 namurensis
424 691 522 734 episcopus
534 696 552 724 et
564 701 625 724 comes
637 691 711 733 quidam
723 690 774 723 iuxta
787 688 836 731 regis

108 755 127 775 10
135 743 232 788 imperium
246 744 318 777 beatum
330 744 390 777 virum
405 754 447 777 cum
460 744 515 776 sociis
528 745 551 777 ad
565 743 674 777 Hiberniam
688 742 773 785 nauigare
787 751 836 774 com-

135 798 210 840 pellunt.
233 796 316 839 Cumque
329 796 401 838 longius
413 807 447 839 per
459 806 509 828 mare
523 796 645 840 nauigassent‚
656 801 722 829 ventus
735 793 837 828 contrarius

135 850 233 893 insurgens
252 850 275 882 ad
290 853 363 892 portum
378 848 401 882 de
416 860 453 892 quo
468 848 551 882 exierant
567 859 599 882 eos
614 849 674 881 redire
689 848 741 891 cogit.
769 846 837 879 Eiectis

136 902 221 935 omnibus
229 912 265 945 que
272 900 307 935 viri
315 901 344 934 dei
352 907 409 943 erant,
418 907 436 934 et
444 900 524 944 egressis
532 901 561 934 dei
572 900 636 942 seruis,
643 905 710 934 ventus
720 901 743 934 ad
751 899 837 943 placitum

137 956 216 997 rediens
224 966 260 998 quo
269 959 323 988 naute
330 954 416 988 volebant
425 964 514 997 prospere
522 964 588 988 nauem
596 955 691 988 traducere
699 953 745 987 fecit.
791 945 838 986 Per-

110 1019 128 1049 15
137 1009 185 1041 rexit
192 1018 236 1049 ergo
244 1007 368 1040 Coiumbanus
379 1008 402 1040 ad
414 1018 476 1049 regem
486 1007 597 1049 Lotharium,
606 1007 696 1050 Hiiperici
705 1007 768 1047 filium,
776 1005 807 1048 qui
819 1004 837 1037 in

138 1058 240 1094 Austrasiis
249 1059 360 1101 Francisque
370 1060 468 1102 regnabat;
480 1070 535 1101 aquo
545 1060 644 1094 honorifice
655 1064 756 1102 susceptus,
765 1062 839 1101 rogatur

138 1117 157 1146 vt
169 1111 228 1146 intra²
239 1112 291 1155 regni
304 1111 333 1145 sui
344 1111 432 1145 terminos
444 1111 529 1144 resideat.
552 1112 585 1146 iiie
594 1122 643 1154 vero,
653 1122 677 1145 ne
688 1112 734 1146 sorte
744 1109 838 1144 inimicitie

138 1176 202 1208 regum
214 1164 329 1197 occasionem
340 1164 383 1195 dare
393 1164 491 1205 videretur,
499 1163 517 1196 in
529 1164 573 1197 locis
584 1164 620 1197 iilis
632 1164 699 1197 morari
710 1163 772 1197 noiuit.
795 1162 839 1195 Cor-

138 1223 202 1261 reptus
210 1221 238 1249 est
246 1217 269 1250 ab
277 1227 299 1249 eo
307 1227 341 1249 rex
349 1216 372 1248 de
380 1216 488 1258 quibusdam
495 1217 593 1259 erroribus,
600 1223 618 1250 et
626 1217 704 1260 spondet
712 1227 733 1250 se
741 1216 791 1249 iuxta
800 1214 839 1248 eius

112 1281 131 1302 20
139 1269 237 1315 imperium
245 1270 306 1304 omnia
316 1269 462 1303 emendaturum.
486 1268 562 1303 Interim
570 1271 627 1303 oritur
638 1270 660 1302 iis
671 1270 694 1302 de
705 1268 757 1312 regni
768 1267 796 1302 sui
804 1272 839 1300 ter-

139 1324 194 1357 minis
209 1323 258 1356 inter
272 1333 326 1366 reges
339 1321 474 1355 Theodericum
489 1327 507 1355 et
522 1322 676 1365 Theodebertum,
693 1328 711 1356 et
725 1328 802 1365 vterque
817 1320 839 1353 ad

140 1375 246 1410 Lotharium
256 1376 325 1421 legatos
334 1374 394 1416 dirigit
404 1380 422 1407 et
433 1374 520 1408 auxilium
528 1376 612 1417 postulat.
635 1375 696 1418 Super
704 1386 739 1419 quo
748 1385 789 1408 eum
797 1384 840 1407 con-

139 1429 200 1462 silium
208 1438 218 1460 a
226 1428 279 1461 beato
287 1428 326 1460 viro
334 1428 432 1469 quesisset,
440 1427 564 1461 Coiumbanus
574 1427 681 1470 prophetico
689 1427 753 1470 spiritu
761 1426 841 1468 repletus

141 1481 171 1523 ait,
179 1479 249 1514 neutris
259 1491 280 1513 se
290 1479 329 1512 fore
339 1477 441 1522 pariturum
449 1478 534 1521 consiliis,
543 1490 595 1513 suam
604 1480 652 1512 intra
659 1478 732 1512 triennii
741 1484 815 1522 tempus
823 1476 841 1510 in

113 1544 131 1573 ²5
142 1534 229 1567 ditionem
235 1531 379 1575 vtrorum[que]³
387 1542 443 1574 regna
450 1532 519 1565 venire.
541 1532 611 1566 Videns
618 1543 656 1574 rex,
663 1543 673 1565 a
679 1532 718 1565 viro
725 1531 754 1565 dei
760 1530 802 1564 talia
807 1529 842 1564 sibi

143 1585 250 1630 prophetico
258 1596 289 1618 ore
300 1584 341 1625 dici,
349 1583 409 1616 neutri
415 1594 481 1626 parere
488 1583 550 1626 voluit,
558 1584 602 1618 seri4
610 1584 722 1628 promissum
728 1590 801 1627 tempus
808 1582 842 1615 sibi

144 1639 220 1672 feliciter
229 1636 338 1681 expectauit.
384 1628 478 1679 Egressus
488 1636 531 1670 inde
538 1638 566 1671 vir
574 1637 609 1679 dei,
617 1648 657 1671 cum
668 1637 748 1671 Parisius
756 1636 842 1677 venisset,

142 1693 161 1725 in
172 1690 223 1726 vrbis
234 1696 286 1734 porta
297 1689 424 1723 demoniacum
436 1690 510 1723 curauit.
534 1690 557 1724 Et
565 1690 642 1724 veniens
653 1691 676 1723 ad
688 1701 750 1734 regem
758 1690 843 1723 Theode-

105 1751 107 1755 ’
142 1746 220 1786 bertum,
229 1744 288 1777 iocum
297 1742 370 1776 nomine
380 1742 486 1785 Brigancias
495 1743 545 1776 iuxta
554 1744 627 1777 Renum
635 1744 657 1776 ad
665 1744 809 1777 construendum
819 1742 843 1775 ibi

115 1796 273 1834 somonasterium
289 1797 311 1830 ab
325 1806 347 1829 eo
361 1795 434 1838 recepit.
457 1795 480 1829 Et
492 1795 557 1830 videns
572 1797 661 1839 quosdam
676 1796 785 1831 sacrificium
801 1806 844 1838 pro-

143 1851 224 1895 phanum
238 1848 301 1883 litare⁵
316 1848 369 1889 velle,
382 1858 451 1891 vasque
465 1858 552 1892 magnum
565 1849 629 1893 viginti
640 1850 743 1883 modiorum
755 1848 843 1883 ccruisia⁶

142 1904 217 1947 pienum
228 1902 246 1934 in
257 1901 318 1934 medio
329 1900 414 1943 positum,
423 1900 525 1933 sciscitatur
533 1902 576 1945 quid
585 1903 608 1934 de
619 1913 641 1934 eo
651 1902 712 1935 facere
719 1902 792 1935 veilent.
816 1900 843 1933 iiii

94 1963 96 1966 ’
142 1961 203 1989 autem
215 1954 300 1988 dixerunt
312 1964 332 1987 se
344 1953 379 1986 deo
390 1964 424 1987 suo
435 1952 515 1996 Woden,
527 1964 582 1997 quem
595 1954 706 1988 Mercurium
715 1959 786 1997 vocant,
796 1953 844 1988 veile

142 2008 200 2041 litare.
224 2007 256 2040 Ille
271 2005 379 2050 pestiferum
390 2016 441 2049 vopus
454 2007 536 2048 audiens,
548 2007 567 2041 in
580 2018 625 2041 vase
640 2008 711 2042 sufflat:
728 2013 746 2041 et
761 2007 844 2050 protinus

116 2071 134 2100 55
143 2061 250 2096 dissoluitur
257 2065 275 2094 et
283 2071 317 2103 per
325 2059 392 2092 irusta⁷
399 2060 486 2093 diuiditur
492 2071 524 2093 vas
531 2071 572 2094 cum
578 2061 648 2105 liquore
654 2066 696 2095 toto.
715 2060 804 2094 Videntes
810 2060 845 2093 hoe

143 2114 220 2155 barbari,
229 2113 324 2157 stupefacti
332 2113 417 2146 dixerunt
427 2123 514 2156 magnum
522 2114 573 2148 ilium
582 2115 649 2148 habere
657 2114 768 2148 anhelitum⁸
777 2114 808 2157 qui
819 2114 845 2147 sic

144 2171 207 2211 posset
219 2167 320 2200 dissoluere
331 2175 364 2198 vas
376 2165 492 2209 ligaminibus
503 2168 599 2200 munitum.
622 2166 690 2199 Multos
702 2177 765 2200 eorum
777 2167 804 2200 vir
816 2167 845 2200 dei

143 2221 166 2254 ad
180 2220 235 2253 fidem
248 2219 342 2260 conuertit,
355 2222 372 2251 et
387 2218 486 2252 instructos
502 2219 603 2262 baptizauit.
649 2212 736 2263 Degente
751 2219 781 2252 ilio
797 2220 845 2262 apud

145 2272 259 2317 Briganciam
268 2282 309 2306 cum
318 2271 361 2312 suis,
369 2275 406 2304 tam
414 2272 460 2304 dure
468 2272 554 2315 egestatis
564 2277 638 2316 tempus
648 2272 696 2306 inter
704 2272 769 2305 fratres
779 2272 846 2314 euenit,

116 2331 163 2362 40vt
176 2335 210 2368 per
223 2326 302 2358 triduum
316 2324 371 2367 quid⁹
382 2325 499 2358 comederent
513 2335 550 2358 non
565 2326 659 2359 haberent.
686 2325 747 2358 Tertio
759 2335 803 2358 vero
816 2325 846 2358 die

145 2378 206 2412 euenit
218 2383 267 2412 tanta
279 2378 331 2421 copia
343 2377 411 2420 alitum,
422 2377 472 2411 velut
484 2377 608 2412 israelitarum
620 2383 679 2412 castra
691 2379 774 2413 coturnix
780 2378 792 2398 ¹⁰
803 2379 846 2414 oiim

146 2432 226 2475 operuit3
239 2433 263 2465 ita
274 2436 293 2465 vt
306 2441 380 2464 omnem
392 2441 460 2474 pagum
472 2431 507 2464 ioci
519 2431 567 2465 iliius
579 2432 641 2464 auium
653 2430 749 2464 multitudo
761 2432 847 2476 repleret.

166 2514 293 2544 ¹Vit.modium,
326 2513 438 2544 ⁹T,E.insra.
473 2512 613 2544 ³T.E.vtr0rn1n.
648 2512 682 2542 ⁴E.
690 2523 712 2543 se.
748 2513 845 2546 inilibare.

146 2554 257 2599 ⁶T.seru1sia.
291 2554 325 2584 7Ε.
335 2554 396 2584 frustra.
430 2554 553 2585 ³T,aneiitum.
593 2552 764 2592 ⁹T.quid;E.quod.
805 2555 816 2574 ¹⁰
828 2555 846 2587 E.

147 2598 236 2623 ςοηῖυτηικ»
