1762 2803
121 98 171 153 *458
318 94 398 147 ranno
413 91 530 155 leretur
544 90 636 154 turtio.

128 225 193 251 omnes
206 215 315 251 vernaculos
329 215 394 250 domus
406 225 439 249 sue
450 213 554 257 specialiter
565 214 633 249 dilexit.
683 206 758 248 Accidit
769 212 830 257 itaque

128 270 177 314 quod
189 267 237 304 idem
248 268 276 304 vir
285 274 327 304 voto
338 280 359 303 se
370 267 461 313 obligauit,
469 269 561 304 dominice
573 268 664 314 passionis
674 268 748 303 visitare
758 268 829 302 locum:

129 323 230 367 disponens
238 322 300 356 domui
308 333 346 364 sue,
354 322 425 356 vocauit
433 326 498 355 seruos
506 333 550 356 suos
558 328 575 356 et
586 321 659 356 tradidit
669 321 705 355 illis
713 321 774 355 omnia
782 321 830 354 bona

129 386 167 410 sua.
191 375 214 409 Et
222 375 282 410 audita
290 377 368 420 quadam
378 374 434 419 [die]¹
442 386 558 420 magnacum
566 375 664 410 deuotione
672 374 760 410 catholica
768 374 831 416 missa,

112 430 171 469 5fecit
182 429 217 462 sibi
228 435 247 462 vt
259 429 314 461 moris
327 434 356 461 est
368 428 508 471 peregrinorum
519 439 584 472 peram
594 434 613 462 et
624 428 708 462 baculum
722 426 831 466 consecrari,

129 487 148 516 vt
159 481 220 516 statim
234 481 386 525 proficisceretur,
399 491 436 515 non
448 481 536 524 ignorans
548 483 635 525 quoniam
647 491 682 525 per
696 482 763 515 multas
776 479 831 513 huius

129 536 222 570 mundane
234 533 363 569 lachrimarum
375 534 428 569 vallis
443 534 569 570 tribulationes
584 540 656 580 oportet
671 545 705 569 nos
720 533 796 568 introire
811 533 831 566 in

130 599 207 632 regnum
219 588 311 622 celorum:
327 594 438 632 acceptaque
449 589 471 622 ab
483 588 533 622 omni
546 589 612 623 domus
625 598 659 622 sue
672 588 740 621 familia
753 586 831 627 licentia,

130 641 252 683 omnibusque
270 646 308 674 tam
322 641 387 674 vicinis
406 651 460 683 quam
480 641 620 683 consanguineis
635 641 745 682 valedicens,
760 639 831 672 itineris

104 706 123 727 10
131 693 216 727 comitem
224 692 295 726 nullum
303 703 366 727 secum
373 693 448 727 adduxit
456 697 518 737 preter
524 698 702 737 supramemoratum
708 691 832 733 inuenticium,

131 746 150 779 in
159 756 201 790 quo,
208 752 296 789 tanquam
306 752 360 790 pater
370 746 488 780 fidelissimus
498 746 628 790 piissimusque
638 746 657 779 in
667 745 705 779 filio
715 755 749 779 suo
759 745 832 785 carnali,

131 799 240 834 confidebat.
264 798 308 833 Erat
316 804 377 833 autem
385 809 452 832 nomen
459 809 514 832 seruo
522 798 625 843 Cokermay
631 798 708 841 Doueni,
715 799 763 842 quod
771 798 833 842 lingua

132 852 258 888 Scotensium²
264 852 378 886 ‘inuentitius
386 851 453 886 Dauid'
460 852 594 896 interpretatur.
607 852 638 887 Sic
643 852 671 887 vir
676 851 833 894 israelita,Clrristi

132 906 214 945 coheres,
226 915 312 948 egressus
324 906 347 938 de
358 911 408 938 terra
419 910 438 938 et
449 907 472 938 de
484 904 591 947 cognatione
603 915 642 947 sua,
653 905 726 948 reliquit
737 904 803 937 fratres
814 909 833 936 et

105 971 123 1001 ¹5
132 966 210 998 sorores,
216 957 357 1000 uniuersamque
365 956 486 990 substantiam
494 955 552 998 suam,
560 962 579 990 vt
588 957 694 1001 centuplum
702 957 802 1000 acciperet:
815 962 833 990 et

132 1010 224 1053 profectus
232 1014 260 1043 est
271 1009 337 1044 statim.
360 1009 485 1044 Transeuntes
495 1014 557 1044 autem
566 1009 644 1054 primam
655 1016 673 1044 et
684 1011 783 1045 secundam
791 1020 834 1054 pro-

132 1063 216 1104 uinciam,
227 1062 293 1106 viaque
305 1061 356 1106 regia
367 1073 401 1107 per
411 1062 499 1106 Angliam
510 1063 621 1105 incedentes,
633 1068 723 1098 venerunt
735 1063 758 1096 ad
769 1064 833 1096 vrbem

133 1116 248 1156 Roffensem,
264 1125 300 1159 que
317 1115 412 1150 Saxonum
431 1115 493 1158 lingua
510 1115 631 1150 Roffecestria
649 1120 770 1158 nuncupatur.
800 1115 834 1149 Est

132 1174 194 1201 autem
210 1167 264 1201 Roffa
283 1168 402 1210 municipium
416 1168 435 1200 in
450 1168 517 1201 Caneie
532 1168 631 1211 prouincia,
646 1178 703 1212 super
718 1168 834 1212 Medweyam

106 1238 125 1260 20
133 1230 206 1256 amnem
221 1220 290 1265 optimo
305 1220 345 1255 loco
360 1220 421 1262 situm,
434 1220 504 1255 distans
520 1222 542 1255 ab
557 1221 602 1255 urbe
618 1220 754 1255 Londoniarum
766 1219 834 1263 Anglie

133 1273 230 1317 metropoli
242 1273 306 1317 viginti
318 1278 395 1318 quatuor
406 1272 506 1307 miliaribus
517 1284 583 1308 versus
595 1273 733 1317 Doroberniam,
742 1284 778 1318 que
789 1274 835 1307 anti-

133 1326 194 1371 quitus
203 1326 314 1369 Kaerkaree,
321 1338 369 1361 nune
377 1332 438 1361 autem
445 1327 541 1361 Cantuaria
549 1332 668 1371 nuncupatur.
692 1327 739 1362 Cum
746 1332 808 1361 autem
816 1327 835 1360 in

112 1412 113 1416 ,
133 1381 178 1415 vrbe
189 1380 294 1425 supradicta
304 1386 420 1414 morarentur
431 1391 465 1424 per
475 1380 560 1424 triduum,
568 1386 619 1415 artus
630 1381 698 1416 solutos
706 1386 725 1415 vt
734 1381 787 1425 quies
794 1380 835 1415 vsui

133 1434 201 1468 laboris
215 1440 268 1477 aptos
281 1435 377 1468 redderet:
393 1435 466 1468 intrauit
480 1435 566 1468 sathanas
580 1434 599 1468 in
611 1445 643 1468 cor
655 1435 705 1469 serui
718 1445 803 1477 nequam,
815 1440 834 1467 vt

108 1502 126 1531 ²5
135 1487 213 1520 auaricie
225 1486 329 1520 deebriatus
340 1497 417 1527 veneno,
425 1492 504 1520 mortem
516 1487 590 1520 domino
602 1497 636 1520 suo
647 1486 721 1529 penitus
732 1486 835 1519 intentaret.

135 1538 228 1580 Querebat
240 1543 301 1572 autern
312 1536 403 1581 paricida³
414 1538 496 1582 proditor
506 1538 647 1582 oportunitatem
655 1544 674 1572 vt
684 1549 726 1572 eum
736 1538 836 1582 perimeret

135 1591 175 1625 sine
192 1590 256 1633 turbis,
273 1601 297 1625 ne
314 1591 360 1626 torte
378 1591 466 1626 tumultus
485 1591 537 1626 fieret
554 1591 574 1625 in
590 1591 664 1635 populo.
694 1592 738 1627 Post
755 1592 836 1626 triduum

135 1644 252 1689 egredientes
264 1644 287 1677 ab
297 1644 342 1678 vrbe
352 1654 417 1678 versus
429 1644 550 1686 Cantuariam,
559 1655 601 1678 cum
614 1644 651 1688 [ad]
663 1645 755 1689 quoddam
766 1644 836 1678 binium

135 1696 269 1742 peruenissent,
278 1697 331 1732 beato
339 1696 432 1732 Willelmo
442 1698 491 1732 viam
502 1703 571 1731 rectam
581 1708 657 1740 carpere
667 1698 741 1738 volenti,
750 1709 784 1740 pre
794 1708 837 1740 per-

108 1764 128 1793 30
136 1751 179 1784 fidia
184 1749 267 1793 proditor
272 1750 334 1792 pellax
341 1749 400 1792 [h]aut
405 1749 411 1768 ⁴
417 1749 474 1793 potuit
480 1749 603 1793 acquiescere,
609 1750 642 1782 sed
650 1749 701 1783 illum
707 1749 779 1793 procaci
785 1750 836 1784 vultu

136 1801 237 1847 respiciens
252 1801 308 1837 dixit:
326 1802 359 1836 ‘Vt
374 1803 418 1847 quid
431 1803 460 1837 vie
473 1802 552 1847 perditio
565 1803 611 1836 hee?
633 1802 657 1836 Vt
669 1802 713 1847 quid
726 1803 745 1837 in
758 1813 836 1838 uacuum

135 1855 259 1890 laborauimus
270 1855 319 1890 viam
330 1862 399 1890 rectam
411 1857 519 1898 deserendo,
528 1866 582 1900 quarn
594 1856 639 1899 heri,
650 1857 693 1890 dum
705 1857 727 1890 ad
739 1857 837 1891 missarum

135 1909 185 1944 suisti
196 1909 290 1950 solemnia,
298 1909 321 1943 ab
331 1909 395 1943 incolis
403 1908 458 1944 huius
468 1910 562 1953 prouincie
571 1909 636 1944 didici?
659 1909 713 1943 Absit
720 1914 740 1944 vt
748 1920 782 1953 per
789 1908 837 1943 viam

136 1973 191 2006 quarn
197 1962 292 1996 desideras
299 1963 409 2006 gradiamur,
416 1974 439 1996 ne
445 1963 491 1997 sorte
496 1963 564 2007 aliquid
570 1964 669 1997 aduersum
675 1962 729 1997 nobis
735 1962 838 2006 contingat?

109 2028 127 2059 55
137 2016 177 2050 Hec
185 2019 203 2050 et
214 2015 249 2049 alia
259 2015 352 2058 superssua
360 2026 459 2050 susurrone
467 2017 561 2058 suadente,
570 2026 633 2049 secum
640 2015 743 2059 intrepidus
751 2014 838 2059 perrexit.

138 2068 293 2101 Euntibusautem
299 2068 335 2100 illis
341 2077 375 2110 per
381 2068 508 2109 deuia,nactus
514 2073 542 2102 est
548 2067 642 2112 proposito
648 2071 722 2111 tempus
728 2072 838 2110 oportunum

137 2131 201 2155 scurra
211 2120 309 2155 subdolus:
322 2119 437 2164 securimque
445 2120 520 2155 vibrans
531 2120 605 2164 spurius
615 2124 634 2152 et
644 2120 725 2164 degener
735 2120 839 2165 alumpnus,

137 2172 241 2217 piissimum
253 2177 324 2216 patrem
336 2178 354 2206 et
367 2173 490 2218 peregrinum,
502 2173 644 2218 penitentialiter
655 2173 808 2218 progredientem,
819 2173 838 2206 in

138 2226 214 2271 occipite
226 2225 322 2269 percussit,
334 2237 443 2271 percussum
452 2231 600 2272 prostratumque
610 2225 719 2261 imbecillem
730 2225 839 2271 impiissime

110 2294 131 2324 40
138 2279 231 2323 iugulauit.
254 2278 321 2322 Sicque
329 2289 387 2322 agnus
395 2280 484 2314 innocens
493 2280 518 2323 [a]
526 2280 569 2323 lupo
577 2279 670 2322 laceratur,
679 2279 705 2314 sic
715 2290 794 2323 granum
802 2280 839 2313 fru-

138 2331 196 2365 menti
204 2331 272 2363 cadens
280 2330 299 2362 in
306 2334 375 2363 terram
382 2337 479 2373 mortuum,
485 2341 556 2365 necnon
564 2331 672 2374 proditionis
678 2341 775 2376 opressum
781 2331 839 2376 palea,

139 2385 217 2420 multum
227 2382 306 2416 fructum
316 2382 379 2425 affert;
391 2382 417 2417 sic
424 2383 473 2418 beati
480 2383 569 2418 Willelmi
577 2384 656 2427 spiritus
664 2395 751 2427 egressus
757 2385 781 2419 de
789 2390 840 2419 tene·

139 2437 177 2474 bris
189 2441 207 2472 et
219 2436 284 2471 vmbra
295 2437 365 2478 mortis,
377 2435 454 2470 amictus
465 2442 494 2471 est
505 2437 574 2471 lumine
585 2437 631 2472 sicut
642 2434 758 2480 vestimento,
769 2443 787 2472 et
798 2435 840 2481 quia

206 2554 253 2585 ¹om.
316 2553 457 2587 ²E.scotentiurn.
517 2553 552 2586 ³13.
563 2555 641 2594 patricidia
701 2556 736 2588 ¹12.
745 2559 776 2588 aut.
