1762 2803
265 131 310 187 Bt
325 128 426 183 ῧᾶηῐῒῦ
440 129 587 186 Ώῑῑῐῖβΐᾶηῦ.
733 143 774 185 291

75 259 131 284 cens:
144 250 235 292 ‘vidistis,
244 250 273 292 ait,
281 250 319 293 filii,
327 249 405 291 vidistis,
416 249 525 291 charissimi,
533 259 570 293 quo
580 258 611 283 me
620 248 667 282 deus
675 253 733 290 vocat,
741 257 778 291 quo

75 301 173 337 ineffabilis
184 303 225 337 dei¹
236 301 362 338 misericordia
374 301 443 335 inuitat.
466 301 537 336 Semita
548 300 619 335 itineris
631 300 667 335 mei
678 311 712 345 pre
721 299 778 335 oculis

76 359 150 389 ostensa
158 361 186 390 est
192 356 251 398 vobis,
258 361 278 390 vt
288 355 350 390 nullus
357 360 440 389 vestrum
449 355 472 389 de
483 354 556 399 premio
566 354 642 395 diffidat,
650 354 681 398 qui
688 354 726 388 vite
737 363 779 387 mee

76 407 156 452 diligens
163 414 242 444 sectator
249 409 334 444 extiterit.
357 408 436 443 Sursum
445 413 474 442 est
484 409 532 453 quod
544 408 650 453 amplector,
659 418 733 442 sursum
743 417 779 451 quo

76 462 155 506 gradior.
178 463 242 498 Estote
257 474 301 507 ergo
315 462 352 497 vite
367 462 473 504 imitatores,
487 462 502 497 si
516 462 587 497 itineris
602 462 639 497 mei
654 461 721 506 cupitis
737 470 797 501 esses

76 520 182 550 sectatores.
205 515 388 558 Nolitebonivideri‚
396 516 429 550 sed
437 526 485 550 esse.
508 516 549 550 Hoc
560 515 609 550 enim
620 515 721 550 maximum
731 514 780 549 inter

77 567 162 603 homines
169 569 237 604 malum
246 575 274 605 est
283 569 332 614 quod
343 579 408 604 omnes
419 569 494 613 cupiunt
503 568 546 604 boni
553 568 612 604 videri
623 574 641 604 et
651 580 694 604 csse
704 568 779 609 nolunt3

77 620 122 655 nulli
133 622 196 656 volunt
208 622 251 657 mali
262 622 326 664 videri,
337 626 356 656 et
368 622 433 656 nolunt
446 633 483 656 non
497 633 539 656 esse
552 621 600 656 mali.
623 621 690 656 Pacem
705 629 780 666 semper

77 675 177 709 sectamini.
201 676 277 710 Predico
285 676 340 710 etiam
347 675 405 717 vobis,
413 676 517 720 Anglorum
526 681 601 720 gentem
612 675 651 709 dira
662 686 683 709 ac
694 675 779 709 diuturna

77 727 125 761 mala
137 729 160 762 ab
171 729 241 764 exteris
252 730 338 773 gentibus
350 739 392 763 esse
403 739 506 772 passuram,
517 728 550 763 sed
562 728 581 762 in
593 728 630 762 fine
641 728 712 763 dierum
724 728 807 762 mise-10

77 780 167 815 rationem
175 782 205 815 dei
212 792 269 827 super
276 782 326 816 illam
333 781 452 815 stillaturam:
471 781 494 815 Et
501 781 583 815 extensis
590 782 614 815 ad
621 781 681 815 celum
688 781 780 823 manibus,

77 833 125 867 inter
136 835 193 869 verba
206 835 293 869 orationis
306 833 355 869 videt
368 833 409 868 illos
422 833 453 878 qui
466 844 487 868 se
500 835 523 868 ad
536 833 604 868 celeste
617 833 721 867 conuiuium
734 832 781 867 inui-

77 891 162 920 tauerant
173 888 237 922 beatos
250 888 325 931 angelos
339 886 452 926 assistentes,
465 891 483 919 et
495 886 564 919 celeste
579 885 604 919 illi
619 885 728 930 obsequium
740 895 781 929 pre-

78 944 169 982 parantes.
192 939 275 981 Quorum
286 938 392 973 veneranda
403 937 497 981 presentia
509 937 552 971 felix
565 937 626 970 anima
637 937 685 971 illius
696 938 720 971 de
730 937 782 971 habi-

78 991 138 1025 taculo
148 992 231 1036 corporis
242 991 324 1036 egressa,
337 991 360 1024 ad
374 990 533 1035 contemplandam
547 990 606 1024 eterni
619 990 669 1035 regis
682 990 782 1025 claritatem
792 999 809 1030 15

78 1055 121 1078 cum
131 1044 167 1078 illis
177 1045 258 1089 prolecta
268 1050 302 1087 est,
313 1044 361 1079 ‚xiiii
371 1043 406 1077 kal.
416 1043 466 1085 iunii,
475 1049 494 1078 et
503 1043 522 1078 in
534 1043 612 1078 ecclesia
622 1044 723 1078 Saluatoris
735 1044 782 1079 Can·

78 1096 137 1131 tuarie
152 1109 194 1131 cum
209 1109 276 1142 magno
291 1098 362 1131 honore
377 1096 470 1140 sepelitur.
520 1089 567 1131 Post
582 1095 634 1130 eius⁹
648 1096 698 1130 enim
713 1096 782 1130 obitum

79 1150 104 1183 ita
119 1150 180 1183 omnia
195 1150 214 1184 in
229 1150 340 1184 contrarium
355 1160 410 1183 versa
424 1154 472 1189 sunt,
487 1154 506 1183 vt
522 1149 613 1183 Dunstani
627 1154 705 1183 mortem
721 1149 783 1183 omnia

79 1202 153 1245 deflere,
165 1213 199 1237 nec
211 1203 250 1237 eius
262 1201 364 1237 absentiam
375 1201 407 1236 se'
420 1201 469 1236 serre
481 1212 537 1246 posse
547 1201 658 1236 viderentur.
680 1202 698 1236 A
710 1211 783 1236 summa

80 1254 148 1300 quippe
163 1266 209 1300 pace
224 1255 244 1290 fit
259 1253 376 1290 commutatio
393 1254 416 1288 ad
431 1253 551 1289 intollerabile
566 1254 640 1298 bellum,
654 1254 677 1289 ab
691 1254 811 1289 immensam

80 1307 141 1343 leticia
150 1309 173 1343 ad
183 1308 265 1344 omnium
276 1319 338 1344 rerum
350 1307 475 1352 indigentiam.
498 1307 582 1353 Denique
590 1318 622 1344 aer
629 1308 669 1353 ipse
677 1308 783 1344 immutatus

80 1366 114 1404 est,
122 1362 182 1395 celum
190 1373 227 1396 non
235 1362 328 1397 exaudiuit
338 1361 427 1404 tellurem,
435 1372 470 1395 nec
478 1361 532 1395 tellus
540 1371 562 1395 ea
570 1372 606 1405 que
616 1361 753 1396 seminabantur
763 1361 783 1395 in

80 1426 107 1448 ea.
130 1414 208 1449 Hostilis
219 1415 299 1448 incursio
311 1413 384 1448 sedam*
394 1414 462 1458 vbique
474 1414 538 1448 faciem
550 1413 653 1458 dereliquit,
665 1415 709 1448 dum
719 1424 783 1448 eorum

80 1468 181 1511 irruptione
197 1469 254 1503 vrbes
271 1468 392 1510 diruerentur,
408 1467 485 1502 ecclesie
502 1467 631 1512 spoliarentur,
646 1473 664 1501 et
679 1468 785 1502 sacerdotes

81 1520 151 1554 domini
161 1521 184 1554 de
193 1525 242 1554 terra
251 1513 443 1555 delerentur.—Vir
450 1520 525 1564 quidam
536 1525 554 1554 et
562 1520 640 1554 mulier⁶
647 1521 702 1564 longa
709 1521 784 1555 cecitate
793 1527 812 1558 25

80 1573 169 1617 percussi,
183 1573 234 1606 iuxta
247 1573 366 1618 sepulchrum
380 1572 438 1606 sancti
452 1572 544 1607 Dunstani
557 1572 624 1617 vigiliis
639 1578 657 1606 et
672 1573 785 1606 orationibus

81 1626 193 1668 insistentes,
207 1626 289 1671 perfecte
304 1625 377 1660 sanitati
392 1626 463 1660 restitui
478 1632 591 1661 meruerunt.
636 1619 733 1661 Presbiter
745 1626 786 1671 qui-

82 1680 130 1722 dam,
141 1679 190 1714 inter
200 1690 245 1715 suos
257 1680 328 1720 nobilis,
341 1679 426 1723 paralisis
439 1680 502 1714 morbo
515 1690 621 1725 percussus,
632 1680 655 1714 ad
667 1679 786 1724 sepulchrum

82 1733 140 1766 sancti
152 1733 243 1766 Dunstani
255 1734 331 1773 delatus,
341 1733 399 1766 sensit
410 1734 514 1776 quendam'
524 1744 599 1767 manum
608 1744 643 1777 per
651 1739 709 1767 totum
719 1743 786 1777 corpus

82 1795 136 1819 suum
144 1786 241 1819 ducentem
249 1790 268 1819 et
275 1785 359 1819 membra
366 1795 400 1818 sua
407 1785 544 1820 resolidantem.
566 1785 646 1820 Sanetus
656 1786 705 1820 enim
716 1785 786 1830 grande
795 1791 814 1821 ³⁰

82 1837 186 1872 conuiuium
194 1838 257 1872 amicis
267 1838 306 1872 suis
315 1842 378 1882 parat;
389 1842 408 1872 et
415 1838 459 1872 dum
467 1839 544 1873 conuiue
555 1849 589 1883 pro
600 1838 640 1873 eius
650 1839 709 1874 salute
718 1838 787 1884 gratias

82 1893 117 1925 deo
129 1897 147 1925 et
158 1892 211 1925 beato
223 1892 319 1925 Dunstano
330 1890 426 1931 referrent,
434 1891 465 1925 ille
475 1897 549 1926 tumens
560 1892 596 1926 ait:
607 1892 641 1926 ‘Et
652 1892 668 1926 si
679 1892 787 1926 Dunstanus

82 1954 120 1977 non
130 1949 185 1985 esset,
197 1949 272 1978 sanatus
283 1942 381 1977 fuissem?
405 1943 446 1985 Quo
458 1944 506 1978 dicto
519 1944 580 1978 statim
592 1944 670 1988 pristina
681 1944 787 1978 infirmitate

83 2002 185 2042 correptus,
196 2002 214 2032 et
226 1995 354 2032 miserabiliter
366 1996 452 2038 clamans,
465 2002 507 2042 post
519 1996 613 2042 paululum
624 1997 709 2042 spiritum
721 1996 787 2032 emisit.

85 2044 162 2085 quenis
170 2050 243 2094 quidam
252 2061 262 2084 a
270 2049 363 2084 natiuitate
371 2055 433 2084 mutus
441 2055 459 2084 ct
467 2051 549 2092 claudus,
557 2061 601 2084 mox
608 2056 628 2085 vt
637 2051 719 2085 tumbam
729 2050 787 2085 sancti
796 2057 815 2087 35

84 2102 176 2137 Dunstani
186 2102 250 2147 tetigit,
258 2101 341 2137 erectus*
348 2101 427 2145 pedibus
435 2102 491 2146 stetit,
499 2108 517 2137 et
525 2102 585 2138 soluta
592 2103 655 2147 lingua
661 2104 736 2138 excelsa
742 2114 788 2138 voce

84 2157 164 2191 clamare
176 2156 235 2201 cepit:
252 2155 324 2191 ‘Glon'a
336 2155 355 2189 in
368 2156 447 2191 excelsis
461 2157 501 2198 deo,
513 2156 603 2201 alleluya!
626 2156 650 2191 Et
662 2156 689 2191 sic
702 2157 788 2191 omnibus

84 2209 149 2243 diebus
163 2209 201 2243 vite
214 2220 247 2243 sue
262 2220 299 2242 non
313 2208 372 2243 solum
387 2209 478 2253 expedite,
493 2220 558 2244 verum
573 2209 628 2244 ctiam
644 2210 713 2244 diserte
727 2209 788 2244 omnia

83 2262 196 2306 loquebatur.
242 2255 307 2297 Puella
318 2261 398 2305 quedam
409 2273 420 2296 a
431 2262 526 2297 natiuitate
538 2273 587 2305 ceca,
600 2263 623 2297 ad
636 2263 718 2297 tumbam
729 2261 789 2297 sancti

85 2315 176 2348 Dunstani
185 2326 196 2348 a
206 2320 264 2348 matre
275 2325 309 2348 sua
317 2314 400 2355 adducta,
410 2315 479 2357 apertis
489 2315 546 2348 oculis
555 2315 617 2348 omnia
626 2315 675 2348 clare
682 2315 762 2356 videbat,
770 2320 789 2348 et
797 2323 817 2353 40

84 2377 118 2412 pre
133 2367 199 2411 gaudio
215 2367 293 2402 exiliens
307 2365 363 2402 dixit:
381 2366 451 2402 ‘Mater
464 2367 495 2409 mi,
508 2378 545 2412 que
558 2372 600 2401 sunt
614 2367 648 2402 hec
662 2366 789 2411 pulchraque

84 2419 159 2455 videor
182 2420 216 2455 Cui
227 2420 268 2455 illa:
281 2419 377 2461 ‘Videsne
384 2418 448 2464 inquit,
456 2419 512 2454 chara
521 2419 547 2454 mi
553 2420 568 2454 ξ’
592 2419 632 2462 Que
641 2418 692 2461 dixit,
700 2419 790 2455 ‘Pulcher

85 2474 140 2508 homo
158 2474 232 2518 quidam
249 2474 301 2509 iussit
319 2484 349 2507 me
365 2473 399 2507 hec
416 2473 493 2517 pulchra
509 2473 582 2508 videre.¹
628 2465 712 2518 Quidam
729 2473 791 2509 enim⁹

105 2542 267 2573 ¹T.deiinefl‘abilis.
302 2541 336 2572 1Ε.
345 2542 387 2571 enim
395 2541 433 2571 eius
468 2541 544 2572 'olom
579 2540 677 2574 *tradam
713 2542 750 2574 ³al.
758 2547 790 2572 tres

86 2581 163 2612 mulieres.
193 2583 312 2621 'Equandam
341 2581 372 2612 1Τ.
379 2581 439 2611 luisset.
470 2580 500 2611 ⁸T.
508 2585 569 2611 erectus
574 2581 604 2618 313.
611 2583 673 2612 erectis.
701 2582 790 2613 ’omin'R

421 2640 453 2665 ua
