1762 2803
261 112 307 168 Da
322 110 421 164 sanctu
437 108 576 162 annuam.
715 102 772 168 '125

68 231 134 268 iterum
146 235 231 278 amplecti
242 232 358 279 prouocauit;
374 233 505 267 monasterium
516 233 535 267 in
546 233 586 266 loco
596 231 627 276 qui
638 230 717 265 Orthorf
725 231 774 265 dice-

67 286 125 329 batur,
137 299 233 322 seruorum
244 287 274 322 dei
285 292 395 331 congregata
406 285 522 321 multitudine
533 285 640 325 construxit,
651 284 682 329 qui
694 285 774 329 propriis

69 350 120 375 more
129 341 235 386 ,apostolico
250 340 335 374 manibus
348 341 415 373 victum
427 339 604 383 vestimentumque¹
617 338 708 372 instanter
723 337 773 371 labo-

68 394 126 427 rando
141 394 175 428 sibi
189 394 313 437 adquirerent.
336 391 393 425 Fama
404 393 463 425 sancti
476 391 506 425 dei
522 392 590 434 vbique
606 391 703 434 diuulgata,
719 392 773 424 etiam

68 455 92 480 ex
104 446 171 491 Anglia
181 446 204 481 ad
216 456 258 480 eum
269 450 307 479 tam
318 444 407 479 lectorum
419 455 474 488 quam
490 444 544 479 etiam
561 444 677 488 scriptorum,
689 442 791 482 abanim-5

68 509 104 541 que
117 499 183 533 artium
199 498 311 532 eruditorum
328 507 395 541 magna
410 496 501 530 festinauit
517 496 575 540 copia.
602 495 684 537 Quorum
700 494 774 539 plurimi

69 551 103 584 sub
116 551 155 585 eius
166 550 280 585 institutione
292 549 377 583 monachi
388 549 453 589 effecti,
464 549 553 593 populum
565 550 588 583 ab
602 559 665 583 errore
678 548 740 581 multis
755 548 774 581 in

68 603 113 638 locis
130 603 202 638 illarum
216 603 312 647 regionum
323 603 400 637 verbum
412 602 441 636 dei
453 601 569 646 predicantes
583 607 697 635 reuocarunt.
720 601 775 635 Cum-

69 667 105 699 que
123 656 189 700 ingens
208 655 304 699 Vtriusque
322 655 385 699 populi
400 654 497 688 multitudo
513 653 556 689 fidei
573 659 693 695 sacramenta,
712 653 774 688 multis

69 708 163 743 hominum
173 708 247 743 milibus
252 708 353 753 baptizatis,
359 708 467 753 perciperet,
473 708 534 742 denuo
543 708 622 742 Romam
630 707 707 741 nuncios
714 707 774 749 misit3
784 715 803 736 ¹0

69 762 100 805 qui
115 773 164 806 pape
181 762 270 805 Gregorio
285 762 346 795 omnia
359 771 394 805 per
409 771 451 794 eum
468 760 543 793 domino
559 760 634 793 fauente
649 765 775 794 consummata

69 814 175 856 relerentes,
187 814 263 859 pallium
275 824 317 848 cum
328 812 436 848 muneribus
449 812 529 847 diuersis
540 823 561 847 ac
575 817 680 847 sanctorum
694 812 776 857 reliquiis

69 878 132 902 secum
144 868 249 903 deserentes
260 866 361 901 honorilice
372 866 445 901 remissi
457 872 505 901 sunt.
550 858 661 902 Construxit
678 866 728 900 enim
745 865 775 901 dei

69 920 147 955 famulus
166 921 212 954 duas
230 920 323 961 ecclesias,
340 920 416 953 alteram
432 919 451 952 in
468 919 572 953 Frideslare
590 919 609 953 in
628 919 698 952 honore
717 918 775 953 saneti

69 972 124 1015 Petri,
143 978 161 1007 et
180 973 257 1007 alteram
276 972 295 1006 in
314 972 447 1015 Amanaburgh
465 972 484 1005 in
504 972 574 1005 honore
594 971 653 1006 sancti
675 971 803 1008 Michaelis-¹5

70 1025 110 1059 Duo
129 1037 202 1069 quoque
219 1025 330 1059 monasteria
348 1034 390 1058 cum
409 1034 505 1058 seruorum
523 1025 553 1058 dei
572 1024 687 1058 multitudine
706 1024 775 1058 eisdem

69 1078 152 1112 ecclesiis
168 1077 279 1122 subrogauit.
310 1077 442 1120 Baguariorum
460 1087 533 1121 quoque
549 1076 603 1111 terris
620 1077 687 1111 multas
704 1077 776 1121 perlus-

69 1131 124 1165 trauit
130 1131 224 1173 ecclesias,
230 1135 249 1164 et
255 1131 347 1174 quendam
354 1129 484 1171 scismaticum,
490 1129 571 1164 heretica
576 1129 667 1174 prauitate
672 1131 776 1173 deceptum,

70 1184 177 1227 dampnauit
197 1188 251 1226 atque
272 1182 330 1223 eiecit,
349 1188 367 1216 et
385 1182 474 1226 populum
493 1192 504 1215 a
522 1192 612 1225 peruersa
631 1186 681 1215 secta
699 1182 740 1216 eius
758 1186 776 1216 et

69 1234 152 1269 idolatria
163 1236 187 1269 ad
197 1235 247 1269 viam
258 1234 340 1269 veritatis
355 1235 433 1268 reduxit.
478 1226 525 1269 Post
541 1234 576 1268 hec
590 1245 635 1269 vero
651 1244 693 1269 cum
709 1244 776 1279 magno
785 1242 805 1264 ²0

69 1288 145 1322 fratrum
160 1294 202 1322 cetu
218 1289 298 1323 Romam
313 1299 399 1332 pergens,
415 1298 426 1321 a
440 1298 489 1331 papa
504 1288 594 1331 Gregorio
608 1287 681 1322 luniore
696 1288 777 1331 benigne

69 1346 168 1384 susceptus
187 1345 226 1383 est;
252 1346 339 1383 tantaque
358 1351 369 1374 a
387 1340 458 1374 cunctis
472 1345 510 1374 tam
530 1340 620 1374 Romanis
643 1351 697 1385 quam
722 1340 776 1375 etiam

70 1394 147 1428 aduenis
158 1393 278 1428 veneratione
290 1393 396 1434 habebatur,
406 1398 427 1427 vt
437 1393 489 1427 multi
504 1395 527 1428 ad
543 1394 642 1428 salutarem
658 1393 697 1428 eius
711 1394 777 1428 doctri-

70 1457 113 1480 nam
141 1447 267 1484 confluerent;
294 1446 407 1480 Francorum
430 1445 480 1479 enim
502 1451 520 1479 et
543 1446 681 1490 Baguariorum,
704 1457 776 1480 necnon

69 1499 172 1542 Anglorum
188 1498 302 1542 aliarumque
319 1498 460 1542 prouinciarum,
474 1498 515 1532 elus
530 1498 654 1533 admonitione
669 1504 687 1533 et
702 1498 776 1533 salutari
786 1507 804 1539 25

69 1551 151 1585 doctrina
164 1557 263 1595 prouocata
275 1551 376 1585 adherebat
391 1551 504 1585 multitudo².
528 1551 570 1585 Non
581 1552 644 1595 paucis
656 1552 723 1586 ditatus
734 1552 777 1587 reli-

69 1603 121 1648 quiis,
139 1605 162 1638 ab
181 1605 266 1646 odilone,
283 1604 416 1647 Baguariorum
432 1604 483 1645 duce,
498 1602 590 1646 inuitatus,
606 1603 686 1638 uisitauit
702 1604 777 1644 incolas,

69 1656 134 1689 diebus
154 1656 216 1690 multis
235 1656 365 1700 euangelizans
382 1666 427 1690 vere
446 1656 489 1690 fidei
507 1667 528 1691 ac
547 1656 641 1700 religionis
662 1662 778 1692 sacramenta

69 1708 169 1751 renouauit,
189 1710 313 1744 destructores
335 1708 454 1744 ecclesiarum
475 1709 575 1754 populique
597 1721 719 1754 peruersores
740 1711 777 1744 abi-

69 1762 135 1804 gendo.
165 1761 237 1795 Ducem
248 1762 373 1805 populumque
385 1772 439 1795 suum
450 1762 474 1795 ab
485 1762 567 1796 heretica
577 1768 633 1805 secta,
643 1768 662 1797 et
671 1764 777 1797 sacerdotes
785 1773 805 1803 3⁰

70 1813 177 1848 fornicarios
196 1814 302 1856 cohercens,
321 1813 416 1858 prouincie
435 1814 567 1858 Baguariorum
585 1820 663 1858 quatuor
680 1815 777 1860 episcopos

70 1865 165 1901 ordinauit.
208 1860 308 1911 Regnante
315 1866 334 1900 in
343 1866 401 1901 Gallia
409 1866 475 1910 Pipino
483 1873 502 1901 et
508 1867 642 1902 Carolomanno
646 1867 658 1910 ³,
665 1874 777 1912 suggerente

70 1925 133 1953 sancto
145 1919 245 1961 Bonisacio,
256 1925 361 1953 sanctorum
373 1924 446 1963 patrum
457 1920 553 1964 synodalia
567 1920 586 1954 in
603 1919 680 1955 Francia
695 1926 777 1955 correcta

70 1977 112 2006 sunt
123 1971 216 2014 instituta;
235 1978 253 2006 et
264 1972 331 2007 iniusta
343 1973 485 2006 concubinarum
497 1972 547 2007 laicis
559 1972 629 2017 copula,
641 1979 659 2008 et
669 1974 778 2007 clericorum

70 2025 168 2068 nephanda
183 2036 225 2059 cum
239 2025 328 2060 vxon‘bus
343 2026 450 2067 coniunctio,
464 2022 573 2060 exhortante
588 2031 652 2060 sancto
664 2028 710 2069 viro,
721 2027 778 2061 inter·
787 2037 806 2067 35

69 2077 117 2111 dicta
135 2081 164 2110 est
182 2082 201 2111 et
219 2078 306 2112 seiuncta.
358 2070 507 2112 Carolomanno³
525 2084 587 2113 autem
608 2079 735 2114 consentiente
757 2090 778 2113 ac

70 2131 154 2172 donante,
165 2140 201 2164 vna
212 2141 255 2165 eum
266 2130 321 2165 totius
333 2130 376 2165 cleri
388 2141 480 2166 consensu
492 2135 510 2165 et
520 2130 609 2166 electione
618 2138 693 2167 sanctus
704 2132 778 2166 Bonisa-

70 2183 109 2217 cius
124 2182 221 2227 Maguncie
236 2184 315 2218 ciuitatis
326 2184 384 2219 sactus
398 2190 426 2219 est
442 2185 546 2228 episcopus.
575 2185 611 2227 Qui
628 2184 703 2229 [apudJ‘
720 2189 777 2219 totam

71 2236 86 2269 F
87 2235 172 2277 rancum,
184 2237 234 2270 omni
246 2237 328 2271 funditus
343 2237 447 2271 eradicata⁶
462 2238 583 2272 hereticorum
595 2237 678 2281 perfidia,
689 2242 708 2272 et
721 2238 777 2273 extir-

70 2294 112 2332 pata
127 2288 231 2332 iniquorum
246 2290 375 2331 coniuratione,
391 2289 437 2333 legis
454 2290 515 2324 diuine
531 2290 608 2333 augebat
624 2289 744 2332 incrementa,
759 2297 807 2334 et4o

69 2341 169 2384 synodales
183 2342 297 2384 generalium
312 2342 430 2376 conciliorum
446 2352 526 2376 canones
541 2342 610 2376 incolas
625 2342 708 2386 recipere
725 2342 778 2386 secit;

70 2405 106 2438 que
122 2394 145 2428 ob
161 2394 250 2430 cotidiana
265 2395 312 2430 bella
325 2401 343 2430 et
358 2395 478 2430 barbararum
493 2395 575 2440 gentium
590 2394 712 2440 irruptionem
725 2398 778 2440 quasi

70 2447 157 2481 obliuioni
168 2447 234 2481 tradite
247 2453 305 2483 erant.
332 2448 415 2492 Cumque
431 2448 485 2492 longo
501 2447 553 2482 senio
570 2447 700 2493 laboribusque
715 2449 778 2483 mulus

89 2520 136 2551 ¹Vit.
144 2519 255 2558 vestitumque.
274 2526 276 2528 ’
301 2520 698 2558 ²vit.ingensseduloeiusadmonttiontadu.m.
742 2523 777 2552 ³5.

70 2559 123 2590 carolo
130 2568 192 2598 magno.
239 2559 245 2578 ¹
255 2568 274 2591 so
281 2559 312 2592 Vit.
319 2570 350 2593 om.
358 2561 374 2591 in
381 2560 400 2592 T.
407 2560 425 2591 E.
465 2560 472 2579 ⁵
481 2560 500 2592 T.
507 2560 598 2592 erradicatu.
