1762 2803
128 113 189 165 '464
255 98 257 102 ’
334 109 414 161 uoto
430 107 546 170 tantona
562 109 664 170 annito.

144 229 244 275 Cupientes
254 234 314 264 autern
328 239 371 264 eum
381 234 446 265 tenere
457 229 547 273 manibus,
558 229 637 265 eleuauit
650 241 671 266 se
683 228 769 266 dominus
782 230 847 267 ihesus

144 284 229 319 Christus
239 285 258 317 in
267 284 351 325 nubibus
361 284 436 319 dicens:
448 285 502 318 ‘Non
514 295 544 319 me
554 285 658 328 erubuistis,
670 285 719 319 serui
733 285 775 327 mei,
783 286 801 319 in
816 296 849 320 an-

144 338 209 381 gustiis
217 337 269 377 meis,
279 348 314 371 nec
321 347 355 379 ego
363 338 471 371 erubescam
479 348 512 371 vos
522 337 540 371 in
552 349 609 381 regno
620 338 678 381 patris
685 338 726 371 mei.
750 338 849 373 Hereditas

144 395 206 424 vestra
217 400 289 423 mecum
300 395 337 432 est;
353 394 372 423 et
384 388 419 424 hiis
432 389 463 433 qui
475 389 534 424 vestri
548 389 567 424 in
580 389 619 425 suis
631 389 743 425 orationibus
756 401 849 426 memores

127 443 217 484 5fuerint‚
228 443 277 477 salus
289 443 307 476 in
318 453 375 486 regno
386 446 439 477 meo!
462 443 504 477 Hiis
515 443 574 486 dictis,
585 445 608 477 ab
620 445 676 478 oculis
688 454 752 477 eorum
763 449 849 488 receptus

144 496 204 531 estin
219 496 284 530 celum.
307 496 409 540 Stupesacti
424 501 485 531 autem
500 497 550 532 serui
565 497 595 531 dei
610 497 733 532 laudauerunt
748 497 848 540 dominum,

144 555 162 583 et
172 550 236 584 beatus
244 549 370 583 Winwaloeus
382 549 417 584 ait:
431 550 482 583 ‘Hoc
492 550 528 584 tuis
540 550 616 592 meritis,
629 551 684 584 frater
696 549 773 593 Egbine,
784 550 849 585 accidit

144 602 203 640 nobis,
218 602 249 644 qui
260 606 311 635 tante
326 612 347 635 es
362 602 469 635 humilitatis
484 607 503 635 et
517 602 627 644 obedientie,
639 608 659 636 vt
672 601 757 645 quicquid
769 602 849 636 humana

145 654 207 698 lingua
218 654 314 698 precipere
327 659 392 699 potest,
406 660 425 690 tu
438 656 493 690 corde
508 655 586 690 deuoto1
598 655 700 699 adimplere
714 655 801 690 festinas!
825 655 848 690 Et

118 720 137 740 ιο
145 706 186 741 ille:
200 707 253 741 ‘Non
262 707 287 741 ita
297 714 330 749 est,
338 714 402 752 pater;
413 709 446 743 sed
454 714 479 751 tu,
490 707 521 752 qui
532 708 612 752 quotidie
623 719 697 742 carnem
708 713 726 742 et
738 708 846 752 sanguinem

146 761 201 795 ihesu
211 761 279 795 Christi
290 761 380 804 immolas,
390 761 472 796 meruisti
482 761 543 806 ipsum
553 761 616 796 videre
625 761 643 795 in
656 772 690 796 suo
701 772 783 806 corpore,
793 772 847 806 quem

146 814 220 847 assidue
228 813 247 846 in
255 814 316 847 animo
323 815 386 847 tenes.⁵
440 808 500 847 Erant
507 819 569 847 autem
576 814 595 846 in
603 814 685 856 partibus
693 813 728 847 illis
736 820 774 847 tres
782 814 847 848 fratres

147 865 185 899 suis
194 865 292 899 latrociniis
300 866 357 899 multa
364 866 412 899 mala
420 866 507 900 facientes
515 877 519 899 ε
530 865 561 909 qui
569 877 610 900 cum
618 866 697 910 qua[rto]
707 866 847 909 ali[o]²monas-

145 918 186 952 terii
199 924 251 962 septa
265 925 319 953 nocte
333 918 417 962 ingressi,
430 919 517 953 horreum
532 924 621 963 apertum,
633 924 651 953 et
666 920 742 952 ordeum
755 919 774 952 in
787 921 848 954 medio

120 986 137 1016 15
146 974 226 1015 positum
234 971 348 1006 inuenerunt.
371 971 394 1004 Et
402 971 482 1015 impletis
490 971 548 1006 saccis
558 972 596 1006 suis
608 983 649 1006 cum
660 972 722 1016 egredi
730 973 803 1013 vellent,
811 972 849 1017 pri·

146 1035 187 1058 mus
199 1023 283 1067 protinus
295 1024 314 1058 in
325 1029 393 1059 terram
405 1030 511 1069 prostratus,
522 1035 568 1059 coxa
580 1024 619 1059 eius
633 1025 689 1059 fracta
703 1030 720 1059 et
731 1025 848 1068 comminuta,

146 1077 203 1110 miser
210 1077 311 1119 depressus
319 1078 353 1111 sub
363 1088 420 1110 onere
430 1077 505 1111 iacebat.
527 1077 581 1111 Alter
590 1089 634 1112 vero
645 1079 767 1121 subsequens,
775 1078 818 1112 fixis
829 1079 848 1111 in

145 1135 213 1163 terram
225 1129 303 1173 pedibus
312 1129 361 1163 nullo
373 1131 427 1164 modo
435 1140 456 1164 se
465 1140 539 1164 mouere
546 1130 616 1173 valens,
624 1131 666 1165 licet
676 1130 744 1164 inuitus
755 1130 774 1164 in
782 1132 848 1165 eodem

145 1182 185 1216 loco
198 1186 247 1216 stare
260 1184 362 1227 cogebatur.
385 1182 459 1217 Tertius
474 1182 549 1218 cecitate
564 1183 670 1227 percutitur.
699 1183 780 1226 Quartus
795 1183 847 1228 quasi

119 1250 138 1270 zo
146 1235 253 1275 insaniendo
264 1248 331 1281 magna
342 1247 387 1270 voce
399 1237 493 1270 clamabat.
516 1236 583 1280 Sicque
592 1237 678 1270 omnibus
686 1236 765 1271 diuersis
775 1237 849 1272 calami-

146 1288 212 1322 tatibus
222 1289 306 1331 astrictis,
314 1300 369 1323 mane
379 1290 402 1322 ad
413 1299 445 1323 eos
452 1290 529 1323 veniens
542 1289 620 1323 famulus
629 1289 658 1323 dei
666 1289 702 1323 ait:
715 1289 786 1330 ‘Quam
794 1290 849 1323 stulte

146 1340 221 1385 egistis?
241 1341 308 1376 Nonne
316 1340 365 1376 enim
373 1341 432 1384 magis
440 1342 516 1376 decebat
524 1352 548 1375 ex
556 1340 632 1375 fratrum
640 1341 702 1375 labore
709 1340 777 1385 aliquid
785 1347 848 1385 postu·

146 1395 189 1436 lare,
197 1399 216 1427 et
225 1405 248 1428 ex
257 1393 379 1437 permissione
387 1395 436 1438 quod
446 1395 530 1428 sufficere
541 1399 605 1438 posset
616 1395 716 1438 suscipere,
724 1405 779 1438 quam
790 1395 809 1428 in
819 1393 849 1428 dei

146 1447 223 1482 famulos
231 1447 314 1482 fraudem
321 1447 401 1482 illicitam
411 1448 532 1491 perpetrare?
549 1447 586 1481 Sed
596 1458 644 1481 nunc
653 1448 693 1491 ipse
701 1446 773 1491 quivos
781 1447 848 1492 ligauit,

120 1515 138 1544 25
148 1501 213 1535 ihesus
225 1500 309 1535 Christus
320 1500 406 1535 dominus
418 1506 486 1544 noster,
496 1501 518 1535 ab
531 1500 564 1533 hac
577 1500 631 1544 plaga
643 1501 718 1534 liberet!
742 1500 783 1535 Hiis
795 1501 848 1535 dictis

147 1554 243 1587 confestim
255 1554 277 1586 ab
290 1553 339 1587 omni
351 1553 441 1596 corporali
454 1554 508 1597 plaga
520 1553 575 1585 soluti
587 1558 635 1586 sunt.
658 1553 681 1586 Et
694 1552 760 1586 adiecit
772 1553 847 1587 dicens:

147 1606 222 1640 ‘Tollite
237 1606 280 1640 hinc
294 1605 389 1641 vobiscum
404 1616 461 1640 onera
474 1610 548 1640 vestra:
567 1610 586 1639 et
600 1605 685 1650 quotiens
700 1616 778 1640 necesse
794 1605 849 1641 fuerit

147 1659 203 1704 petite
215 1669 225 1693 a
237 1659 295 1703 nobis,
307 1664 325 1694 et
336 1669 370 1693 nos
382 1658 497 1693 incuntanter
507 1658 619 1702 tribuemus3
632 1664 651 1693 et
662 1658 718 1693 nolite
730 1664 806 1703 propter
816 1669 847 1694 res

146 1712 259 1747 transitorias
270 1718 288 1747 et
297 1714 375 1747 caducas
387 1712 457 1747 animas
467 1717 539 1747 vestras
549 1713 638 1755 perdere!
661 1711 722 1746 Atilii
733 1712 794 1746 statim
805 1724 847 1746 con·

119 1780 138 1809 30
146 1765 201 1808 uersi,
209 1776 267 1809 usque
279 1766 302 1800 ad
313 1764 424 1809 decrepitam
435 1770 502 1799 etatem
513 1764 595 1799 inbonis
606 1765 693 1809 operibus
701 1765 735 1799 deo
745 1767 848 1800 seruientes

146 1830 188 1852 cum
199 1818 238 1852 viro
249 1819 278 1852 dei
288 1820 344 1852 vitam
354 1829 407 1851 suam
419 1819 516 1851 duxerunt.
561 1811 614 1852 Dum
623 1810 701 1861 quadam
710 1823 763 1851 nocte
774 1824 848 1852 sanctus

145 1870 175 1904 dei
183 1870 234 1904 solus
245 1870 263 1903 in
274 1869 352 1904 oratorio
360 1875 480 1913 pernoctaret,
488 1874 578 1903 astantem
588 1870 623 1904 sibi
630 1870 675 1904 vidit
683 1870 769 1913 angelum
778 1868 848 1904 domini

146 1922 321 1969 splendidissimum,
333 1923 385 1958 cuius
397 1923 458 1968 fulgor
471 1923 542 1959 lucebat
554 1929 573 1958 vt
585 1923 618 1966 sol,
632 1929 650 1959 et
664 1922 710 1958 dixit
723 1922 751 1958 ei:
766 1923 848 1958 ‘Sancte

145 1976 299 2017 dciWinwaloee‚
307 1981 378 2011 mature
389 1977 457 2021 segetis
465 1982 483 2011 et
490 1978 539 2011 bone
546 1976 603 2020 frugis
609 1988 664 2020 quam
673 1975 768 2010 seminasti
774 1981 848 2020 tempus

118 2040 136 2068 35
146 2030 201 2064 instat
211 2029 322 2073 colligende.'
336 2029 370 2063 Cui
380 2029 421 2064 ille:
433 2030 467 2064 ‘Vt
477 2036 508 2064 tua
515 2030 604 2071 voluntas,
613 2029 639 2063 sic
647 2040 689 2063 mea
696 2029 738 2063 fiat’
777 2022 848 2063 lllumi·

146 2087 188 2117 nata
198 2081 293 2115 cuiusdam
304 2082 386 2116 mulieris
395 2082 470 2116 cecitate
478 2094 482 2124 ;
494 2082 579 2125 apparuit
587 2082 604 2115 ei
612 2082 688 2125 angelus
696 2081 765 2114 domini
773 2082 847 2115 dicens:

146 2135 221 2169 ‘Frater
233 2136 344 2177 venerande,
355 2134 450 2169 conciuem
465 2134 499 2169 sibi
512 2139 614 2178 exposcunt
627 2139 646 2168 te
658 2133 737 2176 celicole,
748 2139 766 2168 et
778 2134 813 2168 cito
826 2133 849 2168 ab

146 2188 200 2222 huius
208 2189 271 2231 agonis
282 2188 344 2222 labore
352 2187 469 2223 liberaberis!
492 2188 528 2231 Qui
536 2188 598 2222 statim
606 2186 710 2222 conuocatis
718 2187 804 2222 fratribus
812 2187 847 2221 ait:

146 2239 256 2281 ‘Preparate
267 2250 301 2272 vos
314 2238 373 2281 hodie,
384 2240 427 2283 quia
438 2245 535 2283 postquam
548 2238 625 2272 missam
638 2243 735 2272 cantauero
749 2244 767 2272 et
780 2247 848 2282 corpus

117 2306 139 2335 40
147 2297 165 2326 et
174 2290 283 2334 sanguinem
290 2291 358 2325 Christi
367 2302 460 2335 recepero,
469 2297 521 2325 sexta
531 2290 585 2324 huius
595 2290 632 2324 dici
643 2291 688 2324 hora
697 2291 720 2324 ab
727 2290 763 2325 isto
772 2299 849 2334 corpore

147 2343 234 2387 suscipiet
246 2353 276 2376 me
288 2342 372 2377 dominus
387 2346 460 2378 noster!
483 2344 579 2379 Celebrate
591 2343 651 2387 itaque
664 2343 726 2385 missa,
739 2349 790 2378 stans
805 2348 848 2377 ante

146 2399 203 2433 altare
213 2396 261 2431 inter
270 2397 316 2431 duos
326 2397 426 2431 monachos
435 2397 477 2431 hinc
488 2397 532 2431 inde
544 2401 660 2440 sustentatus,
668 2406 704 2431 vna
714 2396 848 2431 cumfratribus

146 2451 234 2496 psallens,
244 2449 323 2483 animam
335 2450 370 2483 deo
382 2449 465 2491 reddidit,
475 2456 513 2483 tam
527 2461 538 2483 a
551 2449 639 2493 corporali
651 2449 752 2494 egritudine
762 2449 848 2483 intactam

146 2515 201 2551 quam
209 2515 219 2538 a
227 2504 326 2549 pollutione
335 2503 402 2536 carnali
409 2504 501 2538 mundam.
519 2503 568 2537 Obiit
576 2508 637 2537 autem
645 2504 708 2548 quinto
716 2514 774 2539 nonas
780 2499 846 2542 marcii,

283 2572 289 2592 ¹
300 2573 318 2602 E.
326 2572 388 2602 deuota.
489 2572 495 2590 ²
505 2572 522 2601 T.
531 2572 547 2600 E.
556 2582 590 2601 cum
597 2577 664 2610 quatuor
671 2572 711 2602 aliis.
