1762 2803
256 106 301 161 Ut
316 104 416 158 &anan
431 104 553 165 acinano.
713 117 758 163 447

56 228 86 263 vel
94 227 128 262 sub
136 228 197 261 terrai
208 231 239 261 aut
247 232 315 270 quante
323 225 423 261 latitudinis
431 231 449 260 et
456 225 585 270 profunditatis
596 228 636 260 estl
647 225 759 269 longumne¹

57 285 85 315 est
93 280 177 324 spacium
186 280 235 313 inter
242 289 276 313 nos
284 284 303 313 et
310 278 384 313 illumi’
408 278 441 313 Cui
453 280 516 313 doctor
526 278 617 323 egregius,
627 278 759 321 aliquantulum

57 333 87 368 dei
100 333 140 368 zelo
155 338 263 376 commotus,
276 333 381 377 respondit:
393 331 499 368 ‘lniemum
515 344 550 379 ego
564 343 601 367 non
617 332 729 376 mensuraui,
739 336 760 366 tu

57 398 101 421 vero
109 386 188 431 pedibus
196 388 232 421 tuis
240 386 362 420 mensurabis.
384 385 419 419 Via
429 391 490 421 autem
501 397 537 430 que
546 386 595 421 ducit
605 388 628 421 ad
638 386 696 428 illum,
704 396 760 430 quarn

58 440 81 475 sit
92 440 147 484 longa
158 444 176 473 et
187 439 254 481 breuis,
266 449 290 473 ex
301 440 336 473 hoc
348 439 468 483 perpenditur
479 440 527 483 quod
538 439 645 485 priusquam
657 438 712 473 huius
723 438 777 481 diei5

57 493 152 528 aduenerit
160 493 208 535 finis,
216 492 263 527 tuin
271 504 293 526 eo
301 493 348 527 eris.¹
372 492 413 535 Que
420 491 516 536 prophetia
526 493 622 537 repentina
631 497 690 527 morte
701 491 760 536 ipsius

58 551 100 579 ante
114 556 213 588 vesperam
228 551 256 577 est
271 537 459 587 completa—Htw
473 555 532 588 pauca
547 546 571 579 de
585 545 684 579 inanimis2
698 545 760 588 magni

58 598 112 632 huius
120 596 278 641 sanctissimique³
288 596 380 641 pontilicis
385 596 482 631 virtutibus
490 597 513 630 ad
521 597 654 631 edificationem
660 597 760 640 legentium

58 649 148 685 deflorare
158 650 238 691 decreui,
246 649 277 693 qui
287 654 329 693 post
341 648 488 684 obseruationem
499 650 626 684 mandatomm
636 649 666 684 dei
676 650 760 695 omnipo-

59 702 113 738 tentis
119 703 131 745 ⁴,
140 708 182 747 post
190 702 297 746 angelorum
305 703 418 746 presentiam
429 703 452 736 ad
463 713 484 737 se
494 702 626 737 consolandum
634 702 705 746 sibique
717 714 760 737 con·
769 717 788 738 ιο

59 756 157 791 sulendum
172 756 237 791 crebro
250 755 368 798 venientium,
382 754 463 800 aliasque
476 754 548 789 diuinas
560 755 682 790 reuelatlones
697 766 760 801 quam-

58 810 153 855 plurimas,
161 810 267 856 infirmitate
275 814 371 852 correptus
379 810 435 842 tatius
442 809 485 843 anni
496 809 563 843 circulo
571 809 590 842 in
598 808 666 843 doloris
676 809 760 843 decubuit

59 863 111 896 lecto.
135 862 246 896 Imminente
253 872 297 895 vero
306 861 431 895 dissolutionis
438 862 478 897 eius
489 861 539 904 hora,
547 867 662 896 sacramenta
670 861 761 895 dominica

59 915 141 957 corporis
149 920 167 948 et
175 915 270 957 sanguinis
278 914 345 948 Christi
356 914 440 956 sumpsit,
448 920 467 947 et
474 914 559 957 spiritum
568 913 587 946 in
597 924 663 947 manus
673 915 761 947 creatoris

59 966 87 1001 sui
95 965 161 1009 emisit,
176 973 241 1011 quarto
259 966 301 1000 idus
316 965 432 1010 septembris.
459 966 556 1010 Sepultum
572 971 600 1000 est
615 973 677 1001 autem
694 977 761 1011 corpus
770 979 788 1010 15

60 1020 99 1054 eius
113 1019 175 1055 Scotia
188 1020 236 1064 apud
250 1019 358 1064 Cunigbam,
370 1018 389 1054 in
401 1018 442 1054 loco
455 1018 486 1064 qui
499 1019 523 1053 ab
536 1018 588 1054 eius'
602 1020 673 1054 wallico
687 1019 762 1054 nomine

60 1072 148 1107 Kilwinin
156 1072 264 1117 appellatur.

158 1208 173 1245 ql
186 1201 220 1243 DE
231 1218 302 1243 sancto
314 1200 412 1243 FOILLANO
423 1217 511 1243 EPISCOPO
522 1218 545 1242 ET
557 1207 663 1243 MARTYRE⁶.

64 1291 154 1368 BEatus
163 1291 261 1333 Foillanus,
268 1292 287 1326 in
297 1291 386 1326 Hibernia
394 1302 418 1326 ex
425 1291 483 1336 regali
490 1292 578 1336 prosapia
585 1297 641 1334 ortus,
650 1292 762 1326 nobilitatem

118 1344 192 1389 generis
200 1344 324 1389 generositate
331 1345 399 1380 mentis
407 1345 474 1380 eximie
485 1344 593 1380 nobilitauit.
615 1345 645 1380 Ab
655 1345 701 1390 ipsis
712 1346 762 1380 enim

60 1398 138 1441 pueritie
151 1399 205 1432 annis
216 1398 284 1432 diuinis
297 1409 318 1432 se
329 1397 397 1442 iugiter
410 1397 522 1443 mancipauit
535 1398 633 1442 obsequiis.
656 1398 693 1432 Per
703 1399 763 1433 incre-
771 1412 791 1432 ro

61 1456 122 1485 menta
130 1456 191 1485 autem
199 1453 252 1485 etatls
261 1461 282 1485 ac
292 1450 388 1494 probitatis
399 1451 477 1492 adultus,
487 1451 532 1485 dum
541 1451 579 1485 vite
589 1450 681 1495 presentis
691 1451 762 1495 peregit

60 1503 158 1537 incolatum
166 1503 249 1546 seipsum
258 1502 278 1535 in
288 1502 374 1536 omnibus
383 1503 490 1546 exemplum
501 1503 592 1537 bonorum
599 1513 677 1547 operum
684 1503 763 1547 prebuit.

62 1554 97 1588 Hic
111 1555 166 1596 enim,
177 1565 219 1588 cum
232 1554 336 1598 patriarcha
347 1554 442 1589 Abraham
456 1554 518 1589 audita
532 1554 613 1589 domini³
625 1566 671 1589 voce
685 1555 724 1590 ‘exi
739 1556 763 1590 de

60 1612 109 1642 terra
120 1614 139 1643 et
150 1609 173 1642 de
185 1608 292 1652 cognatione
304 1609 346 1650 tua‚¹
358 1608 438 1642 imitator
451 1607 494 1642 fidei
506 1612 524 1643 et
535 1608 597 1653 operis
608 1608 687 1643 libenter
698 1609 764 1653 paruit.

61 1660 142 1705 Reliquit
157 1661 212 1705 igitur
227 1661 354 1704 cognationem
369 1666 388 1696 et
403 1662 492 1705 patriam;
508 1666 528 1696 vt
541 1661 590 1695 filius
605 1661 681 1696 Abrahe
695 1667 763 1696 terram
772 1673 791 1704 ²5

61 1714 215 1758 repromissionis,
225 1719 293 1748 terram
304 1714 379 1758 inquam
390 1714 497 1756 uiuentium,
507 1715 621 1748 hereditauit.
644 1714 700 1748 Cuius
711 1715 764 1759 quasi

61 1767 187 1803 firmissimum
199 1766 266 1812 pignus
277 1766 340 1808 tenuit,
349 1767 393 1802 dum
405 1767 475 1803 honore
486 1767 586 1811 pontificali
597 1767 711 1810 sublimatus,
722 1778 763 1803 curn

61 1820 114 1855 beato
134 1821 189 1855 Petro
210 1820 293 1865 apostolo
311 1819 380 1864 ligandi
396 1820 519 1864 soluendique
540 1820 617 1866 gratiam
636 1821 711 1856 sortitus
730 1826 764 1856 est.

61 1866 188 1918 Temporibus
207 1873 257 1908 enim
276 1873 325 1917 regis
345 1874 457 1908 Francorum
476 1874 567 1917 Sigiberti,
586 1884 628 1908 curn
647 1874 764 1908 Grimoaldus

62 1932 111 1962 esset
127 1927 185 1962 maior
200 1927 266 1961 domus
282 1926 337 1971 regie,
355 1931 374 1962 et
390 1926 521 1961 Herkenaldus
536 1926 588 1971 quasi
603 1926 701 1971 patricius;
722 1931 764 1971 post
773 1938 793 1969 30

62 1990 159 2015 excessum
179 1979 240 2014 fratris
258 1979 287 2014 sui
306 1979 377 2022 Fursei,
396 1979 427 2023 qul
446 1980 489 2014 olirn
508 1980 610 2014 secundum
632 1980 764 2015 reuelationem

62 2033 163 2077 angelicam
178 2032 197 2066 in
213 2032 309 2067 Franciam
322 2032 406 2075 veniens,
418 2043 460 2068 curn
471 2032 560 2078 preclaris
571 2032 649 2078 fulgeret
662 2033 765 2073 virtutibus,

62 2095 73 2118 a
89 2088 171 2128 predicta
191 2086 296 2119 Erkenaldo
315 2096 357 2120 cum
376 2096 444 2128 magno
462 2091 560 2129 susceptus
577 2091 595 2119 et
612 2085 690 2126 habitus,
709 2088 765 2119 etiam

62 2139 145 2181 sepultus
154 2138 220 2181 suerat,
231 2138 301 2171 honore
307 2150 312 2179 ς
324 2138 374 2171 socio
386 2138 460 2172 seniore
471 2138 528 2172 fratre
539 2148 603 2171 eorum
611 2138 683 2180 Vltano,
694 2144 712 2171 et
723 2139 765 2182 ipse

62 2192 214 2236 peregrinationis
229 2192 287 2235 gratia
300 2190 396 2226 Francinm
410 2190 459 2226 adiit.
481 2190 565 2235 Cumque
579 2190 658 2234 plurima
673 2190 793 2235 euangeli·35

62 2245 121 2278 zando
134 2248 264 2289 peragrassent
277 2244 322 2282 loca,
333 2244 408 2278 tandem
419 2244 498 2278 ducente
510 2244 584 2278 domino
595 2243 709 2277 nobilissime
721 2249 765 2277 tune

7 2333 11 2340 ι
62 2298 151 2340 temporis
169 2302 253 2331 matrone
272 2296 358 2339 Ituberge
377 2296 453 2339 eiusque
468 2295 505 2330 filie
524 2295 631 2330 Geretrudis
650 2297 766 2330 sanctissime

62 2355 125 2384 sancta
143 2349 205 2394 adepti
223 2354 266 2383 sunt
281 2347 406 2383 contubernia.
429 2348 498 2383 Beatus
514 2347 576 2392 itaque
592 2347 656 2391 presul
672 2348 766 2383 Foillanus

63 2407 126 2436 sancte
134 2401 242 2437 Geretrudis
251 2401 387 2436 contubernalis
397 2400 479 2445 effeetus,
487 2401 530 2435 fidei
541 2401 633 2435 feruorem
644 2405 663 2435 et
673 2401 766 2436 charitatis

82 2480 213 2518 ¹E.longumve.
262 2480 359 2511 ¹0m.inT.
406 2478 502 2509 ³om.in'l'.
549 2478 645 2509 ⁴om.inT.
694 2479 767 2510 ΒΕΛιίε.

62 2516 68 2534 ⁸
77 2519 159 2559 Abridged
165 2521 206 2551 lrom
210 2520 247 2551 Vita
252 2520 273 2551 11.
281 2520 323 2560 (MS.
330 2519 392 2556 Bertin,
399 2519 436 2557 791)
443 2519 460 2549 in
466 2519 502 2550 Act.
508 2518 538 2550 SS.
543 2517 584 2549 Bou.
590 2528 608 2557 31
615 2519 651 2550 Oct.
657 2519 703 2550 Xlll.
709 2529 725 2559 p.
731 2521 767 2558 37⁶»

63 2559 118 2590 where
128 2570 138 2599 5
148 2560 188 2591 lives
195 2570 222 2591 are
227 2560 280 2598 given.
320 2558 326 2577 ⁷
336 2559 354 2590 E.
362 2558 422 2590 domiui
429 2559 458 2591 sui.
