1762 2803
120 162 164 204 310
311 148 390 200 suono
406 145 521 208 termut
536 144 629 207 anglie.

119 274 196 304 ruerunt
208 268 279 303 cuidam
291 268 341 303 fideli
354 270 390 303 duo
403 268 496 312 nigerrimi
507 268 547 310 viri,
561 268 640 301 eundem
652 268 766 301 sacerdotem
778 272 820 301 ante

120 322 197 357 ecclesie
210 321 278 356 ostium
290 321 357 355 strictis
368 321 446 356 vinculis
457 322 553 365 religatum
564 325 653 363 tenentes
667 325 685 353 et
698 321 761 354 oculos
772 320 821 354 illius

120 375 211 419 unguibus
220 379 310 415 eruentes,
319 374 417 418 multisque
429 385 471 408 eum
485 373 593 408 cruciatibus
605 378 717 416 torquentes,
725 384 821 416 quousque

120 428 171 471 virgo
183 431 246 461 sancta
253 438 264 460 a
272 427 311 460 loco
323 426 422 470 quietionis
434 437 517 470 surgens,
527 427 588 470 ipsum
596 427 619 460 de
627 425 712 460 manibus
724 426 821 469 impiorum

103 484 197 521 5erueret,
209 478 283 512 dicens:
296 479 402 521 ‘Dimittite,
411 479 478 519 miseri,
487 479 590 512 ministrum
602 480 674 512 meum’
698 478 726 512 Ex
738 490 760 512 ea
772 478 821 512 enirn

122 533 151 566 die
159 532 209 566 idern
219 532 306 565 sacerdos
316 531 410 565 oculorum
421 531 490 565 lumine
502 531 590 575 priuatus,
597 542 656 575 vsque
666 531 689 564 ad
701 531 749 565 diem
761 530 821 564 obitus

120 585 149 619 sui
157 585 211 629 digne
220 584 254 618 deo
263 590 281 619 et
288 583 355 628 virgini
364 589 427 619 sancte
436 584 532 619 seruiebat.
575 576 736 628 Archiepiscopus
748 584 822 627 quidam

120 638 263 672 dorobernensis
274 648 314 671 cum
325 637 388 681 plures
399 647 523 681 superuacues
531 641 549 671 et
556 636 631 671 inutiles
642 642 732 671 terrarum
744 637 822 671 cartulas

120 690 203 725 comburi
213 690 302 732 iussisset,
311 695 360 724 carta
371 690 482 725 territorium
493 695 556 724 sancte
566 689 653 733 Edburge
665 690 772 724 describens
783 689 821 732 igni

96 755 162 780 iocum
174 743 240 778 ceteris
252 744 297 778 sorte
309 743 380 785 iniecta,
391 743 457 777 ceteris
465 755 524 787 vsque
534 744 557 776 ad
568 742 638 777 sauillas
649 743 728 777 redactis
740 742 822 777 comburi

121 807 158 831 non
170 796 233 841 potuit.
279 790 367 830 Matrona
382 796 427 830 diris
442 797 521 829 cruciata
532 796 655 839 languoribus,
666 797 748 829 tumbam
760 800 823 830 sancte

122 849 208 893 Edburge
220 848 284 883 adiens
296 848 362 893 vigiliis
374 855 392 884 et
403 848 516 883 orationibus
527 848 627 882 insistebat.
651 848 674 882 Et
686 859 729 882 ecce
739 849 758 882 in
769 853 823 882 nocte

121 903 190 944 pasche
201 901 247 935 vidit
258 902 277 936 in
288 913 366 945 sompno
378 913 447 945 agnum
458 902 488 936 dei
499 903 522 936 de
534 902 607 944 superis
619 902 768 942 descendentem,
780 902 822 936 niue

122 954 252 997 candidiorem,
263 955 313 988 omni
320 960 417 988 venustate
427 955 556 997 pulchriorem,
568 964 624 998 super
634 959 698 997 pectus
709 955 748 987 eius
757 954 824 987 leniter

95 1023 113 1052 15
123 1007 224 1041 consistere
235 1012 253 1041 et
262 1018 282 1041 se
290 1007 370 1041 visitare.
393 1007 447 1041 Mane
459 1013 520 1041 antem
531 1007 577 1041 sacto
588 1018 629 1041 curn
640 1006 707 1050 ‘gloria
718 1007 737 1041 in
745 1006 824 1042 excelsis

123 1061 167 1094 deo’
180 1066 280 1102 caneretur,
292 1060 358 1093 mulier
368 1061 434 1094 eadem
443 1060 524 1103 perfecte
535 1064 617 1093 sanatam
628 1071 649 1093 se
660 1059 747 1102 sentiens,
757 1060 824 1103 gratias

123 1113 158 1147 deo
166 1112 250 1148 reddidit.
295 1106 346 1148 Cum
358 1114 444 1147 sacerdos
456 1113 530 1157 quidam
541 1123 552 1146 a
563 1112 609 1147 facie
622 1113 716 1147 Danorum
727 1114 750 1147 ad
762 1113 823 1157 sepul-

123 1167 187 1200 chrum
202 1172 265 1200 sancte
280 1166 357 1209 virginis
372 1166 490 1209 confugisset,
505 1166 599 1200 barbarica
617 1166 723 1200 austeritate
738 1177 780 1200 eum
795 1177 824 1199 ra·

122 1219 195 1261 pientes
207 1218 286 1252 diuersis
300 1219 396 1252 tormentis
409 1219 519 1261 affligebant.
543 1219 581 1251 Nec
594 1229 650 1260 mora,
664 1218 727 1252 diuina
740 1218 824 1262 protinus

78 1305 80 1309 ,
96 1286 115 1307 ao
123 1272 220 1304 subsecuta
239 1277 268 1305 est
284 1271 377 1305 vindicta:
397 1277 415 1304 et
433 1271 503 1304 ventris
524 1271 639 1304 intollerabili
662 1271 773 1304 resolutione
794 1272 824 1305 vel

123 1322 218 1366 sanguinis
237 1323 326 1356 effusione
347 1327 440 1356 momento
459 1333 516 1365 paruo
535 1321 587 1355 multi
605 1322 709 1362 interibant,
729 1333 825 1366 quousque

122 1380 208 1419 prompta
227 1381 289 1409 mente
308 1376 422 1409 sacerdotem
440 1375 491 1409 abire
514 1375 650 1418 compellerent.
706 1368 757 1410 Cum
781 1376 824 1410 furti

123 1429 197 1472 quidam
213 1433 288 1471 argutus
303 1429 362 1462 ablata
377 1428 473 1461 restituere
489 1433 599 1470 moneretur,
613 1427 711 1462 temerario
727 1439 757 1462 ore
772 1428 825 1462 talia¹

123 1480 206 1523 proferre
221 1490 258 1514 non
273 1480 349 1514 metuit:
367 1481 419 1514 ‘Non
434 1491 469 1522 me,
485 1480 549 1524 inquit,
564 1481 655 1523 dominus,
670 1486 783 1515 secretorum
797 1481 825 1514 in-

97 1545 115 1576 ²5
124 1538 202 1577 spector,
218 1543 278 1577 neque
293 1533 345 1577 virgo
364 1533 417 1568 beata
432 1532 523 1578 Edburga,
539 1532 590 1568 cuius
609 1545 657 1568 nunc
675 1533 736 1568 locum
751 1533 825 1579 aspicio,

123 1597 148 1620 ex
158 1586 192 1620 hoc
201 1596 282 1629 vnquam
293 1586 332 1620 loco
341 1586 404 1620 viuum
415 1585 493 1620 transire
505 1585 602 1630 permittat,
613 1586 629 1621 si
639 1586 681 1620 furti
690 1587 759 1621 crimen
770 1587 825 1622 michi

124 1639 234 1682 imputatum
249 1639 342 1672 commisi!
366 1640 390 1672 Et
405 1650 447 1672 ecce
462 1640 546 1681 protinus
561 1639 689 1673 intestinorum
704 1640 775 1674 viscera
791 1651 825 1683 per

124 1702 180 1725 anum
188 1689 257 1733 effudit,
265 1696 288 1733 et,
296 1696 315 1725 vt
322 1702 368 1725 voce
375 1691 444 1735 petiuit,
452 1691 505 1725 viuus
513 1703 524 1725 a
531 1692 570 1725 loco
579 1703 616 1725 non
624 1691 710 1726 surrexit.
755 1685 826 1727 Mulier

125 1745 204 1787 quedam
223 1744 277 1777 annis
295 1744 357 1777 multis
376 1744 511 1778 infirmitatibus
530 1746 604 1778 decocta
620 1756 661 1778 cum
679 1750 732 1779 nocte
747 1746 826 1789 quadam

97 1809 116 1838 30
124 1795 185 1840 sopori
201 1797 283 1829 membra
298 1795 384 1838 dedisset,
397 1796 482 1840 apparuit
495 1796 511 1830 ei
526 1797 606 1840 quedam
619 1796 685 1829 mulier
697 1797 825 1839 pulcherrima,

124 1848 198 1883 dicens:
216 1847 287 1893 ‘Surge
303 1853 321 1883 et
336 1849 359 1882 ad
375 1849 471 1883 ecclesiam
490 1849 549 1883 sancti
568 1849 650 1894 Gregorii
670 1849 768 1884 Cantuarie
784 1860 826 1894 pro-

124 1901 215 1942 ficiscens
231 1901 293 1935 lumen
309 1906 360 1935 tuum
376 1903 399 1936 ad
414 1902 495 1946 quietem
510 1907 573 1936 sancte
590 1903 677 1946 Edburge
694 1903 766 1942 deferre
785 1913 826 1938 cum

125 1953 223 1988 deuotione
235 1964 319 1998 propera,
334 1959 353 1988 vt
368 1956 424 1999 plena
438 1957 519 1999 gaudere
534 1955 595 1999 possis
611 1955 698 1989 sanitate!
722 1956 763 1997 Quo
774 1955 826 1998 sacto,

126 2012 207 2052 optatam
222 2007 305 2050 salutem,
320 2008 355 2041 deo
371 2008 440 2053 gratias
455 2019 519 2052 agens,
535 2009 558 2042 ad
574 2019 607 2043 sua
626 2008 730 2053 reportauit.
776 2001 827 2044 Can-

98 2060 183 2102 35tuarie
201 2070 246 2092 vero
264 2060 283 2092 in
302 2061 378 2093 cenobio
400 2061 458 2094 sancti
477 2061 559 2104 Gregorii
578 2062 666 2104 scriptum
685 2061 759 2104 repperi
778 2064 827 2104 qnod

125 2122 174 2145 anno
189 2111 259 2145 domini
274 2112 372 2146 millesimo
385 2112 572 2157 octuagesimoquinto
586 2114 609 2146 ab
623 2112 761 2157 archiepiscopo
773 2113 827 2146 Lam-

125 2164 188 2198 franco
196 2164 269 2198 suerunt
278 2166 301 2199 de
308 2165 382 2199 tumulis
390 2170 495 2200 sanctarum
503 2166 593 2199 Mildrede
601 2171 620 2200 et
628 2166 714 2209 Edburge
720 2167 739 2199 in
744 2166 828 2201 Theneto

126 2216 186 2251 insula
194 2217 263 2251 eleuate
271 2217 352 2260 reliquie,
361 2223 379 2252 et
387 2229 428 2252 curn
440 2218 520 2252 maximo
532 2218 602 2252 honore
610 2217 727 2252 Cantuariam
735 2218 828 2261 translate,

126 2270 170 2304 etin
179 2269 256 2304 ecclesia
264 2270 312 2304 beati
323 2270 412 2315 Gregorii,
420 2281 475 2315 quarn
486 2271 540 2315 paulo
550 2275 592 2305 ante
601 2272 624 2306 ad
632 2282 735 2315 pauperum
745 2271 828 2307 solamen

99 2337 119 2366 40
127 2328 250 2357 constructam
265 2323 359 2366 ditauerat,
372 2325 465 2358 collocate.
488 2325 509 2358 In
523 2324 634 2358 monasterio
645 2330 708 2358 tamen
720 2324 778 2358 sancti
789 2324 828 2358 Au-

126 2375 194 2420 gustini
211 2375 309 2410 Cantuarie
327 2376 415 2410 scrinium
431 2383 494 2410 sancte
510 2377 601 2411 Mildrede
619 2376 728 2418 ostenditur,
743 2381 761 2410 et
776 2376 829 2411 aliter

127 2439 182 2472 quam
197 2428 312 2472 premittitur,
324 2429 370 2464 sicut
381 2429 400 2463 in
412 2429 452 2464 eius
463 2431 500 2464 vita
511 2430 579 2464 ibidem
591 2434 686 2464 exaratum
699 2433 732 2471 est,
744 2434 762 2463 et
773 2439 829 2473 supra

127 2480 229 2525 legentibus
241 2482 332 2526 perpendi
344 2488 411 2526 potest,
424 2483 505 2517 habetur.
528 2483 611 2525 Quorum
626 2482 645 2515 in
661 2482 695 2515 hac
709 2487 761 2526 parte
774 2482 829 2516 alter-

128 2535 217 2567 cationem
232 2535 296 2576 peritis
312 2535 445 2569 discutiendam
464 2536 582 2578 relinquens;
598 2546 634 2578 que
649 2535 668 2568 in
683 2535 765 2578 vtrisque
784 2536 829 2569 locis

442 2592 476 2623 1Ε.
485 2593 518 2623 tali.
