<?xml version="1.0" encoding="UTF-8"?>
<!DOCTYPE html PUBLIC "-//W3C//DTD XHTML 1.0 Transitional//EN"
    "http://www.w3.org/TR/xhtml1/DTD/xhtml1-transitional.dtd">
<html xmlns="http://www.w3.org/1999/xhtml" xml:lang="en" lang="en">
 <head>
  <title>
</title>
<meta http-equiv="Content-Type" content="text/html;charset=utf-8" />
  <meta name='ocr-system' content='tesseract 3.04.00' />
  <meta name='ocr-capabilities' content='ocr_page ocr_carea ocr_par ocr_line ocrx_word'/>
</head>
<body>
  <div class='ocr_page' id='page_1' title='image "./MN5111ucmf_0/MN5111ucmf_0_0231.png"; bbox 0 0 1762 2803; ppageno 0'>
   <div class='ocr_carea' id='block_1_1' title="bbox 277 132 787 192">
    <p class='ocr_par' dir='ltr' id='par_1_1' title="bbox 277 132 787 192">
     <span class='ocr_line' id='line_1_1' title="bbox 277 132 787 192; baseline 0.006 -3"><span class='ocrx_word' id='word_1_1' title='bbox 277 133 323 189; x_wconf 68' lang='lat' dir='ltr'>Dc</span> <span class='ocrx_word' id='word_1_2' title='bbox 337 132 437 187; x_wconf 53' lang='lat' dir='ltr'>&amp;aaron</span> <span class='ocrx_word' id='word_1_3' title='bbox 452 133 600 187; x_wconf 67' lang='lat' dir='ltr'>totmanno.</span> <span class='ocrx_word' id='word_1_4' title='bbox 747 150 787 192; x_wconf 81' lang='lat'>141</span> 
     </span>
    </p>
   </div>
   <div class='ocr_carea' id='block_1_2' title="bbox 87 252 818 1730">
    <p class='ocr_par' dir='ltr' id='par_1_2' title="bbox 87 252 818 1730">
     <span class='ocr_line' id='line_1_2' title="bbox 87 252 790 300; baseline 0.009 -14"><span class='ocrx_word' id='word_1_5' title='bbox 87 252 159 288; x_wconf 89' lang='lat' dir='ltr'>lectulis</span> <span class='ocrx_word' id='word_1_6' title='bbox 171 259 189 289; x_wconf 92' lang='lat' dir='ltr'>et</span> <span class='ocrx_word' id='word_1_7' title='bbox 199 255 297 298; x_wconf 89' lang='lat' dir='ltr'>sedilibus;</span> <span class='ocrx_word' id='word_1_8' title='bbox 311 260 329 291; x_wconf 89' lang='lat' dir='ltr'>et</span> <span class='ocrx_word' id='word_1_9' title='bbox 341 266 407 300; x_wconf 86' lang='lat' dir='ltr'>aquam</span> <span class='ocrx_word' id='word_1_10' title='bbox 416 256 439 290; x_wconf 85' lang='lat' dir='ltr'>ad</span> <span class='ocrx_word' id='word_1_11' title='bbox 450 255 538 291; x_wconf 89' lang='lat' dir='ltr'>lauandos</span> <span class='ocrx_word' id='word_1_12' title='bbox 551 256 616 300; x_wconf 89' lang='lat' dir='ltr'>pedes.</span> <span class='ocrx_word' id='word_1_13' title='bbox 640 254 678 290; x_wconf 93' lang='lat' dir='ltr'>lllis</span> <span class='ocrx_word' id='word_1_14' title='bbox 691 260 752 291; x_wconf 84' lang='lat' dir='ltr'>autem</span> <span class='ocrx_word' id='word_1_15' title='bbox 761 267 790 292; x_wconf 88' lang='lat' dir='ltr'>re·</span> 
     </span>
     <span class='ocr_line' id='line_1_3' title="bbox 87 305 790 354; baseline 0.007 -15"><span class='ocrx_word' id='word_1_16' title='bbox 87 305 194 349; x_wconf 85' lang='lat' dir='ltr'>sidentibus,</span> <span class='ocrx_word' id='word_1_17' title='bbox 203 309 285 354; x_wconf 84' lang='lat' dir='ltr'>precepit</span> <span class='ocrx_word' id='word_1_18' title='bbox 295 309 324 343; x_wconf 89' lang='lat' dir='ltr'>vir</span> <span class='ocrx_word' id='word_1_19' title='bbox 333 309 363 343; x_wconf 90' lang='lat' dir='ltr'>dei</span> <span class='ocrx_word' id='word_1_20' title='bbox 376 309 431 343; x_wconf 90' lang='lat' dir='ltr'>sociis</span> <span class='ocrx_word' id='word_1_21' title='bbox 444 309 487 350; x_wconf 95' lang='lat' dir='ltr'>suis,</span> <span class='ocrx_word' id='word_1_22' title='bbox 500 309 574 344; x_wconf 86' lang='lat' dir='ltr'>dicens:</span> <span class='ocrx_word' id='word_1_23' title='bbox 587 310 670 350; x_wconf 86' lang='lat' dir='ltr'>‘Cauete,</span> <span class='ocrx_word' id='word_1_24' title='bbox 683 308 754 350; x_wconf 84' lang='lat' dir='ltr'>iratres,</span> <span class='ocrx_word' id='word_1_25' title='bbox 766 320 790 344; x_wconf 88' lang='lat' dir='ltr'>ne</span> 
     </span>
     <span class='ocr_line' id='line_1_4' title="bbox 87 360 789 407; baseline 0.004 -14"><span class='ocrx_word' id='word_1_26' title='bbox 87 360 174 395; x_wconf 78' lang='lat' dir='ltr'>sathanas</span> <span class='ocrx_word' id='word_1_27' title='bbox 188 363 277 406; x_wconf 85' lang='lat' dir='ltr'>perducat</span> <span class='ocrx_word' id='word_1_28' title='bbox 290 373 324 397; x_wconf 85' lang='lat' dir='ltr'>vos</span> <span class='ocrx_word' id='word_1_29' title='bbox 340 362 359 396; x_wconf 91' lang='lat' dir='ltr'>in</span> <span class='ocrx_word' id='word_1_30' title='bbox 374 362 518 407; x_wconf 69' lang='lat' dir='ltr'>temptationem.</span> <span class='ocrx_word' id='word_1_31' title='bbox 540 362 600 397; x_wconf 88' lang='lat' dir='ltr'>Video</span> <span class='ocrx_word' id='word_1_32' title='bbox 615 361 665 397; x_wconf 93' lang='lat' dir='ltr'>enim</span> <span class='ocrx_word' id='word_1_33' title='bbox 680 361 732 396; x_wconf 90' lang='lat' dir='ltr'>illum</span> <span class='ocrx_word' id='word_1_34' title='bbox 748 372 789 396; x_wconf 86' lang='lat' dir='ltr'>sua-</span> 
     </span>
     <span class='ocr_line' id='line_1_5' title="bbox 87 414 790 460; baseline 0.004 -14"><span class='ocrx_word' id='word_1_35' title='bbox 87 414 161 447; x_wconf 85' lang='lat' dir='ltr'>dentem</span> <span class='ocrx_word' id='word_1_36' title='bbox 176 416 207 448; x_wconf 89' lang='lat' dir='ltr'>vni</span> <span class='ocrx_word' id='word_1_37' title='bbox 219 427 242 450; x_wconf 89' lang='lat' dir='ltr'>ex</span> <span class='ocrx_word' id='word_1_38' title='bbox 257 416 315 450; x_wconf 91' lang='lat' dir='ltr'>tribus</span> <span class='ocrx_word' id='word_1_39' title='bbox 330 416 421 457; x_wconf 82' lang='lat' dir='ltr'>iratribus,</span> <span class='ocrx_word' id='word_1_40' title='bbox 435 416 465 460; x_wconf 91' lang='lat' dir='ltr'>qui</span> <span class='ocrx_word' id='word_1_41' title='bbox 481 422 522 460; x_wconf 83' lang='lat' dir='ltr'>post</span> <span class='ocrx_word' id='word_1_42' title='bbox 535 427 570 450; x_wconf 89' lang='lat' dir='ltr'>nos</span> <span class='ocrx_word' id='word_1_43' title='bbox 583 420 674 451; x_wconf 85' lang='lat' dir='ltr'>venerunt</span> <span class='ocrx_word' id='word_1_44' title='bbox 688 416 711 449; x_wconf 91' lang='lat' dir='ltr'>de</span> <span class='ocrx_word' id='word_1_45' title='bbox 726 421 790 450; x_wconf 88' lang='lat' dir='ltr'>nostro</span> 
     </span>
     <span class='ocr_line' id='line_1_6' title="bbox 87 467 808 514; baseline 0.003 -14"><span class='ocrx_word' id='word_1_46' title='bbox 87 468 204 510; x_wconf 87' lang='lat' dir='ltr'>monasterio,</span> <span class='ocrx_word' id='word_1_47' title='bbox 212 469 235 503; x_wconf 91' lang='lat' dir='ltr'>de</span> <span class='ocrx_word' id='word_1_48' title='bbox 245 469 293 503; x_wconf 82' lang='lat' dir='ltr'>furto</span> <span class='ocrx_word' id='word_1_49' title='bbox 301 469 394 513; x_wconf 89' lang='lat' dir='ltr'>pessimo:</span> <span class='ocrx_word' id='word_1_50' title='bbox 406 474 504 513; x_wconf 84' lang='lat' dir='ltr'>propterea</span> <span class='ocrx_word' id='word_1_51' title='bbox 514 475 565 504; x_wconf 88' lang='lat' dir='ltr'>orate</span> <span class='ocrx_word' id='word_1_52' title='bbox 576 479 611 514; x_wconf 88' lang='lat' dir='ltr'>pro</span> <span class='ocrx_word' id='word_1_53' title='bbox 622 468 684 502; x_wconf 85' lang='lat' dir='ltr'>anima</span> <span class='ocrx_word' id='word_1_54' title='bbox 693 467 739 510; x_wconf 89' lang='lat' dir='ltr'>eius,</span> <span class='ocrx_word' id='word_1_55' title='bbox 747 478 790 502; x_wconf 92' lang='lat' dir='ltr'>nam</span> <span class='ocrx_word' id='word_1_56' title='bbox 799 478 808 509; x_wconf 85' lang='lat'><strong>5</strong></span> 
     </span>
     <span class='ocr_line' id='line_1_7' title="bbox 87 519 791 566; baseline 0.006 -14"><span class='ocrx_word' id='word_1_57' title='bbox 87 529 129 552; x_wconf 87' lang='lat' dir='ltr'>caro</span> <span class='ocrx_word' id='word_1_58' title='bbox 145 519 184 555; x_wconf 92' lang='lat' dir='ltr'>eius</span> <span class='ocrx_word' id='word_1_59' title='bbox 199 522 264 556; x_wconf 89' lang='lat' dir='ltr'>tradita</span> <span class='ocrx_word' id='word_1_60' title='bbox 278 527 307 557; x_wconf 91' lang='lat' dir='ltr'>est</span> <span class='ocrx_word' id='word_1_61' title='bbox 322 522 341 556; x_wconf 91' lang='lat' dir='ltr'>in</span> <span class='ocrx_word' id='word_1_62' title='bbox 356 526 467 566; x_wconf 89' lang='lat' dir='ltr'>potestatem</span> <span class='ocrx_word' id='word_1_63' title='bbox 483 522 571 557; x_wconf 83' lang='lat' dir='ltr'>sathane&#39;</span> <span class='ocrx_word' id='word_1_64' title='bbox 593 522 627 557; x_wconf 90' lang='lat' dir='ltr'>llla</span> <span class='ocrx_word' id='word_1_65' title='bbox 641 521 707 556; x_wconf 92' lang='lat' dir='ltr'>domus</span> <span class='ocrx_word' id='word_1_66' title='bbox 722 520 741 555; x_wconf 92' lang='lat' dir='ltr'>in</span> <span class='ocrx_word' id='word_1_67' title='bbox 754 532 791 566; x_wconf 90' lang='lat' dir='ltr'>qua</span> 
     </span>
     <span class='ocr_line' id='line_1_8' title="bbox 87 572 790 620; baseline 0.004 -14"><span class='ocrx_word' id='word_1_68' title='bbox 87 572 197 614; x_wconf 83' lang='lat' dir='ltr'>residebant,</span> <span class='ocrx_word' id='word_1_69' title='bbox 206 580 244 609; x_wconf 88' lang='lat' dir='ltr'>erat</span> <span class='ocrx_word' id='word_1_70' title='bbox 252 575 304 619; x_wconf 86' lang='lat' dir='ltr'>quasi</span> <span class='ocrx_word' id='word_1_71' title='bbox 314 575 394 610; x_wconf 84' lang='lat' dir='ltr'>inserta¹</span> <span class='ocrx_word' id='word_1_72' title='bbox 401 575 420 609; x_wconf 94' lang='lat' dir='ltr'>in</span> <span class='ocrx_word' id='word_1_73' title='bbox 431 575 506 610; x_wconf 87' lang='lat' dir='ltr'>circuitu</span> <span class='ocrx_word' id='word_1_74' title='bbox 517 576 540 610; x_wconf 90' lang='lat' dir='ltr'>de</span> <span class='ocrx_word' id='word_1_75' title='bbox 549 574 698 620; x_wconf 82' lang='lat' dir='ltr'>appendentibus</span> <span class='ocrx_word' id='word_1_76' title='bbox 711 574 790 609; x_wconf 85' lang='lat' dir='ltr'>vasculis</span> 
     </span>
     <span class='ocr_line' id='line_1_9' title="bbox 87 624 789 672; baseline 0.006 -15"><span class='ocrx_word' id='word_1_77' title='bbox 87 624 155 659; x_wconf 91' lang='lat' dir='ltr'>diuersi</span> <span class='ocrx_word' id='word_1_78' title='bbox 163 627 237 670; x_wconf 86' lang='lat' dir='ltr'>generis</span> <span class='ocrx_word' id='word_1_79' title='bbox 245 627 317 669; x_wconf 89' lang='lat' dir='ltr'>metalli,</span> <span class='ocrx_word' id='word_1_80' title='bbox 325 628 382 662; x_wconf 86' lang='lat' dir='ltr'>frenis</span> <span class='ocrx_word' id='word_1_81' title='bbox 390 633 408 662; x_wconf 93' lang='lat' dir='ltr'>et</span> <span class='ocrx_word' id='word_1_82' title='bbox 416 628 502 662; x_wconf 87' lang='lat' dir='ltr'>cornibus</span> <span class='ocrx_word' id='word_1_83' title='bbox 510 628 626 662; x_wconf 85' lang='lat' dir='ltr'>circumdatis</span> <span class='ocrx_word' id='word_1_84' title='bbox 635 633 717 672; x_wconf 84' lang='lat' dir='ltr'>argento.</span> <span class='ocrx_word' id='word_1_85' title='bbox 737 627 789 661; x_wconf 86' lang='lat' dir='ltr'>Tunc</span> 
     </span>
     <span class='ocr_line' id='line_1_10' title="bbox 87 679 789 725; baseline 0.004 -14"><span class='ocrx_word' id='word_1_86' title='bbox 87 683 162 712; x_wconf 88' lang='lat' dir='ltr'>sanctus</span> <span class='ocrx_word' id='word_1_87' title='bbox 173 679 282 715; x_wconf 88' lang='lat' dir='ltr'>Brendanus</span> <span class='ocrx_word' id='word_1_88' title='bbox 293 680 348 715; x_wconf 85' lang='lat' dir='ltr'>dixit:</span> <span class='ocrx_word' id='word_1_89' title='bbox 365 681 497 715; x_wconf 83' lang='lat' dir='ltr'>‘Comedamus</span> <span class='ocrx_word' id='word_1_90' title='bbox 507 681 574 716; x_wconf 87' lang='lat' dir='ltr'>dehoc</span> <span class='ocrx_word' id='word_1_91' title='bbox 584 681 633 725; x_wconf 91' lang='lat' dir='ltr'>quod</span> <span class='ocrx_word' id='word_1_92' title='bbox 647 680 701 715; x_wconf 90' lang='lat' dir='ltr'>nobis</span> <span class='ocrx_word' id='word_1_93' title='bbox 713 680 789 715; x_wconf 86' lang='lat' dir='ltr'>contulit</span> 
     </span>
     <span class='ocr_line' id='line_1_11' title="bbox 87 730 818 777; baseline 0.001 -14"><span class='ocrx_word' id='word_1_94' title='bbox 87 730 172 766; x_wconf 91' lang='lat' dir='ltr'>dominus</span> <span class='ocrx_word' id='word_1_95' title='bbox 180 736 253 767; x_wconf 71' lang='lat' dir='ltr'>noster!</span> <span class='ocrx_word' id='word_1_96' title='bbox 269 734 292 767; x_wconf 90' lang='lat' dir='ltr'>Et</span> <span class='ocrx_word' id='word_1_97' title='bbox 300 733 408 774; x_wconf 84' lang='lat' dir='ltr'>residentes,</span> <span class='ocrx_word' id='word_1_98' title='bbox 416 734 535 768; x_wconf 87' lang='lat' dir='ltr'>inueniebant</span> <span class='ocrx_word' id='word_1_99' title='bbox 542 735 566 768; x_wconf 93' lang='lat' dir='ltr'>de</span> <span class='ocrx_word' id='word_1_100' title='bbox 574 734 614 768; x_wconf 88' lang='lat' dir='ltr'>cibo</span> <span class='ocrx_word' id='word_1_101' title='bbox 622 738 640 767; x_wconf 90' lang='lat' dir='ltr'>et</span> <span class='ocrx_word' id='word_1_102' title='bbox 647 739 692 777; x_wconf 85' lang='lat' dir='ltr'>potu</span> <span class='ocrx_word' id='word_1_103' title='bbox 700 739 789 777; x_wconf 86' lang='lat' dir='ltr'>quantum</span> <span class='ocrx_word' id='word_1_104' title='bbox 799 743 818 764; x_wconf 90' lang='lat' dir='ltr'>ro</span> 
     </span>
     <span class='ocr_line' id='line_1_12' title="bbox 87 783 789 831; baseline 0.007 -15"><span class='ocrx_word' id='word_1_105' title='bbox 87 783 176 818; x_wconf 82' lang='lat' dir='ltr'>volebant.</span> <span class='ocrx_word' id='word_1_106' title='bbox 200 785 223 819; x_wconf 87' lang='lat' dir='ltr'>Et</span> <span class='ocrx_word' id='word_1_107' title='bbox 234 791 330 830; x_wconf 88' lang='lat' dir='ltr'>surgentes</span> <span class='ocrx_word' id='word_1_108' title='bbox 339 787 363 820; x_wconf 91' lang='lat' dir='ltr'>de</span> <span class='ocrx_word' id='word_1_109' title='bbox 372 796 442 829; x_wconf 88' lang='lat' dir='ltr'>mensa,</span> <span class='ocrx_word' id='word_1_110' title='bbox 455 786 474 820; x_wconf 95' lang='lat' dir='ltr'>in</span> <span class='ocrx_word' id='word_1_111' title='bbox 486 786 563 827; x_wconf 82' lang='lat' dir='ltr'>lectulis,</span> <span class='ocrx_word' id='word_1_112' title='bbox 575 786 643 831; x_wconf 91' lang='lat' dir='ltr'>optime</span> <span class='ocrx_word' id='word_1_113' title='bbox 656 786 724 828; x_wconf 86' lang='lat' dir='ltr'>stratis,</span> <span class='ocrx_word' id='word_1_114' title='bbox 732 786 789 821; x_wconf 89' lang='lat' dir='ltr'>nimio</span> 
     </span>
     <span class='ocr_line' id='line_1_13' title="bbox 87 836 789 885; baseline 0.007 -15"><span class='ocrx_word' id='word_1_115' title='bbox 87 836 149 872; x_wconf 88' lang='lat' dir='ltr'>labore</span> <span class='ocrx_word' id='word_1_116' title='bbox 159 837 227 884; x_wconf 82' lang='lat' dir='ltr'>fatigati</span> <span class='ocrx_word' id='word_1_117' title='bbox 236 839 359 885; x_wconf 86' lang='lat' dir='ltr'>quiescebant.</span> <span class='ocrx_word' id='word_1_118' title='bbox 382 839 405 875; x_wconf 86' lang='lat' dir='ltr'>Et</span> <span class='ocrx_word' id='word_1_119' title='bbox 421 839 554 875; x_wconf 88' lang='lat' dir='ltr'>dormientibus</span> <span class='ocrx_word' id='word_1_120' title='bbox 566 838 658 881; x_wconf 81' lang='lat' dir='ltr'>iratribus,</span> <span class='ocrx_word' id='word_1_121' title='bbox 670 838 715 874; x_wconf 89' lang='lat' dir='ltr'>vidit</span> <span class='ocrx_word' id='word_1_122' title='bbox 731 839 789 875; x_wconf 88' lang='lat' dir='ltr'>Bren-</span> 
     </span>
     <span class='ocr_line' id='line_1_14' title="bbox 87 890 790 936; baseline 0.006 -13"><span class='ocrx_word' id='word_1_123' title='bbox 87 890 146 925; x_wconf 90' lang='lat' dir='ltr'>danus</span> <span class='ocrx_word' id='word_1_124' title='bbox 156 891 245 927; x_wconf 80' lang='lat' dir='ltr'>infantem</span> <span class='ocrx_word' id='word_1_125' title='bbox 257 892 355 936; x_wconf 87' lang='lat' dir='ltr'>ethiopem,</span> <span class='ocrx_word' id='word_1_126' title='bbox 367 893 465 926; x_wconf 89' lang='lat' dir='ltr'>habentem</span> <span class='ocrx_word' id='word_1_127' title='bbox 477 893 549 927; x_wconf 80' lang='lat' dir='ltr'>frenum</span> <span class='ocrx_word' id='word_1_128' title='bbox 562 893 581 927; x_wconf 90' lang='lat' dir='ltr'>in</span> <span class='ocrx_word' id='word_1_129' title='bbox 595 902 655 932; x_wconf 87' lang='lat' dir='ltr'>manu,</span> <span class='ocrx_word' id='word_1_130' title='bbox 668 896 686 926; x_wconf 89' lang='lat' dir='ltr'>et</span> <span class='ocrx_word' id='word_1_131' title='bbox 700 892 790 927; x_wconf 88' lang='lat' dir='ltr'>iocantem</span> 
     </span>
     <span class='ocr_line' id='line_1_15' title="bbox 87 944 789 989; baseline 0.001 -12"><span class='ocrx_word' id='word_1_132' title='bbox 87 948 129 977; x_wconf 85' lang='lat' dir='ltr'>ante</span> <span class='ocrx_word' id='word_1_133' title='bbox 147 945 251 987; x_wconf 88' lang='lat' dir='ltr'>predictum</span> <span class='ocrx_word' id='word_1_134' title='bbox 269 944 356 978; x_wconf 81' lang='lat' dir='ltr'>fratrem:</span> <span class='ocrx_word' id='word_1_135' title='bbox 376 944 400 978; x_wconf 90' lang='lat' dir='ltr'>Et</span> <span class='ocrx_word' id='word_1_136' title='bbox 418 956 496 989; x_wconf 85' lang='lat' dir='ltr'>surgens</span> <span class='ocrx_word' id='word_1_137' title='bbox 515 945 626 979; x_wconf 88' lang='lat' dir='ltr'>Brendanus</span> <span class='ocrx_word' id='word_1_138' title='bbox 640 944 756 988; x_wconf 83' lang='lat' dir='ltr'>pernoctauit</span> <span class='ocrx_word' id='word_1_139' title='bbox 771 944 789 979; x_wconf 91' lang='lat' dir='ltr'>in</span> 
     </span>
     <span class='ocr_line' id='line_1_16' title="bbox 87 996 818 1042; baseline 0.005 -13"><span class='ocrx_word' id='word_1_140' title='bbox 87 996 168 1030; x_wconf 89' lang='lat' dir='ltr'>oratione</span> <span class='ocrx_word' id='word_1_141' title='bbox 175 1008 233 1041; x_wconf 91' lang='lat' dir='ltr'>vsque</span> <span class='ocrx_word' id='word_1_142' title='bbox 245 998 268 1032; x_wconf 94' lang='lat' dir='ltr'>ad</span> <span class='ocrx_word' id='word_1_143' title='bbox 280 997 334 1032; x_wconf 89' lang='lat' dir='ltr'>diem.</span> <span class='ocrx_word' id='word_1_144' title='bbox 357 998 440 1042; x_wconf 89' lang='lat' dir='ltr'>Cumque</span> <span class='ocrx_word' id='word_1_145' title='bbox 451 998 470 1032; x_wconf 90' lang='lat' dir='ltr'>in</span> <span class='ocrx_word' id='word_1_146' title='bbox 481 997 541 1032; x_wconf 89' lang='lat' dir='ltr'>insula</span> <span class='ocrx_word' id='word_1_147' title='bbox 552 998 614 1033; x_wconf 87' lang='lat' dir='ltr'>diuina</span> <span class='ocrx_word' id='word_1_148' title='bbox 624 998 718 1033; x_wconf 87' lang='lat' dir='ltr'>voluntate</span> <span class='ocrx_word' id='word_1_149' title='bbox 730 998 790 1033; x_wconf 85' lang='lat' dir='ltr'>triduo</span> <span class='ocrx_word' id='word_1_150' title='bbox 800 1007 818 1037; x_wconf 81' lang='lat'>15</span> 
     </span>
     <span class='ocr_line' id='line_1_17' title="bbox 87 1049 789 1094; baseline 0.006 -12"><span class='ocrx_word' id='word_1_151' title='bbox 87 1049 165 1083; x_wconf 87' lang='lat' dir='ltr'>recreati</span> <span class='ocrx_word' id='word_1_152' title='bbox 176 1050 264 1093; x_wconf 81' lang='lat' dir='ltr'>suissent3</span> <span class='ocrx_word' id='word_1_153' title='bbox 276 1050 395 1094; x_wconf 85' lang='lat' dir='ltr'>pergentibus</span> <span class='ocrx_word' id='word_1_154' title='bbox 405 1050 490 1085; x_wconf 92' lang='lat' dir='ltr'>omnibus</span> <span class='ocrx_word' id='word_1_155' title='bbox 501 1051 524 1084; x_wconf 95' lang='lat' dir='ltr'>ad</span> <span class='ocrx_word' id='word_1_156' title='bbox 533 1061 606 1093; x_wconf 80' lang='lat' dir='ltr'>nauem,</span> <span class='ocrx_word' id='word_1_157' title='bbox 614 1049 659 1084; x_wconf 87' lang='lat' dir='ltr'>dixit</span> <span class='ocrx_word' id='word_1_158' title='bbox 668 1050 789 1086; x_wconf 91' lang='lat' dir='ltr'>Brendauus:</span> 
     </span>
     <span class='ocr_line' id='line_1_18' title="bbox 88 1101 790 1147; baseline 0.006 -14"><span class='ocrx_word' id='word_1_159' title='bbox 88 1101 169 1142; x_wconf 62' lang='lat' dir='ltr'>‘Videte</span> <span class='ocrx_word' id='word_1_160' title='bbox 177 1102 248 1145; x_wconf 82' lang='lat' dir='ltr'>fratres,</span> <span class='ocrx_word' id='word_1_161' title='bbox 256 1113 280 1135; x_wconf 94' lang='lat' dir='ltr'>ne</span> <span class='ocrx_word' id='word_1_162' title='bbox 288 1103 352 1146; x_wconf 89' lang='lat' dir='ltr'>aliquis</span> <span class='ocrx_word' id='word_1_163' title='bbox 360 1114 384 1136; x_wconf 87' lang='lat' dir='ltr'>ex</span> <span class='ocrx_word' id='word_1_164' title='bbox 391 1103 444 1136; x_wconf 91' lang='lat' dir='ltr'>vobis</span> <span class='ocrx_word' id='word_1_165' title='bbox 451 1103 519 1147; x_wconf 86' lang='lat' dir='ltr'>aliquid</span> <span class='ocrx_word' id='word_1_166' title='bbox 527 1104 551 1136; x_wconf 88' lang='lat' dir='ltr'>de</span> <span class='ocrx_word' id='word_1_167' title='bbox 559 1103 661 1137; x_wconf 86' lang='lat' dir='ltr'>substantia</span> <span class='ocrx_word' id='word_1_168' title='bbox 668 1102 721 1137; x_wconf 87' lang='lat' dir='ltr'>istius</span> <span class='ocrx_word' id='word_1_169' title='bbox 731 1103 790 1137; x_wconf 87' lang='lat' dir='ltr'>insule</span> 
     </span>
     <span class='ocr_line' id='line_1_19' title="bbox 87 1153 790 1200; baseline 0.004 -13"><span class='ocrx_word' id='word_1_170' title='bbox 87 1153 138 1188; x_wconf 86' lang='lat' dir='ltr'>tollat</span> <span class='ocrx_word' id='word_1_171' title='bbox 152 1157 226 1189; x_wconf 72' lang='lat' dir='ltr'>secum!</span> <span class='ocrx_word' id='word_1_172' title='bbox 249 1155 318 1197; x_wconf 83' lang='lat' dir='ltr'>‘Absit,</span> <span class='ocrx_word' id='word_1_173' title='bbox 333 1155 422 1199; x_wconf 90' lang='lat' dir='ltr'>inquiunt,</span> <span class='ocrx_word' id='word_1_174' title='bbox 437 1161 496 1199; x_wconf 86' lang='lat' dir='ltr'>pater,</span> <span class='ocrx_word' id='word_1_175' title='bbox 511 1160 530 1190; x_wconf 92' lang='lat' dir='ltr'>vt</span> <span class='ocrx_word' id='word_1_176' title='bbox 545 1155 612 1200; x_wconf 88' lang='lat' dir='ltr'>aliquid</span> <span class='ocrx_word' id='word_1_177' title='bbox 628 1155 671 1189; x_wconf 84' lang='lat' dir='ltr'>furti</span> <span class='ocrx_word' id='word_1_178' title='bbox 685 1155 741 1190; x_wconf 86' lang='lat' dir='ltr'>violet</span> <span class='ocrx_word' id='word_1_179' title='bbox 755 1155 790 1190; x_wconf 90' lang='lat' dir='ltr'>iter</span> 
     </span>
     <span class='ocr_line' id='line_1_20' title="bbox 87 1208 789 1253; baseline 0.006 -14"><span class='ocrx_word' id='word_1_180' title='bbox 87 1209 180 1241; x_wconf 79' lang='lat' dir='ltr'>nostrum.¹</span> <span class='ocrx_word' id='word_1_181' title='bbox 199 1208 251 1242; x_wconf 86' lang='lat' dir='ltr'>Tune</span> <span class='ocrx_word' id='word_1_182' title='bbox 258 1212 333 1242; x_wconf 87' lang='lat' dir='ltr'>sanctus</span> <span class='ocrx_word' id='word_1_183' title='bbox 341 1208 450 1242; x_wconf 87' lang='lat' dir='ltr'>Brendanus</span> <span class='ocrx_word' id='word_1_184' title='bbox 458 1208 514 1242; x_wconf 80' lang='lat' dir='ltr'>dixit:</span> <span class='ocrx_word' id='word_1_185' title='bbox 527 1208 586 1243; x_wconf 90' lang='lat' dir='ltr'>‘Ecce</span> <span class='ocrx_word' id='word_1_186' title='bbox 593 1208 650 1243; x_wconf 90' lang='lat' dir='ltr'>lrater</span> <span class='ocrx_word' id='word_1_187' title='bbox 657 1213 726 1250; x_wconf 89' lang='lat' dir='ltr'>noster,</span> <span class='ocrx_word' id='word_1_188' title='bbox 734 1219 789 1253; x_wconf 88' lang='lat' dir='ltr'>quem</span> 
     </span>
     <span class='ocr_line' id='line_1_21' title="bbox 87 1261 818 1306; baseline -0.001 -12"><span class='ocrx_word' id='word_1_189' title='bbox 87 1261 159 1303; x_wconf 80' lang='lat' dir='ltr'>predixi</span> <span class='ocrx_word' id='word_1_190' title='bbox 170 1262 222 1296; x_wconf 92' lang='lat' dir='ltr'>vobis</span> <span class='ocrx_word' id='word_1_191' title='bbox 235 1261 280 1303; x_wconf 89' lang='lat' dir='ltr'>heri,</span> <span class='ocrx_word' id='word_1_192' title='bbox 292 1262 346 1296; x_wconf 88' lang='lat' dir='ltr'>habet</span> <span class='ocrx_word' id='word_1_193' title='bbox 358 1262 431 1297; x_wconf 84' lang='lat' dir='ltr'>frenum</span> <span class='ocrx_word' id='word_1_194' title='bbox 441 1268 550 1306; x_wconf 87' lang='lat' dir='ltr'>argenteum</span> <span class='ocrx_word' id='word_1_195' title='bbox 562 1263 580 1297; x_wconf 91' lang='lat' dir='ltr'>in</span> <span class='ocrx_word' id='word_1_196' title='bbox 592 1263 633 1297; x_wconf 89' lang='lat' dir='ltr'>sinu</span> <span class='ocrx_word' id='word_1_197' title='bbox 645 1273 685 1304; x_wconf 85' lang='lat' dir='ltr'>suo,</span> <span class='ocrx_word' id='word_1_198' title='bbox 693 1263 742 1306; x_wconf 86' lang='lat' dir='ltr'>quod</span> <span class='ocrx_word' id='word_1_199' title='bbox 754 1263 789 1297; x_wconf 92' lang='lat' dir='ltr'>sibi</span> <span class='ocrx_word' id='word_1_200' title='bbox 799 1273 818 1294; x_wconf 78' lang='lat' dir='ltr'>zo</span> 
     </span>
     <span class='ocr_line' id='line_1_22' title="bbox 88 1313 788 1358; baseline 0.004 -12"><span class='ocrx_word' id='word_1_201' title='bbox 88 1313 121 1346; x_wconf 88' lang='lat' dir='ltr'>hac</span> <span class='ocrx_word' id='word_1_202' title='bbox 133 1319 186 1348; x_wconf 89' lang='lat' dir='ltr'>nocte</span> <span class='ocrx_word' id='word_1_203' title='bbox 197 1315 287 1358; x_wconf 86' lang='lat' dir='ltr'>dyabolus</span> <span class='ocrx_word' id='word_1_204' title='bbox 298 1314 381 1349; x_wconf 71' lang='lat' dir='ltr'>tradidit:</span> <span class='ocrx_word' id='word_1_205' title='bbox 404 1315 445 1356; x_wconf 82' lang='lat' dir='ltr'>Quo</span> <span class='ocrx_word' id='word_1_206' title='bbox 456 1315 522 1356; x_wconf 89' lang='lat' dir='ltr'>audito,</span> <span class='ocrx_word' id='word_1_207' title='bbox 530 1315 586 1349; x_wconf 87' lang='lat' dir='ltr'>frater</span> <span class='ocrx_word' id='word_1_208' title='bbox 593 1315 623 1349; x_wconf 93' lang='lat' dir='ltr'>ille</span> <span class='ocrx_word' id='word_1_209' title='bbox 634 1314 706 1349; x_wconf 85' lang='lat' dir='ltr'>iactauit</span> <span class='ocrx_word' id='word_1_210' title='bbox 717 1315 788 1349; x_wconf 80' lang='lat' dir='ltr'>frenum</span> 
     </span>
     <span class='ocr_line' id='line_1_23' title="bbox 88 1366 788 1412; baseline 0.006 -13"><span class='ocrx_word' id='word_1_211' title='bbox 88 1366 111 1400; x_wconf 91' lang='lat' dir='ltr'>de</span> <span class='ocrx_word' id='word_1_212' title='bbox 122 1366 163 1400; x_wconf 91' lang='lat' dir='ltr'>sinu</span> <span class='ocrx_word' id='word_1_213' title='bbox 174 1378 213 1409; x_wconf 90' lang='lat' dir='ltr'>suo,</span> <span class='ocrx_word' id='word_1_214' title='bbox 223 1372 241 1402; x_wconf 91' lang='lat' dir='ltr'>et</span> <span class='ocrx_word' id='word_1_215' title='bbox 250 1366 314 1402; x_wconf 89' lang='lat' dir='ltr'>cecidit</span> <span class='ocrx_word' id='word_1_216' title='bbox 323 1373 366 1402; x_wconf 90' lang='lat' dir='ltr'>ante</span> <span class='ocrx_word' id='word_1_217' title='bbox 376 1368 434 1412; x_wconf 88' lang='lat' dir='ltr'>pedes</span> <span class='ocrx_word' id='word_1_218' title='bbox 443 1367 478 1402; x_wconf 90' lang='lat' dir='ltr'>viri</span> <span class='ocrx_word' id='word_1_219' title='bbox 489 1368 523 1410; x_wconf 90' lang='lat' dir='ltr'>dei,</span> <span class='ocrx_word' id='word_1_220' title='bbox 531 1367 605 1403; x_wconf 88' lang='lat' dir='ltr'>diceus:</span> <span class='ocrx_word' id='word_1_221' title='bbox 618 1367 712 1409; x_wconf 76' lang='lat' dir='ltr'>‘Peccaui,</span> <span class='ocrx_word' id='word_1_222' title='bbox 723 1373 788 1412; x_wconf 88' lang='lat' dir='ltr'>pater:</span> 
     </span>
     <span class='ocr_line' id='line_1_24' title="bbox 87 1419 789 1464; baseline 0.003 -11"><span class='ocrx_word' id='word_1_223' title='bbox 87 1419 166 1463; x_wconf 83' lang='lat' dir='ltr'>ignosce,</span> <span class='ocrx_word' id='word_1_224' title='bbox 175 1425 193 1454; x_wconf 90' lang='lat' dir='ltr'>et</span> <span class='ocrx_word' id='word_1_225' title='bbox 200 1431 232 1454; x_wconf 88' lang='lat' dir='ltr'>ora</span> <span class='ocrx_word' id='word_1_226' title='bbox 239 1431 273 1464; x_wconf 89' lang='lat' dir='ltr'>pro</span> <span class='ocrx_word' id='word_1_227' title='bbox 283 1420 344 1454; x_wconf 90' lang='lat' dir='ltr'>anima</span> <span class='ocrx_word' id='word_1_228' title='bbox 352 1431 398 1462; x_wconf 87' lang='lat' dir='ltr'>mea,</span> <span class='ocrx_word' id='word_1_229' title='bbox 406 1432 430 1454; x_wconf 89' lang='lat' dir='ltr'>ne</span> <span class='ocrx_word' id='word_1_230' title='bbox 440 1421 523 1464; x_wconf 75' lang='lat' dir='ltr'>pereat¹.&#39;</span> <span class='ocrx_word' id='word_1_231' title='bbox 546 1420 647 1455; x_wconf 81' lang='lat' dir='ltr'>Confestim</span> <span class='ocrx_word' id='word_1_232' title='bbox 658 1431 723 1455; x_wconf 88' lang='lat' dir='ltr'>omnes</span> <span class='ocrx_word' id='word_1_233' title='bbox 734 1421 789 1455; x_wconf 88' lang='lat' dir='ltr'>simul</span> 
     </span>
     <span class='ocr_line' id='line_1_25' title="bbox 87 1473 789 1518; baseline 0.004 -13"><span class='ocrx_word' id='word_1_234' title='bbox 87 1477 227 1515; x_wconf 89' lang='lat' dir='ltr'>prostrauerunt</span> <span class='ocrx_word' id='word_1_235' title='bbox 241 1484 262 1507; x_wconf 90' lang='lat' dir='ltr'>se</span> <span class='ocrx_word' id='word_1_236' title='bbox 277 1473 300 1506; x_wconf 89' lang='lat' dir='ltr'>ad</span> <span class='ocrx_word' id='word_1_237' title='bbox 315 1478 388 1513; x_wconf 88' lang='lat' dir='ltr'>terram,</span> <span class='ocrx_word' id='word_1_238' title='bbox 404 1474 525 1517; x_wconf 86' lang='lat' dir='ltr'>deprecantes</span> <span class='ocrx_word' id='word_1_239' title='bbox 542 1474 598 1508; x_wconf 91' lang='lat' dir='ltr'>deum</span> <span class='ocrx_word' id='word_1_240' title='bbox 616 1484 651 1518; x_wconf 91' lang='lat' dir='ltr'>pro</span> <span class='ocrx_word' id='word_1_241' title='bbox 668 1473 729 1507; x_wconf 86' lang='lat' dir='ltr'>anima</span> <span class='ocrx_word' id='word_1_242' title='bbox 744 1474 789 1508; x_wconf 88' lang='lat' dir='ltr'>eius.</span> 
     </span>
     <span class='ocr_line' id='line_1_26' title="bbox 88 1524 818 1572; baseline 0.001 -15"><span class='ocrx_word' id='word_1_243' title='bbox 88 1524 169 1559; x_wconf 87' lang='lat' dir='ltr'>Eleuatis</span> <span class='ocrx_word' id='word_1_244' title='bbox 176 1535 187 1559; x_wconf 88' lang='lat' dir='ltr'>a</span> <span class='ocrx_word' id='word_1_245' title='bbox 195 1530 244 1560; x_wconf 88' lang='lat' dir='ltr'>terra</span> <span class='ocrx_word' id='word_1_246' title='bbox 252 1525 342 1566; x_wconf 83' lang='lat' dir='ltr'>fratribus,</span> <span class='ocrx_word' id='word_1_247' title='bbox 350 1525 436 1560; x_wconf 88' lang='lat' dir='ltr'>viderunt</span> <span class='ocrx_word' id='word_1_248' title='bbox 444 1526 537 1571; x_wconf 90' lang='lat' dir='ltr'>ethiopem</span> <span class='ocrx_word' id='word_1_249' title='bbox 545 1525 654 1572; x_wconf 77' lang='lat' dir='ltr'>paruulum³</span> <span class='ocrx_word' id='word_1_250' title='bbox 661 1526 685 1561; x_wconf 92' lang='lat' dir='ltr'>de</span> <span class='ocrx_word' id='word_1_251' title='bbox 693 1525 734 1561; x_wconf 93' lang='lat' dir='ltr'>sinu</span> <span class='ocrx_word' id='word_1_252' title='bbox 742 1526 790 1562; x_wconf 91' lang='lat' dir='ltr'>illius</span> <span class='ocrx_word' id='word_1_253' title='bbox 800 1537 807 1558; x_wconf 77' lang='lat' dir='ltr'>a</span> <span class='ocrx_word' id='word_1_254' title='bbox 810 1537 818 1568; x_wconf 84' lang='lat'>5</span> 
     </span>
     <span class='ocr_line' id='line_1_27' title="bbox 87 1577 790 1623; baseline 0.006 -13"><span class='ocrx_word' id='word_1_255' title='bbox 87 1577 148 1611; x_wconf 81' lang='lat' dir='ltr'>fratris</span> <span class='ocrx_word' id='word_1_256' title='bbox 159 1584 257 1613; x_wconf 90' lang='lat' dir='ltr'>exeuntem</span> <span class='ocrx_word' id='word_1_257' title='bbox 262 1578 274 1620; x_wconf 83' lang='lat'>⁴,</span> <span class='ocrx_word' id='word_1_258' title='bbox 279 1589 324 1613; x_wconf 88' lang='lat' dir='ltr'>voce</span> <span class='ocrx_word' id='word_1_259' title='bbox 334 1589 400 1623; x_wconf 83' lang='lat' dir='ltr'>magna</span> <span class='ocrx_word' id='word_1_260' title='bbox 408 1580 507 1614; x_wconf 88' lang='lat' dir='ltr'>vlulantem</span> <span class='ocrx_word' id='word_1_261' title='bbox 516 1590 537 1615; x_wconf 90' lang='lat' dir='ltr'>ac</span> <span class='ocrx_word' id='word_1_262' title='bbox 545 1580 648 1615; x_wconf 87' lang='lat' dir='ltr'>dicentem:</span> <span class='ocrx_word' id='word_1_263' title='bbox 661 1579 748 1621; x_wconf 86' lang='lat' dir='ltr'>‘Cur,vir</span> <span class='ocrx_word' id='word_1_264' title='bbox 755 1580 790 1620; x_wconf 91' lang='lat' dir='ltr'>dei,</span> 
     </span>
     <span class='ocr_line' id='line_1_28' title="bbox 88 1630 790 1678; baseline 0.004 -14"><span class='ocrx_word' id='word_1_265' title='bbox 88 1630 111 1664; x_wconf 89' lang='lat' dir='ltr'>de</span> <span class='ocrx_word' id='word_1_266' title='bbox 123 1630 233 1666; x_wconf 85' lang='lat' dir='ltr'>habitatione</span> <span class='ocrx_word' id='word_1_267' title='bbox 244 1642 291 1674; x_wconf 88' lang='lat' dir='ltr'>mea,</span> <span class='ocrx_word' id='word_1_268' title='bbox 298 1630 317 1666; x_wconf 91' lang='lat' dir='ltr'>in</span> <span class='ocrx_word' id='word_1_269' title='bbox 326 1643 362 1676; x_wconf 91' lang='lat' dir='ltr'>qua</span> <span class='ocrx_word' id='word_1_270' title='bbox 371 1631 455 1674; x_wconf 88' lang='lat' dir='ltr'>habitaui,</span> <span class='ocrx_word' id='word_1_271' title='bbox 463 1643 494 1667; x_wconf 89' lang='lat' dir='ltr'>me</span> <span class='ocrx_word' id='word_1_272' title='bbox 504 1632 587 1678; x_wconf 86' lang='lat' dir='ltr'>expellis,</span> <span class='ocrx_word' id='word_1_273' title='bbox 595 1638 613 1668; x_wconf 92' lang='lat' dir='ltr'>et</span> <span class='ocrx_word' id='word_1_274' title='bbox 621 1631 665 1667; x_wconf 85' lang='lat' dir='ltr'>sacis</span> <span class='ocrx_word' id='word_1_275' title='bbox 676 1643 707 1667; x_wconf 87' lang='lat' dir='ltr'>me</span> <span class='ocrx_word' id='word_1_276' title='bbox 714 1632 790 1667; x_wconf 88' lang='lat' dir='ltr'>alienari</span> 
     </span>
     <span class='ocr_line' id='line_1_29' title="bbox 88 1684 796 1730; baseline 0.006 -13"><span class='ocrx_word' id='word_1_277' title='bbox 88 1684 110 1717; x_wconf 87' lang='lat' dir='ltr'>ab</span> <span class='ocrx_word' id='word_1_278' title='bbox 122 1684 222 1719; x_wconf 90' lang='lat' dir='ltr'>hereditate</span> <span class='ocrx_word' id='word_1_279' title='bbox 234 1686 296 1719; x_wconf 79' lang='lat' dir='ltr'>meai&#39;</span> <span class='ocrx_word' id='word_1_280' title='bbox 319 1685 353 1719; x_wconf 89' lang='lat' dir='ltr'>Cui</span> <span class='ocrx_word' id='word_1_281' title='bbox 365 1685 474 1719; x_wconf 89' lang='lat' dir='ltr'>Brendanus</span> <span class='ocrx_word' id='word_1_282' title='bbox 486 1686 522 1720; x_wconf 82' lang='lat' dir='ltr'>ait:</span> <span class='ocrx_word' id='word_1_283' title='bbox 534 1686 630 1730; x_wconf 89' lang='lat' dir='ltr'>‘Precipio</span> <span class='ocrx_word' id='word_1_284' title='bbox 641 1685 673 1719; x_wconf 89' lang='lat' dir='ltr'>tibi</span> <span class='ocrx_word' id='word_1_285' title='bbox 684 1685 703 1719; x_wconf 90' lang='lat' dir='ltr'>in</span> <span class='ocrx_word' id='word_1_286' title='bbox 715 1686 796 1729; x_wconf 50' lang='lat' dir='ltr'>nomine„</span> 
     </span>
    </p>
   </div>
   <div class='ocr_carea' id='block_1_3' title="bbox 88 1736 820 2141">
    <p class='ocr_par' dir='ltr' id='par_1_3' title="bbox 88 1736 820 2141">
     <span class='ocr_line' id='line_1_30' title="bbox 88 1736 790 1782; baseline 0.004 -13"><span class='ocrx_word' id='word_1_287' title='bbox 88 1736 157 1769; x_wconf 92' lang='lat' dir='ltr'>domini</span> <span class='ocrx_word' id='word_1_288' title='bbox 166 1736 224 1770; x_wconf 89' lang='lat' dir='ltr'>nostri</span> <span class='ocrx_word' id='word_1_289' title='bbox 234 1737 290 1771; x_wconf 90' lang='lat' dir='ltr'>Ihesu</span> <span class='ocrx_word' id='word_1_290' title='bbox 298 1737 371 1779; x_wconf 85' lang='lat' dir='ltr'>Christi,</span> <span class='ocrx_word' id='word_1_291' title='bbox 379 1742 398 1771; x_wconf 90' lang='lat' dir='ltr'>vt</span> <span class='ocrx_word' id='word_1_292' title='bbox 409 1737 479 1771; x_wconf 91' lang='lat' dir='ltr'>nullum</span> <span class='ocrx_word' id='word_1_293' title='bbox 487 1738 580 1772; x_wconf 89' lang='lat' dir='ltr'>hominem</span> <span class='ocrx_word' id='word_1_294' title='bbox 588 1738 640 1772; x_wconf 90' lang='lat' dir='ltr'>ledas</span> <span class='ocrx_word' id='word_1_295' title='bbox 646 1748 706 1782; x_wconf 81' lang='lat' dir='ltr'>usque</span> <span class='ocrx_word' id='word_1_296' title='bbox 713 1737 733 1771; x_wconf 92' lang='lat' dir='ltr'>in</span> <span class='ocrx_word' id='word_1_297' title='bbox 741 1738 790 1772; x_wconf 86' lang='lat' dir='ltr'>diem</span> 
     </span>
     <span class='ocr_line' id='line_1_31' title="bbox 88 1789 820 1836; baseline 0.004 -13"><span class='ocrx_word' id='word_1_298' title='bbox 88 1789 159 1824; x_wconf 73' lang='lat' dir='ltr'>iudicii!</span> <span class='ocrx_word' id='word_1_299' title='bbox 182 1791 206 1824; x_wconf 86' lang='lat' dir='ltr'>Et</span> <span class='ocrx_word' id='word_1_300' title='bbox 221 1800 322 1825; x_wconf 89' lang='lat' dir='ltr'>conuersus</span> <span class='ocrx_word' id='word_1_301' title='bbox 337 1792 360 1825; x_wconf 88' lang='lat' dir='ltr'>ad</span> <span class='ocrx_word' id='word_1_302' title='bbox 375 1791 450 1825; x_wconf 79' lang='lat' dir='ltr'>fratrem</span> <span class='ocrx_word' id='word_1_303' title='bbox 463 1791 520 1833; x_wconf 89' lang='lat' dir='ltr'>illum,</span> <span class='ocrx_word' id='word_1_304' title='bbox 532 1792 589 1826; x_wconf 82' lang='lat' dir='ltr'>dixit:</span> <span class='ocrx_word' id='word_1_305' title='bbox 607 1791 675 1825; x_wconf 81' lang='lat' dir='ltr'>‘Sume</span> <span class='ocrx_word' id='word_1_306' title='bbox 690 1801 758 1836; x_wconf 88' lang='lat' dir='ltr'>corpus</span> <span class='ocrx_word' id='word_1_307' title='bbox 773 1797 791 1826; x_wconf 89' lang='lat' dir='ltr'>et</span> <span class='ocrx_word' id='word_1_308' title='bbox 800 1801 820 1831; x_wconf 76' lang='lat'>30</span> 
     </span>
     <span class='ocr_line' id='line_1_32' title="bbox 88 1843 790 1888; baseline 0.003 -12"><span class='ocrx_word' id='word_1_309' title='bbox 88 1843 196 1886; x_wconf 83' lang='lat' dir='ltr'>sanguinem</span> <span class='ocrx_word' id='word_1_310' title='bbox 205 1843 285 1877; x_wconf 90' lang='lat' dir='ltr'>domini:</span> <span class='ocrx_word' id='word_1_311' title='bbox 297 1845 340 1886; x_wconf 93' lang='lat' dir='ltr'>quia</span> <span class='ocrx_word' id='word_1_312' title='bbox 347 1843 408 1877; x_wconf 89' lang='lat' dir='ltr'>anima</span> <span class='ocrx_word' id='word_1_313' title='bbox 416 1849 446 1878; x_wconf 89' lang='lat' dir='ltr'>tua</span> <span class='ocrx_word' id='word_1_314' title='bbox 455 1845 510 1878; x_wconf 93' lang='lat' dir='ltr'>modo</span> <span class='ocrx_word' id='word_1_315' title='bbox 518 1843 652 1887; x_wconf 67' lang='lat' dir='ltr'>egredieturla</span> <span class='ocrx_word' id='word_1_316' title='bbox 662 1854 739 1888; x_wconf 83' lang='lat' dir='ltr'>corpore</span> <span class='ocrx_word' id='word_1_317' title='bbox 747 1850 778 1879; x_wconf 89' lang='lat' dir='ltr'>tuo</span> <span class='ocrx_word' id='word_1_318' title='bbox 785 1856 790 1886; x_wconf 76' lang='grc' dir='ltr'>ς</span> 
     </span>
     <span class='ocr_line' id='line_1_33' title="bbox 89 1895 790 1939; baseline 0.004 -11"><span class='ocrx_word' id='word_1_319' title='bbox 89 1895 117 1929; x_wconf 89' lang='lat' dir='ltr'>hic</span> <span class='ocrx_word' id='word_1_320' title='bbox 129 1895 178 1929; x_wconf 91' lang='lat' dir='ltr'>enim</span> <span class='ocrx_word' id='word_1_321' title='bbox 191 1895 224 1929; x_wconf 85' lang='lat' dir='ltr'>erit</span> <span class='ocrx_word' id='word_1_322' title='bbox 235 1896 286 1930; x_wconf 89' lang='lat' dir='ltr'>loeus</span> <span class='ocrx_word' id='word_1_323' title='bbox 297 1896 391 1939; x_wconf 84' lang='lat' dir='ltr'>sepulture</span> <span class='ocrx_word' id='word_1_324' title='bbox 400 1901 436 1930; x_wconf 88' lang='lat' dir='ltr'>tue.</span> <span class='ocrx_word' id='word_1_325' title='bbox 460 1896 524 1930; x_wconf 87' lang='lat' dir='ltr'>Frater</span> <span class='ocrx_word' id='word_1_326' title='bbox 534 1902 595 1931; x_wconf 84' lang='lat' dir='ltr'>autem</span> <span class='ocrx_word' id='word_1_327' title='bbox 607 1902 654 1938; x_wconf 90' lang='lat' dir='ltr'>tuus,</span> <span class='ocrx_word' id='word_1_328' title='bbox 663 1896 694 1939; x_wconf 91' lang='lat' dir='ltr'>qui</span> <span class='ocrx_word' id='word_1_329' title='bbox 705 1896 755 1930; x_wconf 91' lang='lat' dir='ltr'>venit</span> <span class='ocrx_word' id='word_1_330' title='bbox 767 1898 790 1931; x_wconf 91' lang='lat' dir='ltr'>de</span> 
     </span>
     <span class='ocr_line' id='line_1_34' title="bbox 88 1947 791 1993; baseline 0.003 -12"><span class='ocrx_word' id='word_1_331' title='bbox 88 1948 199 1982; x_wconf 88' lang='lat' dir='ltr'>monasterio</span> <span class='ocrx_word' id='word_1_332' title='bbox 207 1953 270 1982; x_wconf 89' lang='lat' dir='ltr'>nostro</span> <span class='ocrx_word' id='word_1_333' title='bbox 277 1952 344 1989; x_wconf 88' lang='lat' dir='ltr'>tecum,</span> <span class='ocrx_word' id='word_1_334' title='bbox 349 1947 368 1981; x_wconf 93' lang='lat' dir='ltr'>in</span> <span class='ocrx_word' id='word_1_335' title='bbox 376 1947 448 1982; x_wconf 90' lang='lat' dir='ltr'>inferno</span> <span class='ocrx_word' id='word_1_336' title='bbox 456 1948 550 1992; x_wconf 88' lang='lat' dir='ltr'>sepulture</span> <span class='ocrx_word' id='word_1_337' title='bbox 558 1949 617 1982; x_wconf 89' lang='lat' dir='ltr'>locum</span> <span class='ocrx_word' id='word_1_338' title='bbox 626 1947 692 1982; x_wconf 65' lang='lat' dir='ltr'>habet!</span> <span class='ocrx_word' id='word_1_339' title='bbox 708 1948 791 1993; x_wconf 87' lang='lat' dir='ltr'>Accepta</span> 
     </span>
     <span class='ocr_line' id='line_1_35' title="bbox 88 2000 791 2045; baseline 0.003 -11"><span class='ocrx_word' id='word_1_340' title='bbox 88 2001 149 2045; x_wconf 90' lang='lat' dir='ltr'>itaque</span> <span class='ocrx_word' id='word_1_341' title='bbox 157 2001 270 2042; x_wconf 86' lang='lat' dir='ltr'>eucharistia,</span> <span class='ocrx_word' id='word_1_342' title='bbox 278 2001 302 2035; x_wconf 91' lang='lat' dir='ltr'>de</span> <span class='ocrx_word' id='word_1_343' title='bbox 313 2011 389 2045; x_wconf 87' lang='lat' dir='ltr'>corpore</span> <span class='ocrx_word' id='word_1_344' title='bbox 397 2011 473 2045; x_wconf 86' lang='lat' dir='ltr'>egressa</span> <span class='ocrx_word' id='word_1_345' title='bbox 481 2007 508 2035; x_wconf 90' lang='lat' dir='ltr'>est</span> <span class='ocrx_word' id='word_1_346' title='bbox 516 2001 577 2036; x_wconf 87' lang='lat' dir='ltr'>anima</span> <span class='ocrx_word' id='word_1_347' title='bbox 584 2000 651 2042; x_wconf 83' lang='lat' dir='ltr'>fratris,</span> <span class='ocrx_word' id='word_1_348' title='bbox 656 2005 680 2043; x_wconf 89' lang='lat' dir='ltr'>et,</span> <span class='ocrx_word' id='word_1_349' title='bbox 685 2001 791 2036; x_wconf 88' lang='lat' dir='ltr'>videntibus</span> 
     </span>
     <span class='ocr_line' id='line_1_36' title="bbox 88 2034 818 2141; baseline 0 -53"><span class='ocrx_word' id='word_1_350' title='bbox 88 2054 179 2096; x_wconf 84' lang='lat' dir='ltr'>iratribus,</span> <span class='ocrx_word' id='word_1_351' title='bbox 191 2055 214 2088; x_wconf 88' lang='lat' dir='ltr'>ab</span> <span class='ocrx_word' id='word_1_352' title='bbox 226 2054 296 2098; x_wconf 85' lang='lat' dir='ltr'>angelis</span> <span class='ocrx_word' id='word_1_353' title='bbox 309 2054 354 2088; x_wconf 88' lang='lat' dir='ltr'>lucis</span> <span class='ocrx_word' id='word_1_354' title='bbox 368 2034 557 2141; x_wconf 44' lang='lat' dir='ltr'>susceptaJSepulto</span> <span class='ocrx_word' id='word_1_355' title='bbox 569 2060 630 2088; x_wconf 88' lang='lat' dir='ltr'>autem</span> <span class='ocrx_word' id='word_1_356' title='bbox 641 2054 660 2087; x_wconf 94' lang='lat' dir='ltr'>in</span> <span class='ocrx_word' id='word_1_357' title='bbox 672 2055 738 2088; x_wconf 88' lang='lat' dir='ltr'>eodem</span> <span class='ocrx_word' id='word_1_358' title='bbox 750 2055 790 2089; x_wconf 89' lang='lat' dir='ltr'>loco</span> <span class='ocrx_word' id='word_1_359' title='bbox 799 2064 818 2094; x_wconf 76' lang='lat'>35</span> 
     </span>
    </p>
   </div>
   <div class='ocr_carea' id='block_1_4' title="bbox 88 2106 820 2521">
    <p class='ocr_par' dir='ltr' id='par_1_4' title="bbox 88 2106 820 2521">
     <span class='ocr_line' id='line_1_37' title="bbox 88 2106 790 2151; baseline 0.001 -10"><span class='ocrx_word' id='word_1_360' title='bbox 88 2106 128 2141; x_wconf 93' lang='lat' dir='ltr'>eius</span> <span class='ocrx_word' id='word_1_361' title='bbox 136 2118 218 2151; x_wconf 82' lang='lat' dir='ltr'>corpore,</span> <span class='ocrx_word' id='word_1_362' title='bbox 227 2113 245 2142; x_wconf 92' lang='lat' dir='ltr'>et</span> <span class='ocrx_word' id='word_1_363' title='bbox 252 2106 362 2141; x_wconf 87' lang='lat' dir='ltr'>intrantibus</span> <span class='ocrx_word' id='word_1_364' title='bbox 372 2117 439 2141; x_wconf 90' lang='lat' dir='ltr'>nauem</span> <span class='ocrx_word' id='word_1_365' title='bbox 465 2107 540 2150; x_wconf 91' lang='lat' dir='ltr'>atribus,</span> <span class='ocrx_word' id='word_1_366' title='bbox 548 2107 626 2142; x_wconf 82' lang='lat' dir='ltr'>occurrit</span> <span class='ocrx_word' id='word_1_367' title='bbox 633 2106 706 2141; x_wconf 91' lang='lat' dir='ltr'>iuuenis</span> <span class='ocrx_word' id='word_1_368' title='bbox 714 2112 790 2151; x_wconf 86' lang='lat' dir='ltr'>portans</span> 
     </span>
     <span class='ocr_line' id='line_1_38' title="bbox 88 2159 790 2205; baseline 0 -11"><span class='ocrx_word' id='word_1_369' title='bbox 88 2160 188 2204; x_wconf 88' lang='lat' dir='ltr'>cophinum</span> <span class='ocrx_word' id='word_1_370' title='bbox 197 2161 273 2204; x_wconf 91' lang='lat' dir='ltr'>plenum</span> <span class='ocrx_word' id='word_1_371' title='bbox 283 2159 367 2204; x_wconf 91' lang='lat' dir='ltr'>panibus,</span> <span class='ocrx_word' id='word_1_372' title='bbox 379 2166 397 2194; x_wconf 89' lang='lat' dir='ltr'>et</span> <span class='ocrx_word' id='word_1_373' title='bbox 408 2160 517 2204; x_wconf 87' lang='lat' dir='ltr'>amphoram</span> <span class='ocrx_word' id='word_1_374' title='bbox 528 2171 585 2205; x_wconf 82' lang='lat' dir='ltr'>aque3</span> <span class='ocrx_word' id='word_1_375' title='bbox 597 2159 628 2205; x_wconf 90' lang='lat' dir='ltr'>qui</span> <span class='ocrx_word' id='word_1_376' title='bbox 638 2159 694 2195; x_wconf 89' lang='lat' dir='ltr'>dixit:</span> <span class='ocrx_word' id='word_1_377' title='bbox 707 2160 790 2195; x_wconf 88' lang='lat' dir='ltr'>‘Sumite</span> 
     </span>
     <span class='ocr_line' id='line_1_39' title="bbox 88 2212 789 2256; baseline 0.003 -10"><span class='ocrx_word' id='word_1_378' title='bbox 88 2213 236 2247; x_wconf 85' lang='lat' dir='ltr'>benedictionem</span> <span class='ocrx_word' id='word_1_379' title='bbox 252 2214 275 2247; x_wconf 91' lang='lat' dir='ltr'>de</span> <span class='ocrx_word' id='word_1_380' title='bbox 290 2223 346 2246; x_wconf 89' lang='lat' dir='ltr'>manu</span> <span class='ocrx_word' id='word_1_381' title='bbox 361 2212 410 2247; x_wconf 88' lang='lat' dir='ltr'>serui</span> <span class='ocrx_word' id='word_1_382' title='bbox 425 2213 492 2249; x_wconf 87' lang='lat' dir='ltr'>vestrl:</span> <span class='ocrx_word' id='word_1_383' title='bbox 512 2219 569 2248; x_wconf 90' lang='lat' dir='ltr'>restat</span> <span class='ocrx_word' id='word_1_384' title='bbox 583 2212 636 2248; x_wconf 89' lang='lat' dir='ltr'>vobis</span> <span class='ocrx_word' id='word_1_385' title='bbox 655 2213 729 2256; x_wconf 84' lang='lat' dir='ltr'>longum</span> <span class='ocrx_word' id='word_1_386' title='bbox 744 2212 789 2256; x_wconf 72' lang='lat' dir='ltr'>iter,</span> 
     </span>
     <span class='ocr_line' id='line_1_40' title="bbox 88 2265 790 2311; baseline 0.001 -11"><span class='ocrx_word' id='word_1_387' title='bbox 88 2270 150 2300; x_wconf 89' lang='lat' dir='ltr'>tamen</span> <span class='ocrx_word' id='word_1_388' title='bbox 161 2277 197 2301; x_wconf 90' lang='lat' dir='ltr'>non</span> <span class='ocrx_word' id='word_1_389' title='bbox 207 2266 280 2301; x_wconf 87' lang='lat' dir='ltr'>deficiet</span> <span class='ocrx_word' id='word_1_390' title='bbox 288 2265 341 2300; x_wconf 90' lang='lat' dir='ltr'>vobis</span> <span class='ocrx_word' id='word_1_391' title='bbox 350 2265 403 2310; x_wconf 90' lang='lat' dir='ltr'>panis</span> <span class='ocrx_word' id='word_1_392' title='bbox 412 2277 472 2311; x_wconf 89' lang='lat' dir='ltr'>neque</span> <span class='ocrx_word' id='word_1_393' title='bbox 481 2278 528 2311; x_wconf 89' lang='lat' dir='ltr'>aqua</span> <span class='ocrx_word' id='word_1_394' title='bbox 535 2277 594 2311; x_wconf 88' lang='lat' dir='ltr'>vsque</span> <span class='ocrx_word' id='word_1_395' title='bbox 603 2265 682 2311; x_wconf 70' lang='lat' dir='ltr'>pascha:</span> <span class='ocrx_word' id='word_1_396' title='bbox 706 2265 729 2300; x_wconf 86' lang='lat' dir='ltr'>Et</span> <span class='ocrx_word' id='word_1_397' title='bbox 736 2276 790 2311; x_wconf 87' lang='lat' dir='ltr'>cepe·</span> 
     </span>
     <span class='ocr_line' id='line_1_41' title="bbox 88 2318 820 2362; baseline 0.003 -11"><span class='ocrx_word' id='word_1_398' title='bbox 88 2324 131 2352; x_wconf 88' lang='lat' dir='ltr'>runt</span> <span class='ocrx_word' id='word_1_399' title='bbox 142 2320 234 2362; x_wconf 86' lang='lat' dir='ltr'>nauigare,</span> <span class='ocrx_word' id='word_1_400' title='bbox 242 2328 317 2361; x_wconf 86' lang='lat' dir='ltr'>semper</span> <span class='ocrx_word' id='word_1_401' title='bbox 328 2318 347 2351; x_wconf 92' lang='lat' dir='ltr'>in</span> <span class='ocrx_word' id='word_1_402' title='bbox 358 2319 414 2352; x_wconf 90' lang='lat' dir='ltr'>biduo</span> <span class='ocrx_word' id='word_1_403' title='bbox 425 2320 458 2353; x_wconf 71' lang='lat' dir='ltr'>sel</span> <span class='ocrx_word' id='word_1_404' title='bbox 467 2320 580 2360; x_wconf 84' lang='lat' dir='ltr'>reficientes;</span> <span class='ocrx_word' id='word_1_405' title='bbox 592 2324 610 2353; x_wconf 90' lang='lat' dir='ltr'>et</span> <span class='ocrx_word' id='word_1_406' title='bbox 620 2318 791 2361; x_wconf 90' lang='lat' dir='ltr'>appropinquantes</span> <span class='ocrx_word' id='word_1_407' title='bbox 799 2328 820 2357; x_wconf 83' lang='lat'>40</span> 
     </span>
     <span class='ocr_line' id='line_1_42' title="bbox 88 2370 791 2414; baseline 0.001 -10"><span class='ocrx_word' id='word_1_408' title='bbox 88 2370 160 2404; x_wconf 89' lang='lat' dir='ltr'>cuidam</span> <span class='ocrx_word' id='word_1_409' title='bbox 171 2371 236 2412; x_wconf 87' lang='lat' dir='ltr'>insule,</span> <span class='ocrx_word' id='word_1_410' title='bbox 244 2375 335 2406; x_wconf 91' lang='lat' dir='ltr'>venerunt</span> <span class='ocrx_word' id='word_1_411' title='bbox 346 2371 369 2404; x_wconf 88' lang='lat' dir='ltr'>ad</span> <span class='ocrx_word' id='word_1_412' title='bbox 379 2376 458 2414; x_wconf 88' lang='lat' dir='ltr'>portum.</span> <span class='ocrx_word' id='word_1_413' title='bbox 481 2371 504 2405; x_wconf 86' lang='lat' dir='ltr'>Et</span> <span class='ocrx_word' id='word_1_414' title='bbox 515 2376 604 2405; x_wconf 88' lang='lat' dir='ltr'>exeuntes</span> <span class='ocrx_word' id='word_1_415' title='bbox 615 2370 639 2404; x_wconf 87' lang='lat' dir='ltr'>de</span> <span class='ocrx_word' id='word_1_416' title='bbox 650 2370 698 2410; x_wconf 89' lang='lat' dir='ltr'>naui,</span> <span class='ocrx_word' id='word_1_417' title='bbox 705 2370 791 2405; x_wconf 92' lang='lat' dir='ltr'>viderunt</span> 
     </span>
     <span class='ocr_line' id='line_1_43' title="bbox 89 2423 791 2468; baseline 0.003 -12"><span class='ocrx_word' id='word_1_418' title='bbox 89 2435 146 2467; x_wconf 89' lang='lat' dir='ltr'>aquas</span> <span class='ocrx_word' id='word_1_419' title='bbox 154 2423 266 2468; x_wconf 85' lang='lat' dir='ltr'>largissimas</span> <span class='ocrx_word' id='word_1_420' title='bbox 272 2435 296 2457; x_wconf 87' lang='lat' dir='ltr'>ex</span> <span class='ocrx_word' id='word_1_421' title='bbox 302 2423 380 2457; x_wconf 85' lang='lat' dir='ltr'>diuersis</span> <span class='ocrx_word' id='word_1_422' title='bbox 388 2423 560 2468; x_wconf 82' lang='lat' dir='ltr'>lontibus,piscibus</span> <span class='ocrx_word' id='word_1_423' title='bbox 567 2423 643 2468; x_wconf 80' lang='lat' dir='ltr'>plenas:</span> <span class='ocrx_word' id='word_1_424' title='bbox 655 2428 674 2456; x_wconf 84' lang='lat' dir='ltr'>et</span> <span class='ocrx_word' id='word_1_425' title='bbox 682 2430 791 2458; x_wconf 86' lang='lat' dir='ltr'>manserunt</span> 
     </span>
     <span class='ocr_line' id='line_1_44' title="bbox 88 2475 792 2521; baseline 0.003 -12"><span class='ocrx_word' id='word_1_426' title='bbox 88 2476 107 2510; x_wconf 93' lang='lat' dir='ltr'>in</span> <span class='ocrx_word' id='word_1_427' title='bbox 115 2476 175 2511; x_wconf 87' lang='lat' dir='ltr'>insula</span> <span class='ocrx_word' id='word_1_428' title='bbox 182 2488 193 2511; x_wconf 87' lang='lat' dir='ltr'>a</span> <span class='ocrx_word' id='word_1_429' title='bbox 201 2488 246 2512; x_wconf 89' lang='lat' dir='ltr'>cena</span> <span class='ocrx_word' id='word_1_430' title='bbox 254 2476 323 2511; x_wconf 92' lang='lat' dir='ltr'>domini</span> <span class='ocrx_word' id='word_1_431' title='bbox 330 2487 389 2520; x_wconf 93' lang='lat' dir='ltr'>vsque</span> <span class='ocrx_word' id='word_1_432' title='bbox 396 2477 419 2510; x_wconf 90' lang='lat' dir='ltr'>ad</span> <span class='ocrx_word' id='word_1_433' title='bbox 425 2476 506 2521; x_wconf 85' lang='lat' dir='ltr'>vigiliam</span> <span class='ocrx_word' id='word_1_434' title='bbox 514 2477 587 2521; x_wconf 91' lang='lat' dir='ltr'>pasche.</span> <span class='ocrx_word' id='word_1_435' title='bbox 610 2475 634 2509; x_wconf 86' lang='lat' dir='ltr'>Et</span> <span class='ocrx_word' id='word_1_436' title='bbox 641 2476 792 2519; x_wconf 87' lang='lat' dir='ltr'>perambulantes</span> 
     </span>
    </p>
   </div>
   <div class='ocr_carea' id='block_1_5' title="bbox 87 2545 793 2617">
    <p class='ocr_par' dir='ltr' id='par_1_5' title="bbox 87 2545 793 2617">
     <span class='ocr_line' id='line_1_45' title="bbox 87 2545 793 2617; baseline 0 -40"><span class='ocrx_word' id='word_1_437' title='bbox 87 2545 215 2617; x_wconf 43' lang='lat' dir='ltr'>&#39;gllssljlrtcerta</span> <span class='ocrx_word' id='word_1_438' title='bbox 235 2546 332 2585; x_wconf 82' lang='lat' dir='ltr'>¹E.pen‘at.</span> <span class='ocrx_word' id='word_1_439' title='bbox 372 2546 500 2585; x_wconf 74' lang='lat' dir='ltr'>³E.pemu1um.</span> <span class='ocrx_word' id='word_1_440' title='bbox 536 2545 629 2577; x_wconf 64' lang='lat' dir='ltr'>*alexim</span> <span class='ocrx_word' id='word_1_441' title='bbox 666 2545 793 2585; x_wconf 66' lang='lat' dir='ltr'>’Regreditun</span> 
     </span>
    </p>
   </div>
   <div class='ocr_carea' id='block_1_6' title="bbox 0 0 887 2803">
    <p class='ocr_par' dir='ltr' id='par_1_6' title="bbox 0 0 887 2803">
     <span class='ocr_line' id='line_1_46' title="bbox 0 0 887 2803; baseline 0 0"><span class='ocrx_word' id='word_1_442' title='bbox 0 0 887 2803; x_wconf 95' lang='lat' dir='ltr'> </span> 
     </span>
    </p>
   </div>
  </div>
 </body>
</html>
