1762 2803
60 134 193 174 isanriae-r
211 125 256 180 me
270 123 307 178 m.
319 125 451 177 uumunuu
466 134 523 186 reue
538 130 562 177 et
575 129 693 186 marture.
716 129 761 180 667

59 247 111 279 beato
124 245 189 279 martiri
202 245 293 286 offerebat3
311 256 344 289 que
359 246 382 279 ad
394 246 506 281 deuucionem
521 246 626 281 intuencium
641 246 698 280 multis
713 246 763 280 annis

60 296 106 329 iuxta
113 294 193 329 teretrum
200 296 325 338 dependebant.

61 381 141 456 ANno
152 379 217 413 domini
228 380 328 413 tt⁰.cc⁰.lxx.
340 386 376 413 erat
388 379 458 422 quidam
469 381 590 423 paterfamilias
601 380 648 424 apud
660 380 762 414 Donwicum

122 429 169 463 cuius
182 430 253 462 domurn
266 436 349 462 nocturno
363 435 440 471 tempore
455 430 531 471 aggressi
546 437 586 463 sunt
601 430 671 473 quidam
686 431 762 462 latrones

61 478 153 521 infringere
165 484 182 512 et
193 478 296 522 depredari3
308 478 335 522 qui
346 479 368 512 de
377 478 453 512 humano
463 479 543 513 diffidens
554 480 643 521 adiutorio,
654 481 676 514 ad
686 480 763 514 diuinum
772 491 780 521 5

61 541 80 564 se
90 530 173 563 conuertit
184 529 283 573 presidium.
307 530 377 563 interim
389 530 429 563 dum
440 530 515 565 latrones
526 536 610 565 conantur
620 531 763 566 machinamentis

61 581 128 614 aditum
137 581 169 614 sibi
180 591 277 623 preparare,
288 581 364 622 prefatus
375 580 503 622 paterfamilias,
514 581 542 614 tilo
553 581 570 614 in
582 581 653 614 circuitu
662 582 723 614 domus
734 592 764 614 sue

62 631 132 665 interius
140 631 261 672 circumducto,
267 637 341 674 votoque
349 630 372 664 ad
380 636 458 664 sanctum
466 630 578 664 Edmundum
587 630 652 673 [facto],
660 631 687 665 dei
696 638 713 665 et
720 631 764 665 eius-

62 681 102 714 dem
113 681 168 714 sancti
178 681 283 723 proteccioni
294 692 312 714 se
323 679 414 714 commisit.
437 681 476 722 Quo
484 681 540 714 facto:
552 682 608 714 dictos
615 682 690 714 latrones
700 682 765 714 meritis

62 731 117 763 sancti
131 731 220 764 Edrnundi
232 731 274 764 deus
286 730 303 762 in
315 737 381 763 tantum
393 729 497 772 compescuit
509 736 527 763 vt
538 730 593 763 eciam
605 730 680 764 aditibus
690 731 765 773 undique
775 740 793 761 ιο

62 780 152 824 patefactis
160 780 216 815 aditus
224 780 256 815 sibi
264 781 341 816 inuenire
349 792 384 816 non
392 786 467 825 possent.

78 918 178 957 QUOMODO
190 925 275 950 SANCTUS
288 919 401 950 EDMUNDUS
412 924 500 950 TERRUlT
511 923 579 949 REGEM
591 917 715 957 EDWARDUM,
727 922 752 948 Eo

142 974 196 1006 QUOD
207 973 331 999 cruentarunt
342 973 434 1000 Ecclesia
445 974 466 999 ΙΝ
478 973 536 1000 MANU
548 972 584 1001 ΒΗΑ
596 973 688 1000 CEPERAT.

101 1051 139 1083 lrca
154 1061 218 1083 annrrm
232 1049 296 1084 domini
313 1048 401 1092 arccxcj,
414 1060 444 1083 rex
458 1048 554 1084 Edwardus
569 1049 613 1084 filius
628 1049 672 1093 regis
688 1049 766 1091 Hearici,

121 1112 153 1143 pro
162 1101 227 1143 guerris
237 1101 272 1135 suis
283 1111 343 1134 omnes
353 1101 441 1135 libertates
449 1100 515 1143 Anglie,
523 1107 540 1134 et
549 1101 623 1135 maxime
630 1101 705 1134 uirorum
713 1101 766 1134 eccle-

63 1151 175 1191 siasticorum,
183 1151 201 1184 in
208 1162 260 1184 manu
268 1161 299 1184 sua
306 1151 377 1184 seisiuit.
400 1152 438 1192 Quo
445 1151 496 1191 facto,
505 1151 575 1193 quilibet
583 1151 658 1193 prelatus
664 1151 726 1191 Anglie
734 1161 766 1192 pro

63 1200 141 1234 libertate
152 1201 223 1235 ecclesie
234 1211 270 1243 sue,
280 1206 298 1233 vt
309 1200 332 1234 ad
342 1206 406 1234 statum
417 1199 508 1243 pristinum
518 1211 556 1234 eam
566 1200 660 1242 reduceret,
671 1200 794 1246 laborauit515

63 1250 107 1284 inter
114 1262 157 1294 quos
167 1251 222 1285 abbas
232 1251 287 1285 sancti
296 1251 383 1285 Edrnundi
392 1252 478 1284 lohannes
489 1251 563 1294 nomine,
571 1257 589 1284 vt
599 1251 670 1285 ecclesie
678 1262 708 1285 sue
716 1251 766 1285 iiber-

64 1308 117 1335 tatern
130 1308 241 1345 recuperaret,
255 1303 351 1347 sumptibus
364 1303 432 1345 magnis
444 1309 461 1336 et
476 1302 562 1336 laboribus
575 1303 624 1345 quasi
637 1302 723 1337 continuis
736 1303 766 1336 de·

64 1354 145 1386 certabat.
171 1355 201 1386 Set
216 1354 258 1386 dum
273 1353 357 1396 cupiditas
373 1353 407 1385 iam
422 1352 501 1393 excreuit,
517 1358 534 1386 et
548 1352 663 1395 malignorum
678 1352 766 1387 consilium

64 1403 136 1436 instituit
147 1410 166 1436 vt
176 1404 272 1446 postposita
283 1404 311 1436 dei
324 1411 341 1436 et
354 1409 452 1436 sanctorum
465 1403 564 1436 reuerencia
577 1404 647 1436 omnino
658 1403 695 1436 fisci
708 1404 765 1436 mede-

64 1459 122 1485 rentur
136 1453 240 1494 ingiuuiem:
257 1453 365 1496 perpendens
379 1454 434 1486 abbas
449 1453 524 1495 prefatus
539 1452 629 1486 hominum
644 1452 727 1486 duriciam
742 1453 766 1485 in·
776 1467 796 1488 ao

64 1513 164 1544 grauescere
183 1510 200 1537 et
218 1510 316 1537 sanctorum
334 1504 449 1537 reuerenciam
466 1508 483 1536 et
501 1503 633 1538 sanctimoniam
652 1502 735 1545 obliuisci,
750 1510 767 1537 et

64 1553 139 1596 seipsum
154 1554 176 1588 ad
191 1555 258 1588 labores
272 1555 340 1588 ulterius
355 1564 390 1588 non
404 1555 487 1595 sufficere,
501 1559 556 1588 cartas
569 1553 697 1597 priuilegiorum
712 1553 767 1587 sancti

65 1604 154 1637 Edrnundi
161 1604 206 1646 regis
213 1610 230 1638 et
238 1604 312 1637 martiris
320 1615 331 1637 a
338 1605 407 1646 regibus
415 1606 464 1637 datas
474 1610 491 1637 et
501 1615 513 1638 a
522 1604 650 1638 successoribus
658 1604 768 1638 confirmatas

65 1653 82 1685 in
97 1654 210 1696 parliamento
225 1656 271 1697 apud
282 1655 454 1689 Westmonasterinm
468 1653 537 1698 protulit
553 1654 570 1687 in
585 1653 648 1695 medio,
662 1654 686 1688 sic
700 1654 767 1688 dicens:

65 1704 151 1738 ‘Domine
166 1705 190 1737 mi
205 1716 239 1745 rex,
255 1706 384 1748 predecessores
398 1706 423 1738 tui
438 1704 527 1747 priuilegia
543 1710 603 1738 sancto
618 1704 712 1738 Edmundo
726 1715 768 1738 con·
778 1718 796 1748 ²5

65 1761 158 1796 cesserunt,
167 1766 240 1798 quorum
247 1762 294 1789 carte
302 1763 389 1799 presentes
396 1761 446 1797 sunt;
458 1766 491 1799 que
499 1755 568 1799 quidem
577 1754 665 1798 priuilegia
673 1755 768 1789 voluntarie

65 1805 149 1839 reuocasti
161 1812 178 1840 et
189 1806 261 1840 detines.
283 1808 306 1840 Et
320 1817 353 1847 ego
365 1806 413 1839 senio
425 1807 512 1839 confectus
524 1811 541 1839 et
553 1805 640 1839 laboribus
653 1818 684 1849 pro
696 1806 729 1839 illis
743 1817 768 1839 re-

65 1856 167 1896 cuperandis
175 1855 279 1895 debilitatus,
287 1856 331 1889 vitra
341 1857 420 1898 prosequi
431 1867 466 1888 non
474 1856 528 1896 valeo,
536 1862 562 1888 set
571 1866 629 1889 coram
637 1866 704 1888 summo
712 1856 768 1888 iudice

66 1914 135 1937 causam
148 1904 193 1937 inter
205 1905 293 1939 martirem
304 1906 416 1938 Edmundum
430 1910 447 1938 et
460 1905 550 1938 ecclesiam
563 1905 605 1946 eius,
618 1910 636 1938 et
648 1910 666 1938 te
679 1905 769 1939 dominum

65 1965 123 1987 meum
136 1961 227 1995 terrenum,
240 1956 365 1989 terminandam
378 1956 477 1989 committo!
500 1957 523 1989 Et
536 1955 633 1989 ualedicens
648 1955 684 1998 regi
697 1962 714 1990 et
729 1965 768 1999 pro·
778 1966 798 1998 30

66 2006 138 2045 ceribus,
145 2006 198 2038 tristis
208 2005 277 2039 recessit
287 2007 310 2039 acl
320 2006 389 2048 propria
399 2007 477 2039 tendens
501 2008 578 2049 Cumque
587 2012 638 2039 nocte
648 2013 730 2049 sequente
740 2017 769 2039 rex

66 2055 84 2088 in
94 2061 147 2089 stratu
158 2067 188 2090 suo
197 2056 291 2099 quiesceret
301 2063 319 2090 ut
330 2056 430 2090 affectatum
440 2062 508 2099 caperet
519 2066 609 2098 soporem:
621 2062 691 2099 repente
701 2057 769 2090 territus

66 2112 136 2149 propter
146 2106 234 2150 quandam
242 2106 327 2140 visionem
337 2106 369 2139 sibi
380 2112 474 2147 ostensam,
482 2106 504 2139 de
514 2112 568 2139 stratu
578 2116 610 2139 suo
620 2107 698 2149 prosiliit,
706 2117 770 2141 vocans

66 2166 111 2197 suos,
118 2162 134 2189 et
140 2156 233 2189 vociferans
241 2156 286 2198 quod
294 2161 362 2189 sanctus
368 2156 472 2189 Edmundus
479 2155 535 2198 ipsum
542 2156 615 2189 alterum
622 2166 680 2198 regern
686 2157 770 2197 Suanum,

66 2218 118 2250 quern
129 2206 176 2250 apud
187 2207 322 2251 Geynesbarghe
334 2206 424 2249 occiderat,
435 2206 500 2242 faceret
510 2206 602 2250 puniendo.
624 2208 648 2242 Et
662 2208 720 2242 statim
731 2214 770 2250 post
778 2218 798 2250 35

66 2257 105 2292 fecit
116 2258 217 2301 proclamari
226 2259 272 2301 quod
280 2258 375 2301 quicunque
386 2255 485 2292 libertates¹
496 2256 580 2301 persecuti
592 2257 664 2299 fuerant,
675 2257 712 2292 sine
722 2269 770 2292 mora

67 2310 90 2341 ad
102 2309 167 2342 curiam
178 2313 294 2351 properarent,
306 2319 383 2342 asserens
395 2308 441 2352 quod
452 2315 522 2342 sanctus
533 2309 637 2342 Edmundus
648 2309 726 2342 vexillum
739 2320 770 2352 pro

67 2358 139 2401 singulis
150 2359 236 2392 ererisset·

343 2430 348 2451 ¹
359 2430 394 2462 MS.
401 2430 495 2462 libertatum.
