1762 2803
79 136 81 142 ¹
133 111 178 154 628
397 108 521 169 appatuit:
538 110 571 155 ΙΙ.

134 231 201 266 diuiciis
207 232 310 275 prepollens,
315 232 344 275 qui
350 230 425 266 crebrius
431 232 481 266 huius
487 231 511 266 rei
518 231 576 274 gracia
581 230 652 273 virginis
658 241 708 265 aures
715 232 800 275 pulsabat,
806 237 837 271 sed

133 283 198 317 nullmn
209 283 277 325 penitus
287 289 387 327 extorquere
397 288 465 326 poterat
475 293 570 316 assensum.
593 284 649 326 Super
659 293 693 325 quo
703 283 782 318 diabolus
792 284 837 320 indi-

133 338 201 376 gnatus,
209 334 253 367 illius
261 333 292 367 viri
300 333 382 367 mentitus
390 333 466 376 speciem
475 344 506 376 per
515 339 618 368 nocturnum
628 334 713 376 soporem,
721 334 766 367 sicut
776 337 837 371 eadem

134 383 182 425 virgo
190 394 259 416 narrare
267 384 317 417 solita
324 389 356 425 est,
364 383 442 426 apparuit
450 383 466 416 ei
474 383 543 417 dicens:
555 383 616 417 ‘Vnde
625 382 656 416 tibi
666 388 715 416 tanta
725 383 811 419 temeritas
819 393 837 420 vt

118 441 126 472 5
135 443 167 467 nec
174 443 212 466 mee
220 443 252 467 nec
261 438 351 476 parentum
360 433 468 477 obtemperes
478 432 567 474 volontati,
575 433 683 476 aspernando
692 444 732 467 mea
742 434 838 472 connubia?

135 495 158 518 an
165 484 209 517 fone
216 484 269 517 michi
277 484 351 527 aliquem
359 483 464 527 pretulistit'
482 485 514 518 Cui
522 484 550 517 illa
558 496 561 517 :
574 484 622 516 ‘Nec
629 489 651 524 te,
660 484 719 527 inquit,
728 495 760 517 nec
768 485 838 520 alterum

134 544 243 577 quemquam,
248 534 431 568 setdominurnmeum
437 535 506 568 ihesum
512 535 598 567 Christum
603 534 655 567 michi
661 544 744 577 sponsum
749 535 802 577 elegi!
815 537 838 571 At

135 584 173 617 ille:
186 584 290 624 ‘Noueram,
297 585 327 625 ait,
335 590 353 618 et
360 585 403 625 ego¹
411 585 457 626 quod
467 584 587 617 monachicam
597 584 668 616 anheles
676 585 838 622 conuersationem:

135 638 161 667 set
172 633 215 667 scito
223 644 328 676 prenoscens
336 635 376 677 quia
383 645 485 679 quocunque
493 635 524 667 sub
532 634 583 666 huius
590 633 674 678 propositi
683 633 792 677 [peragendi]
800 646 838 678 per·

110 694 128 714 10
136 685 199 720 rexeris
208 687 284 726 obtentu,
293 695 326 728 ego
334 691 350 719 te
358 685 449 728 precedam
457 690 474 718 et
482 685 577 727 ingressum
585 683 615 718 tibi
624 684 744 728 precludam².’
763 686 815 728 Quod
822 693 838 722 et

136 736 200 769 facturn
211 741 243 769 est.
266 737 313 769 Nam
324 741 384 778 postea
394 735 470 769 diuersas
478 736 523 777 cepit
533 737 605 769 lustrare
616 734 714 778 prouincias
726 741 744 769 et
753 736 839 778 virginum

136 785 207 819 circuire
213 786 320 827 monasteria,
327 796 395 828 semper
402 791 459 819 tamen
467 785 556 827 peticionis
565 796 595 819 sne
601 786 701 819 cassabatur
708 786 775 820 effectu.
789 789 839 823 Vnde

137 841 154 869 et
161 836 225 869 factum
232 842 259 869 est
265 842 282 869 vt
290 837 313 869 ad
319 842 396 869 sanctum
403 836 519 878 Edmundum‚
528 835 627 869 Baldewino
635 841 675 869 tunc
683 836 745 870 abbate
751 835 839 879 imitante,

137 887 190 920 immo
202 886 270 919 Christo
283 892 360 927 vocante,
373 885 459 923 venirettl
470 887 570 929 Quesnocte
583 886 663 928 quadam,
675 891 693 919 ut
706 886 735 927 ait,
748 896 787 920 cum
798 898 839 921 noc-

111 937 230 974 returnalibus
243 936 310 978 ympnis
323 947 362 969 cum
375 936 480 979 pedissequa
493 936 582 969 festinaret
595 936 683 977 interesse,
696 936 805 981 venissetque
817 939 840 971 ad

136 985 175 1020 atrii
187 991 260 1029 portam,
270 986 317 1029 prior
325 986 372 1019 illam
380 985 464 1029 aperuttt,
474 992 586 1031 apertamque
599 996 686 1030 quousque
696 986 799 1031 pedissequa
809 997 840 1023 sua

137 1037 232 1078 transisset,
242 1036 294 1079 [ipsa]
307 1037 367 1071 tenuit.
394 1039 450 1079 Quam
461 1048 501 1071 curn
515 1038 579 1070 sensim
591 1037 615 1070 ad
627 1047 646 1070 se
661 1036 717 1069 redire
730 1037 840 1079 permitteret,

137 1086 248 1121 vehementia
254 1092 343 1120 ventorum
349 1097 381 1129 que
387 1093 429 1121 tunc
435 1086 541 1121 inhorruerat
547 1086 574 1120 cui
580 1087 702 1120 accludebatnr
707 1087 779 1129 appulsa
787 1088 840 1130 stipiti

138 1138 224 1171 dexteram
236 1147 288 1179 quarn
297 1138 372 1170 necdum
382 1137 451 1170 incauta
461 1141 553 1171 retraxerat
563 1136 595 1170 sibi
603 1136 686 1170 violenter
696 1136 765 1171 attriuit.
788 1137 840 1173 Cuius

112 1199 131 1220 zo
138 1187 215 1231 protinus
234 1186 336 1230 apporiata⁴
350 1188 409 1222 dolore
428 1188 515 1222 solotenus
532 1186 649 1230 prosternitur,
664 1199 685 1221 ac
701 1186 758 1222 velut⁶
775 1189 840 1223 extasin

138 1249 194 1280 passa,
200 1237 314 1281 pedissequet
322 1238 441 1280 compassione
448 1239 589 1281 permulcebatur,
596 1248 629 1281 qne
637 1248 687 1271 casus
695 1237 760 1280 ignara,
769 1240 840 1274 credens

138 1288 156 1322 in
164 1287 246 1322 cimiterio
254 1298 293 1322 eam
300 1287 357 1322 visum
363 1288 432 1331 vidisse,
438 1288 487 1322 lateri
495 1295 566 1331 stupens
574 1288 665 1321 assidebat,
688 1289 757 1322 Dehinc
764 1290 841 1331 mitigato

138 1349 159 1373 ex
174 1344 222 1380 parte
239 1338 303 1379 dolore,
318 1344 335 1371 et
351 1338 434 1380 explicitis
450 1338 556 1372 antelucanis
572 1338 595 1371 ad
610 1337 708 1380 hospicium
724 1348 798 1378 reuersa,
813 1350 841 1372 ex-

139 1387 250 1431 [t]uberatam
260 1387 353 1421 admodum
365 1387 403 1421 sinu
414 1398 484 1421 manum
495 1388 573 1429 efferens,
584 1387 667 1420 oscellum
678 1386 727 1430 digiti
737 1387 789 1421 medii
800 1399 841 1422 con·

112 1447 130 1478 25
138 1440 211 1473 fractum
223 1437 301 1481 repperit.
325 1440 366 1472 Post
378 1439 484 1482 aliquantum
498 1449 539 1471 vero
554 1438 636 1481 temporis
649 1444 716 1472 tumore
729 1439 789 1473 sedato
802 1449 841 1473 cum

140 1491 196 1524 sanari
209 1490 282 1531 cepisset
293 1489 361 1531 digitus,
373 1488 426 1522 instar
434 1488 494 1531 gallice
504 1489 553 1522 nucis
564 1498 615 1530 super
626 1490 698 1522 fracture
710 1489 766 1522 locum
777 1494 841 1522 struma

139 1545 220 1574 concreta
230 1539 298 1572 resedit.
321 1539 401 1581 Quadam
412 1539 462 1580 igitur
473 1538 501 1571 die
513 1548 552 1571 cum
563 1538 581 1570 in
592 1537 665 1571 ecclesia
676 1537 731 1571 solitis
742 1544 841 1580 peruacaret

139 1589 223 1632 precibus,
232 1589 255 1621 ad
262 1588 317 1621 sancti
329 1587 417 1621 Edmundi
427 1588 507 1621 feretrum
519 1587 597 1627 accessit,
606 1588 694 1630 lesamque
706 1588 809 1630 protendens
819 1587 842 1621 ad

140 1639 219 1674 lecticam
226 1638 281 1671 sancti
291 1638 390 1681 simpliciter
399 1638 496 1672 dexteram:
509 1637 568 1679 ‘Vide,
576 1638 605 1678 ait,
614 1638 688 1680 domine,
696 1649 718 1671 an
729 1639 774 1672 bene
782 1639 841 1672 deceat

112 1701 132 1731 30
140 1690 157 1724 in
169 1700 221 1723 manu
232 1689 293 1722 ancille
303 1695 332 1722 tue
344 1695 408 1722 struma
417 1689 469 1722 talis?
496 1689 515 1722 Si
527 1694 556 1722 tua
568 1689 613 1722 foret
624 1689 708 1729 voluntas,
720 1700 758 1722 eam
770 1686 841 1723 auferri⁷

139 1741 253 1783 postularem.¹
276 1740 342 1781 Quibus
357 1740 446 1781 peroratis,
462 1740 484 1772 de
500 1740 544 1772 asilo
562 1738 655 1781 processit:
676 1745 746 1781 postera
760 1740 789 1773 die
803 1749 842 1773 cum

140 1789 217 1831 digitum,
225 1795 243 1821 vt
253 1790 318 1828 crebro,
328 1789 438 1830 perspiceret,
448 1789 519 1821 omnino
529 1794 594 1821 struma
604 1789 665 1829 deleta,
675 1788 765 1830 pristinam
776 1788 841 1821 articuli

139 1840 212 1872 formam
223 1837 352 1879 agnouit-Set
363 1843 381 1871 vt
394 1837 491 1881 expedicius
503 1837 537 1870 alia
549 1848 583 1880 qne
595 1836 670 1872 dicenda
683 1844 722 1872 sunt
733 1838 841 1881 explicemus,

140 1889 193 1932 ipsius
200 1889 253 1923 verba
260 1887 338 1921 duximus
346 1887 452 1930 interserere,
460 1898 531 1930 quorum
539 1888 572 1921 ista
579 1893 605 1921 est
612 1888 668 1921 sonna
675 1900 679 1921 :

294 1939 325 1970 De
335 1946 496 1972 rxcoxunecrona
507 1946 575 1972 sanem
587 1939 689 1972 Ennruxnr.

112 2003 130 2034 35
162 1991 205 2023 ‘Per
212 1989 231 2023 id
238 1989 324 2032 temporis,
332 1988 356 2022 ait
363 1989 441 2033 predicta
449 1989 514 2030 mulier,
521 1989 552 2022 fnit
563 1989 580 2022 in
589 1989 693 2024 monasterio
699 1989 725 2023 vir
731 1990 765 2023 vite
773 1999 842 2023 venera·

140 2040 180 2075 bilis
192 2045 209 2073 et
222 2046 281 2074 sancte
292 2039 434 2080 conuersacionis,
446 2040 516 2072 nomine
527 2039 603 2079 Tolinus,
616 2040 653 2082 qui,
664 2045 747 2082 tanquam
760 2040 813 2073 fidelis
827 2045 843 2071 et

140 2090 221 2132 prudens,
240 2090 310 2122 sacriste
329 2089 403 2122 officium
421 2088 559 2129 administrabat,
576 2089 665 2130 verbisque
685 2094 702 2122 et
720 2089 801 2132 exemplis
819 2088 842 2121 ad

141 2149 217 2174 amorem
228 2140 281 2182 patrie
293 2138 359 2172 celestis
371 2149 481 2182 quoscunque
494 2144 562 2181 poterat
575 2138 647 2173 inuitare
659 2140 735 2173 curabat.
758 2138 806 2173 Hinc
817 2144 842 2172 est

141 2190 182 2234 quia
193 2189 207 2222 si
219 2190 260 2234 quid
271 2189 288 2222 in
300 2200 328 2222 me
339 2190 379 2222 boni
390 2200 471 2233 vmquam
482 2190 544 2232 poterit
555 2189 619 2230 haberi,
631 2189 684 2231 ipsius
696 2190 781 2231 instinctu,
790 2189 842 2232 ipsius

114 2254 134 2284 40
142 2239 222 2273 monitis⁵
229 2246 255 2272 est
263 2246 280 2272 et
288 2239 377 2280 [h]ortatu.
400 2240 468 2272 Eodem
476 2239 527 2281 igitur
534 2249 580 2272 anno
591 2249 626 2281 quo
636 2240 729 2273 translacio
740 2237 842 2273 sanctissimi

141 2289 216 2323 martiris
229 2288 317 2321 Edmundi
329 2290 350 2321 de
363 2289 434 2330 antiqua
447 2289 465 2321 in
478 2299 542 2321 nouam
554 2289 600 2321 facta
613 2294 639 2321 est
650 2289 743 2329 basilicam,
755 2298 794 2321 cum
805 2291 842 2331 post

141 2338 285 2381 sollempnitatem
292 2339 408 2380 apostolorum
416 2338 462 2370 Petri
469 2344 486 2370 et
495 2338 543 2371 Pauli
553 2344 631 2371 sanctum
641 2338 753 2371 Edmundum
760 2336 843 2371 oracionis

141 2389 204 2433 pariter
211 2395 228 2422 et
237 2388 352 2422 edificacionis
359 2388 416 2430 gracia
424 2388 532 2430 expetissem,
540 2387 615 2431 prefatus
623 2388 695 2423 Tolinus
702 2389 782 2432 frequens
791 2383 842 2420 michi

140 2440 244 2485 colloquium
255 2439 365 2484 inpendebat.
388 2440 467 2472 Ceterum
481 2449 520 2472 cum
531 2450 566 2472 vna
577 2439 644 2474 dierum
656 2449 724 2473 mecum
737 2445 778 2474 ante
790 2439 843 2472 altare

167 2534 256 2566 ιΜὸᾸΠιτ,
316 2532 465 2571 totsprecindam.
527 2532 659 2572 ³Ms,apperutr.
715 2529 843 2575 ⁴MS.adds·i.e·

141 2573 219 2605 tribulata.
260 2572 365 2605 thisveltm.
406 2571 523 2611 ‘Mspedtsse
563 2571 680 2602 'manutere
715 2571 843 2604 ,tmshomrus
