1762 2803
110 118 139 170 46
187 167 188 170 ,
301 115 381 166 tauta
396 111 512 173 termae
527 110 620 173 flaute.

110 241 182 279 patrem
190 236 212 269 ab
221 235 263 278 igne
271 236 374 276 extrahunt,
382 241 400 269 et
411 235 450 269 zelo
461 234 534 268 accensi
542 234 560 268 in
568 233 626 268 filium
635 233 738 278 pestilentie
747 244 812 268 manus

110 288 185 321 iniicere
192 288 294 321 voluerunt.
317 288 354 321 Sed
365 287 431 320 oblitus
440 287 555 327 infirmitatis,
563 292 581 320 et
593 285 672 320 caritatis
683 296 759 327 memor,
769 296 812 329 pre-

111 340 159 385 cepit
170 341 206 374 illis
217 341 274 375 abbas
285 340 360 374 dicens:
373 339 450 381 ‘Nolite,
459 350 521 384 queso,
532 338 587 373 nolite
599 338 637 382 filii,
647 343 718 383 patrem
729 344 812 372 vestrum

111 393 172 428 tunica
183 393 270 437 patientie
282 393 366 436 spoliare.
389 393 431 426 Non
443 403 484 426 sum
496 398 604 433 commotus,
612 403 649 425 non
660 403 701 425 sum
711 392 766 434 lesus,
774 397 812 425 tur-

93 457 102 486 5
111 448 164 481 batus
174 457 211 479 non
222 456 269 488 sum,
277 441 320 489 quia
331 444 380 478 filius
390 456 443 479 meus
451 451 479 479 cst
487 445 518 488 qui
526 455 555 478 me
564 444 639 489 proiecit
647 445 666 478 in
674 444 741 489 ignem,
749 449 767 479 et
779 454 813 488 per

111 500 145 534 hoc
157 497 246 543 purgauit,
254 509 292 532 non
303 497 386 541 peremit.
410 497 466 533 Filius
478 508 531 532 meus
542 503 575 539 est,
584 499 617 532 sed
625 497 709 532 infirmus
717 502 750 532 est.
774 497 813 541 Ego

111 553 185 596 quidem
197 562 274 594 corpore
285 562 322 583 non
334 561 375 583 sum
387 561 449 592 sanus,
457 552 490 584 sed
502 551 573 584 sanauit
585 551 644 585 mein
656 550 717 584 anima
728 550 813 584 infirmus

110 605 151 639 iile.'
170 604 193 638 Et
201 603 343 647 apprehendens
351 608 405 646 caput
412 602 451 637 eius
459 603 579 645 deosculatur,
588 602 683 644 benedicit,
692 602 813 647 amplectitur,

111 663 128 693 et
139 658 191 701 quasi
203 657 228 691 nil
240 656 283 692 mali
294 656 384 691 sensisset
393 657 422 692 vel
434 666 501 700 passus
512 655 582 698 suisset,
590 656 667 691 dulciter
676 656 734 691 lenire
744 655 813 691 studuit

85 721 102 741 10
111 712 192 745 furorem
200 709 296 744 irascentis
304 709 322 743 in
331 721 351 743 se
359 709 399 743 sine
407 720 467 744 causa.

344 858 359 895 ll
370 857 455 892 Narratio
466 858 575 902 edificatorr'a.

135 925 180 968 Hoc
189 938 273 975 tempore
282 931 462 971 Bartholomeus‚uir
469 931 565 975 religiosus
573 936 591 965 et
599 931 700 975 theologus,
707 931 813 966 exoniensis

112 986 216 1029 episcopus,
224 986 268 1018 dum
280 985 335 1018 lucris
346 984 449 1017 animarum
461 986 538 1025 deuotus
549 984 647 1017 intendens
657 985 763 1027 parochiam
770 985 814 1018 visi-

112 1037 198 1083 taret‚3in
216 1036 259 1070 villa
277 1037 355 1079 quadam
374 1036 473 1079 campestri
492 1046 533 1070 cum
552 1035 591 1069 suis
610 1036 680 1070 clericis
695 1036 814 1080 pernoctauit.

113 1089 212 1124 Dormiens
223 1088 278 1132 igitur
286 1089 309 1122 de
317 1093 370 1122 nocte
381 1087 400 1122 in
408 1087 480 1131 solario,
488 1088 565 1122 ecclesie
573 1100 594 1122 ac
602 1088 691 1123 cimiterio
698 1088 764 1130 vicino,
772 1100 813 1123 cum

86 1153 104 1184 15
113 1143 161 1176 circa
167 1142 225 1175 noctis
233 1142 314 1175 medium
322 1141 432 1184 euigilasset,
438 1141 499 1175 lumen
505 1142 553 1184 quod
562 1152 623 1175 coram
629 1141 660 1174 111ο
667 1143 733 1175 ardere
739 1142 814 1182 solebat,

112 1196 212 1239 apparebat
231 1194 336 1228 extinctum.
366 1193 459 1235 Querente
474 1205 518 1237 ergo
533 1193 617 1228 ministro
631 1194 700 1237 lumen,
716 1194 814 1239 episcopus

113 1246 186 1282 interim
197 1258 252 1281 voces
264 1246 332 1281 audiuit
325 1246 396 1291 tquasi
407 1246 503 1281 infantium
517 1246 677 1281 innumerabilium
690 1248 712 1282 de
726 1247 814 1282 cimiterio

113 1307 207 1341 exeuntes,
215 1299 355 1360 plangentium
352 1305 370 1333 et
378 1300 477 1334 dicentium
487 1300 594 1334 manifeste:
606 1301 643 1334 ‘Ve
651 1301 737 1341 nobis,ve
746 1301 813 1335 nobis.
810 1304 813 1324 ¹

113 1353 154 1398 quis
168 1354 252 1387 ammodo
265 1363 299 1396 pro
313 1336 366 1386 nobis
380 1352 438 1386 orabit
449 1359 467 1387 et
481 1353 591 1387 elemosinas
603 1354 652 1387 dabit
663 1355 692 1387 vel
704 1364 738 1398 pro
752 1359 814 1388 nostra

87 1420 105 1441 20
113 1408 172 1440 salute
184 1406 250 1440 missas
262 1406 378 1439 celebrabit?¹
400 1405 484 1439 Audiens
496 1406 529 1439 has
540 1416 595 1440 voces
607 1406 710 1450 episcopus,
721 1406 815 1451 obstupuit

114 1460 238 1500 vehementer,
254 1459 386 1502 supramodum
402 1458 445 1502 quid
462 1459 497 1492 hoc
513 1458 624 1502 significaret
639 1459 737 1493 admirans.
760 1459 815 1494 Cubi-

114 1512 193 1547 cularius
203 1512 276 1545 interim
286 1511 305 1544 in
317 1512 358 1545 aula
370 1516 388 1545 et
399 1510 477 1554 coquina
487 1511 549 1554 ignem
561 1522 598 1544 non
609 1510 711 1553 inueniens,
719 1512 784 1547 anxius
796 1512 815 1546 in

114 1564 177 1598 villam
185 1564 271 1606 perrexit,
280 1569 298 1596 et
305 1564 337 1596 vix
344 1564 419 1596 tandem
427 1563 446 1595 in
453 1564 516 1596 vltima
523 1564 566 1596 ville
578 1564 632 1597 domo
642 1563 725 1606 [inuenit]
731 1565 742 1603 ¹,
750 1565 770 1598 in
779 1575 815 1608 qua

115 1617 170 1650 funus
178 1620 270 1648 mortuum
277 1615 352 1658 iacebat,
360 1620 378 1648 et
386 1625 427 1648 cum
435 1615 543 1658 presbytero
551 1615 593 1648 ville
601 1615 668 1649 multos
676 1615 815 1650 circumstantes

88 1681 95 1703 2
98 1682 106 1713 5
115 1675 133 1704 et
141 1669 244 1713 lachrymas
253 1669 351 1702 fundentes
359 1668 409 1702 vidit.
432 1668 493 1703 Posito
502 1673 563 1703 autem
574 1668 593 1702 in
606 1668 680 1703 lucerna
691 1669 764 1711 lumine,
773 1680 815 1704 cum

115 1721 230 1757 festinatione
244 1721 296 1755 rediit
309 1726 326 1754 et
339 1721 425 1765 episcopo
437 1732 472 1764 que
483 1721 554 1755 viderat
567 1722 664 1755 enarrauit.
688 1723 743 1755 Facto
755 1729 815 1756 autem

115 1786 173 1818 mane,
187 1774 256 1809 audiuit
271 1774 369 1818 episcopus
384 1775 433 1818 quod
445 1774 473 1808 vir
487 1775 517 1808 ille
530 1784 590 1818 nuper
603 1775 705 1817 defunctus,
717 1775 746 1809 vir
757 1776 816 1810 iustus

115 1833 153 1863 erat
168 1840 189 1861 ac
201 1828 268 1861 timens
281 1828 341 1867 deum,
353 1832 406 1871 pater
418 1827 542 1871 orphanorum
558 1833 575 1860 et
589 1827 688 1861 consolatio
700 1828 816 1870 miserorum,

115 1887 133 1915 et
149 1891 222 1914 omnem
238 1880 357 1914 substantiam
373 1890 426 1914 suam
441 1880 553 1924 pauperibus
570 1884 589 1913 et
605 1879 708 1924 hospitibus
724 1881 815 1924 erogauit:

88 1947 107 1977 30
115 1933 172 1969 tenuit
187 1933 304 1978 pretereain
317 1934 371 1967 domo
384 1944 417 1967 sua
428 1934 546 1973 sacerdotem,
560 1938 578 1968 et
591 1932 616 1967 illi
631 1934 735 1968 necessarIa
752 1935 816 1968 minis-

115 1986 174 2027 trauit,
188 1986 219 2029 qui
235 1986 402 2019 commendationes
417 1986 520 2020 animarum
535 1992 553 2020 et
569 1986 667 2021 missarum
682 1987 768 2030 suffragia
782 1999 816 2031 pro

115 2038 205 2073 defunctis
221 2039 325 2071 celebraret.
348 2038 440 2072 Intellexit
456 2038 511 2082 igitur
526 2038 629 2083 episcopus,
644 2050 699 2072 voces
714 2039 816 2073 animarum

115 2103 157 2127 esse
172 2092 245 2125 illorum
261 2102 358 2134 corporum
374 2102 409 2134 que
426 2091 445 2125 in
464 2091 552 2126 cimiterio
569 2091 692 2135 quiescebant,
707 2092 817 2137 plangentes

116 2150 193 2179 mortem
203 2143 281 2178 hominis
293 2148 312 2178 et
323 2150 422 2188 gementes,
431 2156 465 2188 per
472 2156 533 2188 quem,
541 2144 585 2178 dum
592 2143 668 2185 vixerat,
676 2144 817 2180 elemosinarum

88 2212 107 2242 35
117 2204 134 2233 et
146 2197 244 2232 missarum
256 2197 324 2231 habere
335 2196 421 2241 suffragia
432 2201 543 2232 meruerunt.
566 2197 590 2231 Et
597 2202 661 2232 vocato
669 2198 778 2242 presbytero
786 2198 817 2243 qui

116 2252 150 2286 sub
161 2252 200 2284 viro
212 2250 297 2284 defuncto
308 2251 375 2284 missas
386 2262 420 2294 pro
433 2250 523 2284 defunctis
536 2251 666 2291 celebrauerat,
679 2251 782 2294 portionem
798 2252 816 2285 111

116 2303 193 2338 ecclesia
204 2303 246 2336 ville
258 2302 317 2336 illius²
325 2303 380 2345 dedit,
392 2303 490 2346 iniungens
500 2308 525 2343 vt,
537 2302 624 2347 quamdiu
635 2303 711 2345 viueret,
722 2304 789 2338 missas
799 2310 817 2338 et

117 2356 204 2400 obsequia
211 2355 338 2390 defunctorum
346 2355 412 2400 iugiter
419 2356 524 2391 celebraret.

298 2454 305 2474 ¹
316 2465 349 2486 om.
485 2454 491 2473 ²
504 2455 523 2486 E.
530 2453 592 2484 illiusT.
608 2454 635 2485 1111.
