1762 2803
339 132 475 193 lbtolouut·
745 148 758 192 7

78 259 165 291 Preterea
177 259 195 289 et
208 253 260 288 multi
272 263 293 287 ae
307 252 376 286 strenui
388 252 407 286 in
419 252 453 286 hac
464 251 533 287 fulsere
544 252 619 297 regione
630 253 688 287 sancti
699 253 759 298 predi·

57 317 127 347 catores
145 314 163 343 et
178 309 268 348 doctores,
284 317 362 351 quorum
377 305 459 350 primarii
475 305 532 340 sancti
551 305 624 341 suerunt
639 306 759 349 Augustinus

56 364 158 406 Anglorunr
169 361 268 403 apostolus,
276 364 295 394 et
302 359 417 399 Theodorus,
425 357 518 401 ceterique
528 368 592 392 eorum
600 358 650 399 socii,
658 358 689 402 qui
697 358 716 392 in
724 359 759 392 hiis

56 415 144 460 precipue
161 411 243 457 partibus
261 411 349 445 ortodoxe
364 410 407 445 fidei
422 410 535 444 seminantes
550 409 635 453 triticum,
647 410 759 455 centuplices

56 468 98 503 hinc
104 468 110 486 ¹
117 466 187 500 fructus
195 463 319 508 collegeruntl
326 463 425 497 celestibus
433 462 505 496 horreis
511 463 640 498 reseruandos.
657 464 759 498 Anselmus
768 476 777 506 5

57 530 133 565 quoque,
142 523 160 552 et
169 518 186 552 is
198 517 271 561 quidem
279 515 407 561 pullulantium
415 525 498 550 errorum
509 516 648 551 strenuissimus
658 517 760 551 eradicator

57 570 227 614 hereticorumque³
242 569 367 604 atrocissimus
380 568 471 611 inimicus,
484 568 541 603 diuini
553 570 605 604 verbi
618 570 695 611 sarculo,
709 570 759 605 omni

58 623 195 670 penetrabiliori
202 622 263 666 gladio
269 621 348 665 ancipiti,
354 622 501 665 superseminata
506 622 575 656 zizania
583 622 659 656 sollicite
663 622 759 664 resecauit,

57 677 123 721 deique
131 685 183 710 sacre
193 674 282 719 genetrici
294 683 370 717 semper
381 674 516 717 deuotissimos,
529 685 607 719 cumque
617 673 710 709 sermonis
721 674 760 709 elo-

18 735 20 737 '
57 729 134 775 quencia
147 733 198 762 esset
210 726 355 761 disertissimus⁴
366 727 445 770 plurima
456 727 475 761 in
487 726 527 762 eius
538 727 611 762 laudern
623 728 700 763 dulciter
711 738 759 763 conr·
770 739 788 761 ro

57 782 124 827 pilauit.
147 781 198 815 Beda
204 780 259 814 etiam
263 779 385 820 Venerabilis,
394 779 430 823 qui,
435 779 513 814 verbum
522 780 551 813 dci
559 780 677 823 predicando,
685 780 760 814 celestia

56 845 114 880 grana
121 833 188 878 ubique
198 831 301 873 seminauit,
309 836 396 875 tanteque
404 831 437 866 suit
447 832 558 867 auctoritatis
568 838 655 879 tantoque
666 834 689 867 ab
701 832 760 868 omni-

56 890 91 923 bus
98 887 172 921 habitus
179 886 250 920 honore
255 890 273 920 et
279 885 391 927 reuerencia,
396 892 415 920 vt
421 886 461 920 eius
467 886 558 928 Homehe,
564 886 605 931 ipso
613 887 672 921 adhuc
680 886 760 929 uiuente,

57 942 105 985 quod
121 941 144 974 de
155 940 206 974 nullo
217 939 253 973 alio
268 939 352 982 legimus,
363 939 436 982 publice
450 939 567 982 legerentur;
586 945 720 974 commentatus
731 946 760 975 est

57 993 136 1038 denique
151 992 170 1026 in
186 997 244 1027 totum
259 992 298 1026 sere
312 991 371 1026 Vetus
387 991 497 1037 Nouumque
512 992 657 1035 Testamentum,
672 1004 693 1028 ac
711 993 759 1028 felici
770 1004 787 1034 ¹5

56 1048 131 1081 tandem
141 1050 201 1079 morte
213 1045 288 1089 sopitus.

79 1100 117 1134 Sed
128 1110 163 1133 nec
174 1098 218 1132 illud
230 1104 258 1132 est
269 1097 399 1142 negligendum
411 1103 429 1132 et
441 1098 494 1133 tacita
505 1109 582 1142 prorsus
593 1109 638 1134 voce
651 1104 759 1144 pretereun-

57 1153 106 1193 dum,
118 1152 209 1195 quomodo
220 1155 238 1186 et
249 1150 349 1195 antiquitus
359 1161 411 1185 sacra
423 1151 465 1186 deil
474 1151 556 1186 floruerit
567 1151 636 1196 religio,
644 1157 759 1197 quantosque

56 1205 153 1249 protulerit
167 1204 218 1239 viros
233 1204 328 1248 disciplina
343 1203 466 1247 excellentes;
482 1215 506 1238 ex
522 1215 600 1248 quorum
615 1216 693 1239 numero
708 1205 760 1239 Beda

56 1258 89 1292 suit
98 1256 231 1300 sanctissimus,
239 1262 257 1291 et
267 1261 309 1291 ante
320 1256 446 1302 episcopatum
456 1257 514 1293 sancti
524 1258 608 1302 presules
619 1258 731 1294 Cuthbertus
741 1264 760 1293 et
769 1267 789 1291 to

57 1311 169 1351 Dunstanus,
173 1311 273 1353 pluresque
279 1310 316 1344 alii:
325 1310 698 1353 Bartholomeusquemonachus‚Alredus
704 1310 759 1346 etlam

56 1362 84 1396 vir
92 1362 246 1407 religiosissimus,
253 1362 388 1406 Wallenusque
400 1363 462 1403 abbas,
470 1372 511 1396 cum
522 1363 563 1397 aliis
576 1357 720 1407 quampluribus,
728 1363 760 1407 qui

57 1415 156 1450 celestibus
166 1415 281 1450 solummodo
289 1414 407 1449 intendentes
416 1414 499 1458 eloquiis,
507 1414 575 1450 nullam
583 1426 660 1459 prorsus
668 1416 761 1451 habebant

56 1469 80 1503 de
89 1468 170 1503 crastino
180 1467 328 1509 sollicitudinem,
335 1467 443 1501 humilitatis
454 1473 472 1502 et
482 1468 596 1514 paupertatis
605 1474 703 1511 amatores,
711 1469 760 1514 peri·

56 1521 634 1565 turascalcantesdiuicias,vtcelesteseternasqueinuenirent;
646 1532 760 1566 quorumex-
769 1529 787 1559 ²5

56 1574 124 1619 emplis
134 1579 205 1609 tantum
216 1573 274 1618 viguit
283 1573 332 1608 inter
343 1573 444 1609 monachos
455 1573 518 1609 feruor
528 1574 630 1619 discipline,
637 1581 657 1610 vt
666 1586 725 1620 usque
736 1577 760 1611 ad

57 1627 124 1662 Coilsi³
132 1629 180 1671 regis
188 1633 272 1671 tempora
279 1637 313 1661 nec
319 1627 382 1662 vinum
388 1627 473 1661 biberent
479 1634 509 1662 aut
515 1627 612 1663 ceruisiam
618 1629 630 1670 ⁷,
636 1639 671 1663 nec
679 1629 761 1674 aliquas³

56 1682 178 1714 comederent
189 1691 261 1715 carnes.

78 1734 95 1768 Ο
103 1745 159 1778 quam
168 1733 231 1768 suauis
242 1739 271 1768 est
277 1732 315 1768 vita
322 1732 399 1768 istorum
409 1738 520 1775 sanctorum,
528 1733 559 1778 qui
569 1734 661 1769 duxerunt
668 1735 715 1769 vitas
722 1739 760 1770 tam

56 1786 136 1829 gloriose
144 1787 174 1820 hic
181 1787 200 1819 in
208 1791 258 1819 terra
266 1788 270 1819 t
293 1787 310 1820 O
318 1787 378 1826 homo,
386 1786 427 1830 lege
434 1798 438 1828 ;
450 1791 469 1819 et
476 1788 525 1830 quod
535 1786 603 1830 legeris
611 1792 710 1829 memento,
718 1787 761 1832 quia
769 1793 789 1822 3⁰

58 1840 83 1882 (vt
91 1849 156 1873 verum
164 1839 228 1882 fatear)
237 1849 277 1873 rem
284 1838 408 1882 pulchriorem
416 1849 453 1873 non
462 1839 498 1874 scis
505 1839 571 1874 iacere.

78 1892 150 1927 Oblitus
161 1904 203 1927 sum
212 1892 329 1936 paulominus
341 1893 390 1935 (mea
400 1892 454 1936 culpa
466 1892 552 1936 dixerim)
564 1903 657 1928 sacrarum
668 1893 760 1937 virginum

56 1950 144 1986 cateruas,
152 1956 194 1989 que,
201 1950 289 1989 tanquam
297 1945 334 1979 lilia
341 1945 389 1979 inter
400 1946 469 1990 spinas,
476 1945 545 1990 spretis
556 1956 590 1990 pro
600 1945 674 1981 Christo
684 1946 760 1981 carnali-

56 1998 90 2033 bus
101 1998 192 2033 illecebn's
203 1998 319 2042 terrenisque
331 1998 404 2039 diuitiis,
412 1999 431 2033 in
441 2000 529 2039 castitate,
537 2005 650 2044 paupertate,
659 2005 677 2033 et
687 1999 759 2033 humili·

57 2055 93 2086 tate
101 2062 171 2096 sponso
180 2050 244 2086 celesti
253 2051 370 2091 adherentes,
378 2051 418 2086 eius
428 2051 506 2086 nimium
516 2063 594 2087 accense
605 2051 706 2093 dilectione,
717 2052 759 2087 licet
768 2057 787 2087 35

56 2114 119 2138 earum
133 2109 220 2148 parentes
231 2104 315 2147 plurimis
327 2104 456 2138 habundarent
467 2104 540 2146 diuitiis,
552 2104 593 2148 ipse
604 2109 671 2145 tamen,
685 2104 759 2138 obliuis-

56 2162 119 2191 centes
135 2157 223 2201 populum
239 2166 292 2190 suum
307 2161 326 2190 ct
340 2157 416 2191 domum
431 2156 490 2200 patris
505 2155 539 2197 sui,
554 2156 646 2191 malebant
664 2157 759 2199 angustias

56 2210 169 2253 paupertatis
183 2209 274 2243 sustinere
289 2219 343 2251 quam
358 2209 407 2258 inter
421 2220 522 2253 pomposas
537 2209 630 2243 seculares
644 2209 663 2242 in
676 2209 759 2253 periculo

56 2273 176 2306 permanere;
193 2272 271 2307 quarum
283 2266 301 2295 et
313 2261 370 2295 multe
382 2272 435 2296 sacro
447 2267 490 2296 sunt
505 2261 592 2304 martyrio
607 2267 698 2303 coronate,
712 2261 759 2297 sicut

56 2315 109 2351 beata
120 2316 193 2358 Vrsula,
205 2327 241 2350 vna
254 2325 296 2349 cum
309 2314 376 2349 ceteris
391 2313 430 2349 suis
444 2314 578 2355 consodalibus,
593 2325 614 2348 ac
628 2315 682 2349 beata
692 2315 759 2350 Ositha
768 2320 788 2349 40

55 2368 107 2414 virgo
121 2375 139 2403 et
150 2374 225 2414 martyr,
238 2379 284 2413 quas
297 2369 343 2402 deus
358 2378 381 2403 ex
395 2377 441 2402 sexu
457 2367 539 2412 eligensl
553 2366 660 2409 infirmiore,
671 2372 691 2403 vt
706 2368 760 2404 sortia

56 2423 120 2456 mundi
132 2422 258 2463 confunderet,
266 2432 300 2466 per
311 2431 343 2455 eas
354 2419 421 2455 multos
433 2420 528 2464 utriusque
539 2431 596 2454 sexus
607 2420 688 2457 lucratus
699 2428 733 2457 est.

76 2530 159 2562 ¹E.hulc.
217 2530 357 2569 ²E.colligerunt.
417 2528 596 2568 3Ε.11εεητίεοιηηηιῑιηῑ.
657 2529 760 2563 ⁴Eromnes.

56 2569 91 2602 5Ε.
99 2572 129 2602 die.
171 2569 291 2602 ltceolwulfi.
332 2569 459 2601 ⁷E.seruisiam.
500 2569 600 2609 ³E.alquas.
641 2570 752 2610 ⁰E.elegens.
