1762 2803
96 162 139 204 228
289 160 369 211 mous
384 157 500 220 teocam
515 156 607 219 nuntie.

96 284 150 323 atque
158 280 180 313 ad
189 278 248 314 celum
256 280 318 313 oculos
327 280 416 321 attollens,
424 278 513 324 ingemuit
520 278 601 322 grauiter
607 283 625 312 et
633 288 669 311 non
678 278 742 322 grandi
754 288 799 312 voce

96 332 132 367 ait:
145 333 211 367 ‘Forte
224 332 278 366 modo
290 333 389 366 discrimen
401 332 468 366 factum
479 337 508 365 est
519 329 632 365 certaminis.¹
656 330 726 364 Nolens
738 335 798 364 autem

96 386 174 429 arnplins
189 387 212 420 de
224 384 253 419 his
265 396 301 429 que
314 385 348 419 sibi
362 390 414 420 erant
428 385 508 419 reuelata
521 384 628 429 patefacere,
640 383 717 417 ‘Nonne
727 382 799 424 videtis,

96 438 159 482 inquit,
170 448 225 483 quam
237 437 282 471 mire
293 443 372 473 mutatus
383 449 405 473 ac
416 439 498 473 turbatus
510 438 533 471 sit
544 441 586 472 aer?
610 436 632 470 Et
644 436 684 480 quis
696 435 799 470 mortalium

78 501 87 530 5
96 491 163 525 sufficit
174 490 284 534 inuestigare
297 490 362 525 iudicia
373 490 403 524 dei
410 492 423 524 l’
446 490 469 524 Et
480 490 499 524 in
509 490 588 525 crastino
596 490 614 523 in
622 489 681 523 vicino
689 488 799 523 monasterio

96 544 142 578 facta
153 543 247 578 collatione
258 543 306 578 inter
318 549 378 578 cetera
389 544 445 578 dixit:
463 544 561 585 ‘Obsecro
574 543 646 585 fratres,
658 542 709 577 iuxta
722 541 799 586 apostoli

96 598 169 638 monita,
181 596 266 639 vigiletis,
278 597 330 631 stetis
345 597 364 631 in
379 598 421 639 fide,
435 596 510 630 viriliter
525 596 582 641 agatis
597 601 615 630 et
631 594 764 636 confortemini,
775 605 799 629 ne

95 647 142 682 forte
155 648 288 693 superueniens
301 648 361 692 aliqua
374 649 467 692 temptatio
480 658 514 683 vos
527 649 620 692 inparatos
632 648 722 682 inueniat)
745 647 799 679 Puta-

95 703 139 735 bant
149 707 215 743 autem,
226 702 268 745 quia
278 713 315 735 non
325 703 381 735 multo
392 707 434 735 ante
443 700 548 745 pestilentie
559 701 619 735 clades
631 705 649 734 et
660 710 692 734 eos
704 705 722 734 et
733 699 800 734 multos

69 762 88 785 re
96 754 236 798 circumquaque
247 755 284 788 lata
295 756 339 788 cede
351 759 446 796 strauerat,
458 755 481 787 de
493 754 597 787 huiusmodi
608 753 662 797 plaga
673 753 709 787 iarn
719 752 800 786 reditura

95 807 153 842 fuisse
164 809 250 841 locutum.
274 807 300 841 At
314 807 344 841 ille
359 818 423 841 rursus
434 811 530 851 assumpto
542 817 633 847 sermone,
642 806 678 840 ait:
693 805 799 847 ‘Quondam

95 867 186 895 venerunt
197 861 220 894 ad
232 871 262 895 me
273 860 344 901 fratres,
355 862 400 894 dum
409 859 428 894 in
438 871 479 894 mea
489 861 596 894 demorarer
606 859 666 894 insula
677 858 774 900 solitarius,
782 863 800 892 et

97 923 138 947 curn
154 915 206 947 tertio
221 914 303 948 eiusdem
316 913 445 948 admonitionis
456 913 513 947 verba
524 918 634 957 repeterem,
647 912 762 947 attendentes
774 911 799 946 illi

98 966 140 1009 quia
147 977 183 1000 non
192 967 259 1001 frustra
266 968 301 1002 hec
308 973 345 1001 tam
353 967 434 1001 studiose
441 977 564 1010 suggererem,
570 971 588 1000 et
594 970 745 1009 expauescentes,
752 964 800 999 dice-

71 1028 88 1058 15
98 1018 152 1052 bant:
164 1019 276 1053 “Faciamus
285 1024 305 1053 vt
315 1021 376 1060 doces,
384 1019 426 1063 quia
435 1030 502 1062 magna
511 1019 611 1052 necessitas
619 1018 672 1052 nobis
680 1018 774 1058 incumbit,
781 1022 801 1051 vt

98 1076 161 1104 contra
168 1070 244 1105 insidias
252 1072 325 1116 dyaboli
333 1076 351 1105 et
360 1070 421 1105 omnia
430 1076 562 1115 temptamenta
574 1080 649 1115 semper
660 1069 735 1104 accincti
747 1068 800 1114 spiri-

97 1124 170 1157 tualiter
183 1124 296 1166 vigilemus.’'
326 1125 364 1158 Nec
383 1136 417 1167 ego
434 1125 514 1159 sciebam
531 1124 599 1167 aliquid
613 1123 737 1167 temptationis
753 1133 801 1157 noue

97 1186 225 1215 occursurum:
240 1178 273 1211 sed
285 1182 355 1211 tantum
366 1177 452 1211 instinctu
464 1177 531 1211 mentis
543 1176 647 1210 admonitus
658 1187 699 1210 sum
711 1176 801 1209 aduersus

97 1229 165 1263 subitas
181 1229 321 1273 temptationum
336 1230 426 1274 procellas
442 1234 510 1264 statum
525 1229 585 1264 cordis
600 1239 675 1273 semper
687 1239 729 1262 esse
742 1228 801 1262 muni-

71 1295 89 1316 20
98 1283 170 1316 endum.
193 1282 231 1316 Sed
241 1283 272 1316 vbi
280 1283 350 1317 reuersi
358 1289 401 1317 sunt
409 1294 419 1317 a
427 1294 457 1317 me
465 1284 488 1317 ad
497 1293 550 1317 suum
558 1283 695 1324 monasterium,
703 1283 801 1326 quemdam

97 1335 121 1367 de
133 1334 171 1368 suis
184 1335 249 1369 morbo
263 1335 367 1379 pestilentie
380 1335 442 1369 obisse
457 1335 576 1379 reperierunt.
602 1334 688 1369 Seniente
704 1345 752 1378 pene
768 1345 802 1378 per

98 1397 165 1422 annum
174 1388 239 1422 eadem
246 1388 304 1430 clade,
313 1388 437 1423 nobilissimus
445 1387 475 1423 ille
483 1393 556 1433 patrum
564 1387 677 1432 fratrumque
686 1393 737 1421 cetus
747 1386 801 1431 spiri-

97 1439 151 1474 tualis
163 1450 212 1484 pene
225 1440 323 1474 uniuersus
336 1441 421 1483 migrauit
433 1442 456 1473 ad
470 1441 575 1473 dominum!
605 1441 646 1474 Hec
658 1446 677 1474 et
692 1441 720 1473 his
736 1440 801 1474 similia

98 1498 161 1526 sancto
173 1492 244 1528 dicente
256 1489 348 1537 episeopo,
359 1494 447 1537 putabant
458 1504 523 1528 omnes
535 1493 611 1537 quiade
624 1492 683 1526 reditu
697 1492 801 1537 pestilentie

72 1561 89 1591 ²5
99 1545 212 1581 mentionem
224 1545 296 1581 faceret.
319 1546 356 1580 Sed
369 1551 445 1590 postera
456 1546 485 1580 die
498 1546 540 1591 qui¹
551 1546 622 1590 fugerat
635 1547 659 1580 de
673 1545 726 1587 bello,
738 1556 801 1589 regern

99 1609 141 1633 cum
149 1603 186 1632 toto
194 1598 246 1641 quasi
255 1599 336 1633 exercitu
344 1600 446 1644 extinctum
457 1599 553 1633 enarrauit.
596 1592 684 1634 Accessit
693 1599 767 1643 quidam
778 1600 801 1633 ad

99 1650 160 1686 virum
178 1651 208 1686 dei
223 1651 298 1686 nomine
318 1651 437 1695 Herebertus,
454 1651 552 1696 spiritualis
568 1651 647 1685 amicitie
662 1652 725 1686 federe
741 1651 801 1686 eidem

100 1704 201 1747 copulatus
215 1703 245 1747 qui
260 1703 279 1737 in
294 1704 353 1738 insula
366 1705 425 1748 stagni
440 1704 489 1739 illius
504 1705 613 1749 pergrandis
626 1706 649 1738 de
664 1716 700 1748 quo
714 1704 801 1739 Dorwen-

99 1755 154 1789 tionis
173 1756 224 1789 fluuii
240 1756 340 1798 primordia
351 1762 455 1799 erumpunt,
472 1758 528 1790 vitam
544 1757 643 1790 solitariam
661 1759 735 1798 ducens,
749 1756 802 1791 annis

72 1822 91 1850 30
100 1807 176 1851 singulis
188 1807 211 1841 ad
224 1818 266 1842 eum
279 1807 342 1842 venire
356 1814 374 1842 et
389 1809 458 1843 monita
473 1809 536 1844 salutis
550 1810 572 1843 ab
587 1819 609 1843 eo
626 1809 708 1854 accipere
724 1820 801 1842 eonsue-

99 1861 130 1894 uit.
160 1861 193 1894 Cui
205 1861 316 1895 Cuthbertus
333 1861 370 1895 ait:
387 1862 497 1904 ‘Memento
512 1861 569 1896 irater
583 1862 692 1905 Hereherte,
706 1868 726 1897 vt
741 1863 801 1903 modo,

98 1913 184 1958 quicquid
204 1924 250 1958 opus
269 1914 332 1956 habes,
348 1925 379 1948 me
397 1914 498 1958 interroges
515 1925 624 1958 mecumque
642 1915 734 1958 loquaris:
760 1914 802 1957 quia

98 1972 196 2011 postquam
219 1966 322 2002 abinuieem
348 1967 426 2011 digressi
449 1968 542 2009 fuerimus,
558 1967 577 2001 in
600 1968 635 2001 hoc
659 1968 720 2002 seculo
745 1966 802 2002 oculis

98 2020 170 2053 carneis
185 2019 265 2053 inuicem
280 2021 327 2054 vltra
342 2032 380 2054 non
394 2020 504 2056 videbimus.
527 2021 609 2065 Tempus
621 2021 671 2055 enirn
686 2020 802 2056 resolutionis

72 2082 90 2113 35
99 2082 140 2106 mee
148 2073 208 2114 instat,
216 2076 234 2106 et
242 2072 295 2106 velox
306 2079 334 2107 est
342 2073 432 2117 depositio
440 2074 551 2108 tabernaculi
561 2075 607 2107 mei?
630 2074 666 2116 Qui
673 2074 708 2108 hec
718 2074 801 2116 audiens,

98 2126 206 2168 prouolutus
219 2125 258 2159 eius
268 2126 351 2168 pedibus,
362 2126 443 2170 fusisque
456 2137 498 2160 cum
511 2128 580 2169 gemitu
590 2127 694 2170 lachrymis,
704 2126 801 2168 ‘Obsecro

98 2178 157 2221 inquit
162 2178 173 2220 ²,
182 2188 217 2220 per
224 2178 324 2219 dominum,
332 2189 356 2211 ne
364 2189 394 2212 me
405 2179 527 2223 derelinquas,
536 2180 569 2213 sed
577 2180 602 2213 tui
610 2180 678 2213 sodalis
689 2180 801 2222 memineris,

99 2240 189 2274 rogesque
200 2240 300 2273 supernam
309 2231 395 2273 pietatem
407 2236 426 2266 vt
438 2232 466 2265 cui
478 2232 547 2276 pariter
558 2233 577 2265 in
588 2232 641 2266 terris
653 2232 769 2275 seruiuimus,
777 2234 800 2267 ad

99 2283 139 2316 eius
145 2282 243 2316 videndam
250 2282 349 2316 claritatem
358 2284 441 2327 [pariter]
447 2284 453 2302 ³
459 2289 575 2317 transeamus
584 2285 607 2317 ad
614 2285 669 2318 celos.
689 2284 741 2317 Nosti
752 2286 801 2318 enim

72 2345 91 2376 40
100 2335 142 2379 quia
150 2336 171 2368 ad
178 2334 204 2368 tui
210 2335 247 2367 oris
255 2335 352 2378 imperium
361 2346 435 2379 semper
441 2337 504 2369 viuere
510 2337 576 2377 studui,
582 2342 600 2370 et
608 2336 693 2379 quicquid
701 2337 803 2379 ignorantia

99 2388 128 2422 vel
133 2387 229 2432 fragilitate
234 2388 306 2431 deliqui,
313 2399 359 2432 eque
366 2389 389 2422 ad
393 2394 424 2423 tue
429 2389 527 2423 voluntatis
533 2390 628 2423 arbitrium
634 2400 709 2432 semper
713 2389 802 2433 castigare

101 2442 172 2475 curaui!
196 2440 279 2475 incubuit
290 2442 375 2485 precibus
387 2443 491 2486 episcopus,
503 2444 601 2486 statimque
615 2443 691 2476 edoctus
704 2444 723 2476 in
737 2444 802 2487 spiritu

100 2493 209 2536 impetrasse
222 2504 243 2527 se
255 2495 304 2537 quod
316 2496 393 2538 petierat
404 2506 415 2529 a
428 2496 508 2539 domino,
518 2495 593 2539 ‘Surge
604 2495 667 2539 inquit,
678 2496 734 2530 frater
743 2497 774 2539 mi,
785 2502 803 2531 et

101 2545 138 2580 noli
153 2546 231 2590 plorare,
247 2547 280 2580 sed
300 2548 371 2591 gaude:
391 2549 433 2592 quia
448 2549 523 2583 donauit
538 2550 593 2582 nobis
608 2550 693 2583 dominus
709 2551 757 2593 quod
772 2561 802 2585 ro-

161 2608 167 2627 1
177 2608 215 2640 Bed,
224 2609 310 2639 adueniens
318 2611 349 2647 qui.
470 2611 476 2628 ²
487 2620 517 2642 om.
525 2612 541 2640 in
548 2611 566 2641 T.
686 2613 692 2630 ³
703 2623 733 2643 om,
