1762 2803
149 149 194 201 436
237 175 238 179 ,
340 143 419 197 mona
435 140 552 204 tramae
566 141 659 205 anaba.

149 269 191 301 ante
203 264 261 299 suerat
273 264 347 309 repleta.
371 264 411 306 Qua
422 269 521 309 assumpta,
530 276 571 300 cum
583 265 650 300 tImore
660 269 678 300 et
689 264 755 309 gaudio
764 274 851 300 reuersus

150 324 183 353 est.
233 312 283 353 Cum
299 319 399 352 monachus
415 317 489 362 quidam
502 319 544 353 furti
559 324 630 353 reatum
644 323 775 362 perpetrasset,
788 318 851 353 Ethel-

150 373 222 407 woldus
241 372 350 415 episcopus¹
369 372 463 405 mandauit
481 377 501 405 vt
519 372 550 416 qui
570 382 609 406 rem
628 372 727 406 abstulerat
746 370 851 415 quantotius

150 426 236 459 redderet
242 434 283 458 cum
291 424 335 459 sua²
343 424 476 466 benedictione,
482 430 513 460 aut
520 424 538 459 in
548 424 578 459 tali
586 424 626 459 loco
632 424 730 469 proliceret
736 423 766 459 vbi
772 424 851 459 inueniri

132 493 140 520 5
150 482 217 521 posset.
241 478 294 518 Quod
308 488 349 510 cum
362 477 457 511 induratus
471 478 527 511 frater
538 478 598 512 facere
609 477 715 522 negligeret,
727 477 801 511 intrauit
812 478 851 521 epi-

149 541 216 575 scopus
227 530 325 574 capitulum
336 535 354 565 et
364 530 401 565 ait:
415 530 488 566 ‘Noluit
498 530 598 576 sacrilegus
609 530 706 577 pecuniam
717 540 772 576 quam
782 530 851 565 iuratus

150 590 178 617 est
191 585 270 618 reddere
283 594 324 618 cum
337 584 476 618 benedictione:
493 585 558 619 reddat
571 595 612 618 eam
625 585 680 618 modo
692 595 734 622 cum
750 584 779 618 dei
793 585 851 617 omni-

149 636 229 680 potentis
244 636 376 678 maledictione,
389 643 407 672 et
419 636 443 672 sit
454 637 495 681 ipse
507 637 574 682 ligatus
586 648 623 671 non
636 637 696 671 solum
708 636 727 671 in
739 636 805 679 anima,
818 638 851 671 sed

149 690 204 724 etiam
212 690 230 723 in
239 702 321 733 corpore,
330 696 393 725 nostra
404 691 521 725 auctoritate!
545 691 568 725 Et
578 702 620 725 ecce
631 689 732 725 monachus
742 690 772 724 ille
783 690 851 725 sedens

122 758 140 778 ro
149 743 265 777 inuisibillter
272 743 366 787 ligabatur,
375 743 454 777 brachiis
462 743 497 776 sibi
505 743 585 777 inuicem
595 743 726 777 adherentibus
734 743 768 776 sub
777 742 851 776 cuculla.

149 796 217 831 Omnia
228 796 297 840 reliqua
307 798 390 830 membra
399 798 473 830 mobilia
484 802 502 830 et
512 798 535 831 ad
545 808 599 831 vsurn
609 797 687 831 habebat
698 802 745 840 apta.
767 796 851 829 Tandem

149 851 214 885 exiens
223 855 265 893 post
274 850 387 894 episcopum,
395 850 491 885 confessus
499 856 527 884 est
535 850 552 883 ei
562 862 583 885 se
594 850 650 884 fuisse
661 861 724 892 reum;
737 849 782 883 nihil
790 855 851 884 tamen

149 904 173 937 de
188 903 274 947 ligatione
289 903 381 937 indicauit.
404 902 438 937 Cui
450 903 549 948 episcopus
560 903 627 937 blando
643 913 729 937 sermone
744 902 850 947 respondit:

150 956 216 990 ‘Modo
228 957 293 989 saltem
306 956 354 990 bene
369 956 432 997 fecisti,
445 956 488 989 licet
501 967 543 990 sero
559 957 663 990 confitendo
678 961 773 998 peccatum
788 961 851 989 tuum:

123 1020 140 1050 ¹5
149 1009 216 1042 habeto
224 1018 272 1041 nunc
281 1013 362 1041 nostram
370 1008 527 1041 benedictionem)
551 1007 574 1041 Et
583 1008 644 1042 statim
656 1008 715 1041 soluta
725 1012 768 1041 sunt
777 1007 851 1040 brachia

149 1061 204 1103 illius,
216 1061 303 1104 episcopo
315 1060 412 1094 nesciente.
457 1054 508 1096 Cum
520 1060 570 1094 enim
584 1071 651 1105 magno
662 1061 758 1095 conamine
769 1066 851 1094 veterem

149 1119 246 1148 renouaret
259 1112 361 1156 ecclesiam,
369 1118 388 1147 et
399 1113 466 1147 iratres
477 1114 583 1157 frequenter
593 1114 701 1155 laborarent,
710 1113 784 1156 contigit
794 1124 851 1157 quen-

149 1168 191 1201 dam
199 1166 274 1200 fratrem
282 1177 293 1200 a
300 1176 373 1200 summo
381 1167 460 1200 culmine
467 1177 526 1210 vsque
534 1168 557 1200 ad
565 1173 633 1201 terram
644 1169 715 1201 cadere.
739 1166 774 1209 Qui
782 1178 825 1200 mox
832 1173 852 1201 vt

149 1225 217 1254 terram
233 1219 296 1262 attigit,
311 1219 408 1253 incolumis
423 1230 502 1264 surgens
517 1220 571 1263 stetit,
587 1219 613 1253 nil
631 1220 673 1253 mali
692 1220 715 1253 de
732 1224 782 1253 tanta
800 1219 851 1253 ruina

122 1284 141 1304 20
149 1283 221 1316 passus.
265 1265 316 1306 Cum
328 1277 380 1305 nocte
392 1272 471 1316 quadam
482 1272 555 1306 lectioni
567 1283 643 1317 operam
655 1273 711 1314 daret,
723 1272 798 1317 contigit
809 1283 851 1306 eum

149 1326 172 1358 ob
188 1324 263 1359 nimiam
278 1325 390 1368 vigilantiam
405 1325 526 1366 obdormisse,
540 1331 558 1360 et
573 1326 668 1359 candelam
683 1326 779 1359 ardentem
795 1336 851 1368 super

150 1378 216 1412 librum
224 1377 320 1412 decidisse.
336 1378 449 1421 Consumpta
455 1377 503 1411 sere³
510 1378 590 1420 candela,
597 1384 615 1411 et
623 1377 751 1422 expergefacto
759 1378 851 1422 episcopo,

149 1430 196 1465 liber
208 1430 271 1465 illesus
283 1435 368 1473 repertus
382 1436 414 1465 est.
459 1423 510 1466 Cum
522 1435 583 1466 autem
596 1436 670 1465 sanctus
683 1431 790 1465 Dunstanus
802 1436 851 1465 esset

150 1485 206 1519 abbas
215 1482 314 1526 Glastonie‚
322 1482 366 1518 vidit
374 1483 393 1517 in
402 1483 472 1518 somnis
480 1483 571 1527 quandam
581 1482 627 1518 mire
638 1482 750 1518 celsitudinis
762 1484 852 1526 arborem,

123 1554 141 1584 25
150 1549 185 1582 que
197 1547 259 1571 ramos
269 1548 312 1571 suos
324 1538 430 1582 expandere
438 1538 478 1572 visa
489 1542 517 1572 est
527 1538 550 1571 ad
559 1537 648 1572 orientem
657 1543 675 1572 et
682 1537 802 1579 occidentem,
811 1547 852 1582 sep-

150 1592 261 1625 tentrionem
269 1596 287 1624 et
295 1591 397 1633 meridiem,
404 1590 571 1633 supervniuersam
579 1590 672 1625 Britannie
678 1590 776 1634 regionem.
796 1591 852 1625 Cuius

150 1643 221 1678 arboris
229 1643 276 1677 rami
284 1643 385 1677 innumeris
394 1648 446 1677 erant
453 1643 552 1677 maioribus
560 1648 578 1677 et
589 1643 689 1678 minoribus
702 1643 777 1678 cucullis
785 1644 851 1678 onusti

151 1697 194 1739 lpsa
209 1705 253 1729 vero
266 1697 320 1729 arbor
334 1695 353 1729 in
367 1706 439 1729 summo
454 1696 548 1729 cacumine
563 1697 646 1739 gestabat
660 1706 715 1729 vnam
728 1697 851 1740 pregrandem

151 1748 244 1789 cucullam,
251 1759 286 1791 que
292 1747 404 1781 manicarum
410 1748 512 1782 velamento
518 1747 659 1791 supereminens
664 1750 770 1792 protegebat
775 1753 851 1790 ceteras,

123 1816 142 1843 30
151 1807 168 1834 et
184 1800 253 1844 ingenti
265 1800 376 1844 proceritate
389 1799 532 1845 supergrediens
547 1800 649 1843 uniuersas,
661 1801 722 1845 ipsum
737 1801 852 1844 contingebat

150 1855 214 1889 celum.
237 1853 270 1887 Vir
281 1859 342 1888 autem
353 1854 422 1888 domini
433 1854 540 1889 Dunstanus
549 1855 669 1889 vehementer
680 1856 766 1889 attonitus
775 1855 851 1889 interro-

149 1909 203 1951 gabat
217 1907 251 1941 hec
264 1907 298 1941 sibi
311 1907 474 1949 demonstrantem,
488 1908 539 1941 canis
551 1907 637 1951 angelicis
650 1908 762 1949 decoratum,
776 1908 850 1942 dicens:

149 1961 227 2003 ‘Queso
239 1961 345 1995 venerande
358 1962 425 2003 senior,
438 1971 474 2005 que
487 1966 515 1995 est
528 1961 563 1995 hec
576 1961 651 1996 robusta
665 1966 683 1996 et
695 1960 778 1996 sublimis
792 1962 850 2002 arbor,

150 2015 201 2049 cuius
220 2014 266 2048 rami
285 2014 338 2056 longe
357 2014 430 2057 lateque
449 2014 532 2058 expansi,
551 2019 589 2048 tarn
607 2014 750 2049 innumerabiles
769 2014 849 2049 cucullus

122 2084 140 2113 35
149 2068 240 2101 sustinent
247 2068 262 2100 t’
286 2067 319 2099 Cui
327 2066 367 2100 ille:
380 2067 453 2099 ‘Arbor
461 2068 494 2099 hec
503 2077 558 2110 quam
566 2067 624 2108 uides,
632 2068 679 2100 abba
687 2068 788 2109 Dunstane,
796 2067 851 2101 situm

150 2120 234 2164 designat
245 2118 299 2152 huius
310 2118 380 2161 insule;
392 2129 458 2162 magna
469 2124 531 2154 autem
543 2119 613 2153 cuculla
624 2130 660 2163 que
671 2119 704 2163 [in]
715 2120 769 2154 huius
780 2120 850 2154 arboris

150 2171 254 2207 summitate
270 2171 350 2216 erigitur,
366 2171 406 2215 ipsa
422 2176 450 2205 est
464 2172 549 2206 monachi
563 2173 589 2206 tui
602 2172 709 2206 Ethelwoldl
715 2173 726 2215 ⁴,
740 2171 770 2216 qui
783 2172 801 2206 in
815 2172 849 2207 hoc

150 2225 261 2260 monasterio
275 2225 340 2260 deuote
355 2225 427 2259 Christo
441 2225 548 2268 famulatum
565 2224 635 2270 relique
645 2236 689 2260 vero
703 2226 773 2260 cuculle
786 2225 852 2270 quibus

149 2280 175 2314 hii
186 2278 233 2314 rami
244 2279 329 2313 videntur
341 2279 408 2321 onusti,
420 2279 554 2312 multitudinem
566 2279 663 2323 designant
675 2280 807 2313 monachorum
821 2280 851 2324 qui

121 2350 142 2381 40
151 2334 189 2368 eius
202 2332 305 2366 eruditione
317 2338 360 2366 sunt
372 2331 474 2366 instruendi
489 2338 506 2366 et
518 2332 598 2376 undique
614 2333 632 2366 in
648 2333 681 2367 hac
695 2333 770 2377 regione
785 2334 808 2366 ad
822 2331 850 2367 dei

150 2386 245 2421 seruitium
257 2385 385 2430 congregandi,
397 2385 473 2429 eiusque
486 2386 551 2420 ducatu
565 2387 671 2430 peruenturi
685 2391 728 2420 sunt
741 2387 764 2420 ad
776 2385 852 2430 gloriam

150 2441 202 2485 regni
216 2440 296 2474 celorum
308 2444 326 2474 et
337 2440 360 2474 ad
373 2440 479 2473 societatem
490 2450 532 2473 cum
544 2439 616 2473 Christo
627 2439 742 2483 regnantium
754 2439 851 2483 spirituum

150 2495 254 2527 beatorum!
291 2486 336 2536 lpse
342 2503 421 2536 namque
429 2492 553 2526 Ethelwoldus
562 2493 667 2536 sompnium
677 2495 725 2536 quod
732 2493 774 2536 ipse
781 2493 852 2527 viderat

151 2546 260 2588 quibusdam
275 2546 370 2579 monachis
385 2545 424 2580 suis
439 2545 536 2587 referebat,
548 2545 623 2580 dicens:
640 2545 741 2580 ‘Putabam
757 2556 787 2580 me
803 2550 852 2580 stare

191 2608 282 2638 ¹om.inT
338 2608 413 2637 ²al.dei.
462 2608 625 2644 ³T.sere;E.vcro.
674 2607 708 2637 ⁴E.
716 2609 811 2638 ethelwaldi.
