1762 2803
144 189 185 242 156
333 186 412 238 mona
428 183 543 245 tramea
559 183 651 245 analio.

141 306 222 349 linguam
230 306 305 340 infantis
313 306 430 346 benedicens,
440 306 496 341 dixit:
509 305 565 348 ‘Quis
575 312 603 340 est
615 312 667 349 pater
677 308 740 340 tuusl’
764 307 796 340 Ille
807 306 842 339 ait:

142 359 195 391 ‘Non
204 363 232 392 est
240 359 338 402 episcopus
349 358 410 391 Broon
420 364 473 402 pater
483 369 542 401 meus,
554 359 587 391 sed
598 359 653 391 homo
663 358 694 392 ille
704 358 763 402 turpis
774 364 791 391 et
801 358 843 391 vilis

141 411 172 455 qui
183 411 202 445 in
213 410 279 455 populo
289 411 363 445 vltimus
374 411 436 445 sedet!
459 411 511 446 Tunc
523 411 608 446 omnibus
618 412 652 445 deo
663 410 730 456 gratias
740 410 843 455 agentibus,

142 464 378 508 mulierpenitentiamegit.
413 456 788 508 Cumquidamdcmoniacuscognouisset
795 464 843 507 quod

126 528 134 558 5
143 518 166 550 ad
174 521 256 550 sanctam
265 515 358 559 Brigidam
368 517 471 559 duceretur,
480 517 545 550 cecidit
555 516 574 550 in
584 522 657 559 terram,
666 517 740 551 dicens:
753 516 805 549 ‘Non
813 525 843 549 me

142 568 237 613 portabitis
247 568 298 602 illuc.¹
322 567 431 612 ‘Numquid
442 568 531 612 inquiunt⁷
542 569 578 604 scis
589 569 648 604 locum
659 571 698 604 eius
705 570 720 604 2¹
744 568 803 611 ‘Scio,
813 568 843 609 ait,

142 623 193 656 etad
204 621 254 656 illam
264 631 301 654 non
311 620 351 655 ibo!
375 622 451 655 Etcum
462 633 499 655 non
511 627 588 665 possent
598 622 648 656 illum
661 633 741 663 mouere,
753 622 843 656 miserunt

141 674 172 717 qui
179 679 261 708 sanctam
268 673 360 718 Brigidam
366 675 470 708 adduceret.
486 674 509 708 Et
515 675 580 709 videns
587 675 654 709 demon
660 675 753 719 Brigidam
760 675 783 708 de
789 674 843 718 longe

141 728 164 761 ad
175 738 195 761 se
206 726 316 769 venientem,
326 728 348 760 ab
358 726 432 761 homine
443 726 492 770 sugit.
545 720 626 762 Cuidam
642 728 708 772 virgini
722 727 843 761 elemosinam

116 792 134 813 10
142 779 226 822 querenti
234 779 280 812 dixit
291 779 375 822 Brigida:
388 779 467 813 ‘Audiui
476 780 543 814 multos
551 779 634 814 infirmos
644 780 700 823 [esse]
708 780 726 813 in
734 780 793 823 patria
800 785 843 813 tua:

142 833 204 876 accipe
216 843 259 876 ergo
271 842 336 866 zonam
347 843 413 874 meam,
424 837 442 866 et
452 843 486 876 per
496 833 551 876 illam,
562 832 581 865 in
591 843 639 876 aqua
649 834 729 875 tinctam,
738 833 757 866 in
769 832 843 866 nomine

143 886 198 920 Ihesu
210 885 277 919 Christi
289 885 363 920 sanabis
376 896 415 927 eos,
425 890 443 919 et
452 887 520 920 victum
533 891 551 920 et
563 885 650 920 vestitum
661 887 729 920 dabunt
739 885 781 920 tibi.¹
804 885 843 919 Au·

142 938 204 973 ferens
217 948 261 981 ergo
273 948 336 971 secum
348 948 419 979 zonam,
432 938 530 981 languores
542 939 618 980 sanauit,
630 945 648 972 et
659 939 709 973 lucra
720 938 812 981 accipiens
826 942 844 971 et

143 991 195 1024 diues
207 990 277 1031 effecta,
290 990 402 1033 pauperibus
414 990 470 1023 multa
482 990 578 1024 distribuit.
620 984 673 1025 Dum
685 991 704 1025 in
715 990 844 1034 solempnitate

118 1055 135 1084 15
144 1044 222 1085 quadam
234 1042 318 1085 plebeius
329 1043 404 1085 quidam
415 1053 456 1075 cum
468 1048 505 1076 tota
516 1042 584 1076 familia
596 1053 629 1076 sua
641 1054 683 1076 cum
695 1048 757 1076 sancta
771 1042 844 1085 Brigida

144 1099 265 1138 pernoctaret,
279 1094 375 1129 venientes
387 1095 410 1129 ad
423 1096 498 1129 domum
514 1095 553 1129 eius
568 1095 649 1130 latrones
664 1097 721 1130 boues
737 1094 776 1129 eius
791 1093 844 1129 furati

144 1154 191 1191 sunt,
206 1153 224 1182 et
235 1148 344 1181 accedentes
357 1149 380 1181 ad
393 1148 474 1189 fluuium,
487 1148 597 1182 inuenerunt
608 1148 659 1182 illurn
672 1148 785 1183 abundancia
797 1159 844 1191 aque

143 1200 168 1232 ita
176 1199 272 1244 repletum,
279 1204 299 1232 vt
307 1200 385 1233 transire
393 1210 430 1233 non
438 1206 519 1243 possent.
541 1200 604 1234 Armis
614 1211 658 1244 ergo
669 1206 686 1235 et
696 1200 777 1234 vestibus
788 1210 844 1244 super

143 1253 202 1296 capita
211 1253 266 1287 boum
277 1252 359 1295 alligatis,
371 1263 437 1296 aquam
448 1253 505 1287 boues
515 1254 582 1287 intrare
590 1259 694 1297 coegerunt,
717 1253 755 1288 Sed
764 1251 844 1297 regressi

116 1320 135 1340 20
143 1305 212 1349 impetu
227 1315 300 1348 magno,
313 1304 417 1339 hominibus
430 1305 485 1339 nudis
498 1312 540 1349 post
553 1305 594 1339 illos
606 1308 726 1348 currentibus,
739 1307 761 1339 ad
774 1306 844 1339 habita-

143 1359 204 1391 culum
213 1357 286 1401 Brigide
294 1363 344 1391 recto
352 1368 406 1391 cursu
414 1363 548 1401 peruenerunt;
557 1363 575 1392 et
583 1358 646 1401 [sures]
655 1360 689 1392 deo
698 1359 770 1392 laudem
779 1360 844 1391 dantes

143 1410 162 1445 in
171 1409 282 1445 monasterio
292 1409 367 1454 Brigide
377 1410 496 1455 penitentiam
506 1416 588 1456 egerunt.
629 1404 716 1458 Quedam
728 1411 791 1456 regina
802 1421 844 1446 cum

143 1464 205 1498 multis
220 1464 273 1497 donis
288 1464 338 1497 venit
353 1465 376 1497 ad
392 1463 492 1507 Brigidam‚
506 1464 525 1497 in
538 1464 604 1508 quibus
617 1470 656 1498 erat
669 1470 755 1508 argentea
767 1465 845 1499 cathena

143 1517 220 1560 pulchra
235 1515 296 1549 nimis.
319 1515 373 1550 Hanc
390 1516 451 1560 puelle
467 1517 560 1560 rapientes
576 1518 595 1550 in
612 1518 702 1551 thesauris
714 1517 752 1551 suis
768 1518 844 1551 abscon·

117 1584 135 1612 25
145 1570 216 1611 derunt,
231 1569 297 1602 ceteris
311 1579 321 1601 a
334 1574 398 1602 sancta
412 1569 525 1612 pauperibus
539 1569 590 1603 datis.
614 1570 655 1603 Non
671 1570 727 1603 multo
743 1575 789 1613 post,
803 1580 844 1603 cum

144 1632 216 1665 pauper
229 1620 349 1654 elemosinam
362 1626 439 1664 peteret,
450 1621 481 1653 illa
491 1622 547 1654 nichil
559 1621 630 1655 habens
640 1623 736 1656 cathenam
748 1622 818 1666 accepit
827 1627 845 1656 et

145 1673 195 1705 illam
206 1672 284 1716 pauperi
297 1672 352 1706 dedit.
376 1673 416 1713 Quo
431 1672 476 1714 viso,
488 1673 575 1706 dixerunt
589 1674 660 1716 puelle:
673 1674 798 1708 ‘Perdidimus
811 1685 845 1717 per

145 1731 163 1758 te
179 1737 215 1769 que
230 1724 280 1758 misit
296 1725 348 1759 nobis
365 1726 421 1766 deus;
439 1724 500 1759 omnia
517 1727 550 1760 das
566 1726 682 1769 pauperibus,
697 1732 715 1761 et
730 1737 764 1761 nos
780 1726 845 1771 inopes

145 1777 244 1821 relinquis.¹
268 1777 291 1809 Et
306 1777 348 1811 illa:
365 1777 456 1819 ‘Querite
472 1777 501 1820 ait,
518 1778 613 1812 cathenam
628 1779 658 1813 vbi
673 1778 691 1813 in
704 1779 781 1813 ecclesia
793 1789 845 1812 orare

118 1844 137 1873 30
145 1830 242 1865 consueui:
255 1829 331 1864 forsitan
341 1829 366 1864 ibi
377 1829 474 1865 inuenietis
486 1830 546 1865 illam!
569 1830 646 1866 Inuenta
657 1832 734 1866 cathena
746 1837 764 1866 et
775 1832 845 1866 cunctis

145 1889 224 1924 ostensa,
236 1883 254 1917 in
268 1882 394 1917 testimonium
404 1882 476 1917 virtutis
488 1883 537 1918 illam
548 1894 623 1929 semper
634 1890 758 1920 reseruarunt.
794 1878 845 1921 Cum

145 1942 206 1984 autem
221 1936 315 1980 leprosum
328 1937 420 1980 quendam
435 1947 446 1969 a
460 1937 512 1981 lepra
526 1938 634 1972 mundasset
639 1950 644 1981 ;
659 1938 709 1973 misit
724 1939 747 1972 ad
762 1944 856 1973 sanctum*

145 1990 248 2030 Patricium,
262 1993 281 2022 vt
294 1989 329 2022 sibi
341 1989 444 2032 predicaret
457 1990 534 2024 verbum
547 1990 581 2023 dei.
605 1990 628 2024 Et
640 1992 684 2025 dum
698 2002 739 2025 cum
752 1991 845 2035 discipulis

145 2042 183 2076 suis
195 2047 213 2076 et
224 2041 255 2075 illa
268 2040 287 2074 in
299 2052 355 2075 vnum
369 2041 494 2084 conuenirent,
506 2041 606 2086 predicauit
617 2046 691 2078 sanctus
702 2044 800 2088 episcopus
812 2054 846 2088 per

118 2105 136 2135 35
145 2100 182 2128 tres
193 2095 232 2128 dies
244 2099 262 2127 et
272 2099 340 2136 noctes,
351 2094 400 2137 loqui
409 2104 446 2127 non
457 2105 537 2136 cessans,
548 2105 582 2129 nec
593 2096 620 2129 sol
630 2096 695 2130 occidit
705 2096 737 2139 eis,
748 2098 781 2130 sed
790 2106 846 2131 vnam

145 2159 187 2181 esse
205 2148 269 2181 horam
288 2157 353 2180 omues
372 2146 493 2181 crediderunt.
517 2147 595 2190 Quidam
614 2154 675 2183 autem
692 2149 767 2192 ignarus
783 2160 845 2184 rerum

145 2200 284 2243 superueniens,
290 2204 353 2232 sancto
362 2199 439 2233 Patricio
447 2199 502 2235 dixit:
512 2200 568 2242 ‘Quid
576 2206 626 2235 tanto
634 2207 717 2246 tempore
724 2202 753 2236 hic
759 2204 847 2237 sedetisl’

146 2252 249 2297 Respondit
261 2257 345 2286 sanctus:
360 2252 409 2295 ‘Que
423 2257 451 2287 est
464 2253 509 2287 hora
525 2253 581 2288 diei?¹
606 2254 629 2288 Et
643 2255 684 2290 ille:
697 2255 744 2290 ‘Per
755 2261 794 2291 tres
806 2255 846 2291 dies

145 2307 175 2339 hic
183 2304 286 2340 mansistis!
309 2304 359 2338 Dixit
367 2305 455 2339 Patricius
464 2317 467 2339 :
480 2307 527 2340 ‘Per
537 2307 657 2350 quadraginta
666 2308 705 2342 dies
717 2314 735 2342 et
745 2313 809 2342 noctes
817 2309 845 2342 hic

117 2370 137 2399 40
145 2357 244 2391 fuissemus
257 2356 272 2390 si
286 2357 347 2390 nullus
362 2357 391 2390 hic
405 2357 492 2399 venisset,
504 2359 572 2392 nullam
584 2359 711 2393 lassitudinem
724 2360 754 2393 vel
766 2360 846 2393 esuriem

146 2411 207 2444 diuina
219 2411 298 2443 donante
310 2411 368 2453 gratia
379 2410 490 2444 sentientes.³
524 2405 612 2456 Quedam
623 2413 688 2456 regina
698 2422 739 2446 cum
749 2414 771 2446 ad
781 2423 846 2457 preces

146 2468 208 2497 sancte
221 2462 295 2505 Brigide
305 2462 363 2495 filium
373 2462 440 2496 sterilis
452 2463 565 2506 peperisset3
578 2464 652 2506 quidam
660 2464 778 2499 demoniacus
785 2465 847 2499 surore

147 2514 223 2556 agitatus
238 2514 305 2548 multos
319 2514 401 2558 affligens
417 2515 439 2547 ad
455 2520 537 2549 sanctam
551 2515 644 2559 Brigidam
660 2515 759 2551 adducitur.
783 2517 816 2552 Cui
829 2523 847 2553 et

147 2566 202 2600 dixit:
215 2566 302 2600 ‘Predica
311 2567 366 2600 michi
373 2567 451 2601 verbum
459 2568 528 2601 domini
536 2569 594 2601 nostri
602 2568 657 2602 Ihesu
666 2569 744 2604 christi:
768 2570 802 2605 llle
811 2571 846 2606 ait:

119 2619 175 2662 45⁶0
191 2618 265 2662 Brigida
279 2619 330 2663 virgo
345 2626 413 2662 sancta,
429 2620 478 2655 iussa
493 2627 524 2655 tua
538 2621 616 2665 implere
631 2621 698 2657 inuitus
715 2634 775 2667 cogor.
798 2626 847 2659 Ama
