1762 2803
278 76 323 132 bt
338 75 438 129 aanor
453 73 600 131 Etumttit.
747 79 790 134 265

89 198 180 242 persecuti
191 198 263 240 suerint,
274 203 292 232 et
303 209 336 232 vos
347 198 492 242 persequentur?
515 195 553 231 Sed
565 202 583 231 et
593 196 617 231 ait
627 196 732 240 apostolus:
744 196 792 230 ‘Per

89 252 156 286 multas
164 252 289 286 tribulationes
297 257 368 295 oportet
378 261 413 284 nos
423 250 491 285 intrare
502 250 521 284 in
533 261 616 294 regnum.
640 249 731 291 Quoniam
743 250 791 293 quod

89 304 154 340 fornax
162 317 211 346 auro,
216 305 265 349 quod
273 304 317 338 lima
324 303 378 346 ferro,
386 304 435 347 quod
443 303 534 347 flagellum
542 314 604 347 grano,
613 303 647 338 lroc
655 302 746 337 tribulatio
753 302 793 337 viro

89 356 147 392 iusto!
171 357 217 404 Cum
225 357 280 401 igitur
287 361 361 391 sanctus
370 355 487 390 Decumanus
495 355 607 391 multimodis
615 356 710 399 signorum
718 355 792 390 lloreret

89 409 191 452 virtutibus,
199 422 235 453 que
242 420 276 453 per
282 408 411 452 negligentiam
419 408 528 452 scriptorum
533 409 617 443 abierunt
622 409 640 443 in
646 408 792 442 dissuetudinem
801 418 810 446 5

90 469 108 496 et
114 473 148 507 pro
156 473 223 507 magna
231 467 283 507 parte
291 473 349 507 penes
357 472 391 496 nos
397 461 416 496 in
424 462 601 497 obliuionem-alias
609 463 643 497 deo
649 462 704 496 dante
709 472 792 496 reserua-

89 522 153 550 rentur
164 517 187 550 ad
199 515 343 551 edificationem:
355 516 389 550 Vir
400 515 480 559 quidam,
488 516 520 550 sed
532 521 550 550 et
562 516 601 560 ipse
612 516 641 550 vir
653 515 715 558 Belial,
727 514 792 560 aspide

90 569 156 609 senior,
163 569 227 612 uipera
239 569 362 610 truculentior,
371 569 416 602 tanti
428 569 485 612 patris
496 568 581 603 inuidens
592 569 688 610 sanctitati,
698 569 717 602 in
729 569 792 602 odium

89 631 133 655 vere
148 620 220 655 virtutis
234 628 252 656 et
266 620 285 655 in
298 621 437 656 detestationem
454 620 547 656 christiani
562 621 641 656 nominis
656 621 715 655 furiali
731 626 792 656 mente

90 673 207 716 debachatus,
220 673 320 709 bestialiter
334 674 411 709 accurrit
426 680 444 709 et
459 674 507 709 inter
521 675 577 709 verba
593 674 679 709 orationis
694 680 712 709 et
727 684 792 719 preces
802 685 821 706 ro

90 733 152 762 sancte
168 728 270 763 deuotionis
283 734 366 763 sanctum
379 728 448 763 domini
459 727 524 772 capitis
535 728 671 762 obtruncatione
683 729 705 762 ad
717 727 792 762 celestia

89 792 146 824 regna
157 781 264 816 transmisit.
293 781 333 815 Tali
345 781 399 825 igitur
411 781 499 824 martyrio
510 780 595 823 migrauit
606 781 629 814 ad
643 780 738 814 dominum
750 786 793 824 post

90 839 116 867 tot
129 839 147 868 et
160 839 220 868 tantas
233 844 279 877 quas
291 834 363 877 corpori
375 844 408 868 suo
421 833 487 866 indixit
499 832 598 872 molestias,
610 838 629 867 vt
642 832 745 866 euidentius
759 843 794 866 suo

91 891 201 919 monstraret
212 887 298 929 exemplo
309 879 358 929 qu'od
368 896 405 919 non
417 890 445 919 est
454 885 542 919 transitus
551 895 562 918 a
571 885 637 918 delitiis
645 885 668 918 ad
676 885 752 927 delitias,
760 886 793 918 sed

92 936 122 981 'qui
135 939 198 972 volunt
210 938 273 973 viuere
285 939 387 972 secundum
400 938 521 981 euangelium,
532 941 570 970 tota
580 937 618 971 vita
628 947 662 971 sua
673 937 704 970 fiat
717 947 763 971 crux
776 942 822 977 et15

92 991 204 1034 martyrium.
227 990 286 1024 Nimis
294 991 343 1024 enim
352 991 439 1025 delicatus
447 995 475 1024 est
483 989 537 1023 miles
545 989 576 1034 qui
582 990 619 1023 vult
627 989 656 1023 hic
664 990 744 1034 gaudere
752 1000 794 1024 curn

91 1044 160 1078 mundo
171 1050 189 1078 et
198 1044 217 1078 in
225 1044 306 1078 futurum
313 1055 391 1088 regnare
399 1054 441 1077 cum
449 1044 527 1078 Christo.
550 1044 589 1078 Sed
597 1049 615 1078 et
623 1044 671 1077 istud
679 1044 714 1077 sub
721 1043 795 1078 silentio

91 1108 128 1130 non
137 1102 165 1130 est
172 1098 316 1141 pretereundum
324 1098 372 1141 quod
381 1108 422 1130 cum
431 1097 530 1130 decollatus
538 1102 588 1130 esset
595 1107 637 1130 cum
645 1097 723 1140 quadam
729 1107 794 1140 vanga,

91 1155 110 1183 vt
121 1149 184 1192 fertur,
195 1155 270 1184 truncus
284 1149 339 1184 laceri
352 1149 434 1194 corporis
446 1160 466 1184 se
478 1149 536 1184 erexit
546 1154 563 1183 et
575 1155 629 1194 caput
640 1149 734 1193 proprium
746 1148 794 1193 cepit

91 1202 177 1247 pendulis
184 1203 264 1238 brachiis
271 1203 358 1238 vectitare
365 1215 376 1238 a
383 1203 423 1237 loco
431 1202 555 1238 decollationis
560 1214 619 1247 vsque
626 1203 649 1237 ad
657 1203 727 1237 sontem
734 1203 793 1247 limpi-
803 1214 822 1236 ro

92 1256 163 1288 dissimi
176 1256 256 1299 liquoris,
268 1256 287 1289 in
300 1268 336 1299 quo
349 1261 403 1299 caput
416 1267 469 1289 suum
483 1255 562 1299 propriis
575 1256 660 1288 manibus
673 1256 748 1289 abluere
759 1266 794 1298 pro

93 1308 224 1342 consuetudine
232 1309 316 1342 habebat.
339 1309 374 1351 Qui
380 1318 438 1352 vsque
444 1308 498 1342 hodie
504 1308 528 1342 ad
534 1307 641 1341 memoriam
648 1312 665 1341 et
671 1307 793 1342 reuerentiam

91 1359 150 1402 ipsius
166 1360 216 1394 ‘sons
232 1361 290 1394 sancti
308 1360 417 1395 Decumani¹
435 1365 555 1404 nuncupatur,
568 1360 632 1402 dulcis,
646 1360 762 1394 necessarius
776 1365 794 1394 et

92 1412 171 1447 salubris
182 1412 247 1448 incolis
259 1414 282 1447 ad
293 1415 399 1458 potandum.
422 1413 444 1447 In
452 1425 488 1458 quo
496 1414 535 1448 loco
544 1418 598 1457 caput
605 1413 659 1447 simul
667 1424 709 1448 cum
717 1424 794 1458 corpore

92 1467 210 1510 postmodum
222 1477 233 1500 a
246 1467 330 1501 fidelibus
341 1467 438 1511 quesitum,
449 1473 467 1501 et
478 1467 579 1508 inuentum,
590 1466 684 1511 sepulture
695 1466 794 1501 honorifice
804 1477 822 1507 ²5

91 1519 202 1554 tradebatur.
226 1520 346 1555 Renouantur
353 1520 427 1564 antiqua
435 1520 527 1561 miracula,
534 1519 617 1554 rediuiua
626 1519 736 1563 repullulant
742 1520 795 1564 signa

93 1583 128 1615 que
136 1583 170 1615 per
177 1573 277 1606 beatissimi
288 1573 365 1607 Dionisii
377 1573 476 1608 Galliarum
486 1573 551 1607 merita
561 1573 646 1607 dominus
657 1584 745 1607 exercere
756 1573 795 1617 dig-

92 1630 146 1658 uatus
157 1629 190 1666 est,
198 1626 221 1659 ad
233 1625 306 1659 laudem
316 1631 335 1660 et
344 1625 421 1669 gloriam
429 1624 540 1660 sanctissimi
551 1625 630 1660 nominis
641 1624 675 1667 sui,
683 1625 714 1670 qui
722 1625 767 1660 viuit
777 1632 795 1660 et

92 1683 156 1721 regnat
164 1689 198 1721 per
205 1679 314 1712 immortalia
322 1680 384 1713 secula
391 1680 500 1713 seculorum.
522 1679 589 1713 Arnen.

142 1776 156 1812 li
169 1768 203 1810 DE
214 1786 285 1811 SANCTO
297 1770 411 1811 DEUSDEDIT
422 1787 569 1812 ARCHIEFISCOPO
581 1788 603 1811 ET
614 1778 748 1813 couressouss¹.

95 1843 201 1920 EGregio
208 1844 238 1878 dei
246 1844 333 1888 pontifice
344 1844 427 1879 Honorio
435 1856 459 1879 ex
468 1846 502 1879 hac
512 1845 552 1879 luce
561 1846 584 1879 ad
596 1846 691 1880 dominum
702 1847 795 1888 translato,
804 1856 824 1885 30

154 1897 223 1931 electus
231 1903 259 1931 est
266 1897 415 1942 archiepiscopus
423 1897 565 1932 dorobernensis
573 1898 601 1932 vir
609 1899 643 1933 deo
651 1898 722 1942 dignus,
730 1899 767 1933 vita
776 1904 795 1934 et

91 1950 192 1986 eruditione
202 1951 262 1985 clarus
273 1951 379 1993 Deusdedit,
387 1951 412 1985 ‘de
423 1956 477 1995 gente
488 1950 633 1986 occidentalium
644 1951 744 1995 Saxonum,
753 1963 794 1986 curn

92 2003 173 2038 maximo
186 2004 267 2039 omnium
280 2003 364 2048 tripudio,
375 2014 430 2048 quem
442 2004 558 2038 ordinaturus
569 2004 619 2039 venit
630 2004 672 2039 illuc
684 2004 795 2040 Ythamarus

93 2057 170 2091 antistes
178 2058 255 2092 ecclesie
265 2057 362 2100 roffensis;
374 2062 391 2093 et
401 2068 468 2092 nouem
479 2057 537 2099 annis,
545 2057 640 2092 mensibus
651 2063 729 2101 quatuor
738 2058 795 2093 ecclc·

93 2110 139 2144 siam
148 2120 200 2143 suam
208 2111 288 2154 gloriose
297 2111 350 2145 rexit.
372 2111 443 2146 Seruus
452 2111 513 2155 itaque
522 2110 551 2145 dei
564 2110 665 2145 Deusdedit
676 2111 795 2146 fidelissimus
804 2121 823 2151 35

94 2174 127 2207 per
139 2163 200 2196 omnia
212 2169 230 2197 et
241 2165 276 2198 deo
288 2165 370 2206 deuotus,
379 2164 479 2208 euangelici
488 2164 571 2209 precepti
582 2175 619 2198 non
629 2165 735 2199 immemor:
749 2165 796 2199 sicut

94 2216 145 2251 eius²
155 2216 213 2250 suerat
223 2216 300 2250 idoneus
312 2218 388 2260 auditor,
397 2217 422 2251 ita
432 2229 469 2252 non
481 2218 542 2252 minus
553 2217 611 2261 ipsius
622 2222 661 2251 erat
672 2222 691 2251 et
701 2218 796 2253 studiosus

93 2273 185 2301 executor.
207 2268 268 2301 Verus
276 2268 325 2301 enim
333 2274 372 2302 erat
379 2269 409 2302 dei
416 2270 479 2310 cultor,
487 2269 572 2303 vitiorum
579 2269 702 2310 mortificator,
708 2269 796 2303 virtutum

96 2326 171 2363 amator,
182 2320 233 2357 verbi
245 2320 302 2357 diuini
313 2331 350 2356 non
362 2321 425 2366 segnis
437 2327 497 2366 sator;
517 2321 639 2357 meditabatur
651 2321 712 2366 legem
727 2322 797 2358 domini

94 2375 173 2417 assidue,
182 2374 274 2420 preceptis
282 2374 321 2408 eius
329 2384 350 2409 se
357 2374 418 2419 ipsum
426 2375 518 2409 humiliter
526 2374 628 2418 subdendo,
636 2379 654 2409 et
662 2374 750 2411 talentum
761 2376 796 2411 sibi
805 2386 825 2416 40

94 2428 213 2462 commissum
227 2440 237 2462 a
253 2428 331 2471 Christo,
343 2428 407 2462 affectu
419 2429 518 2462 voluntatis
533 2429 590 2462 nimio
604 2429 697 2464 nitebatur
711 2431 796 2466 creditori

113 2496 118 2513 ¹
130 2496 159 2526 Ed.
169 2497 185 2527 in
192 2497 227 2528 Act.
239 2498 268 2529 SS.
279 2497 320 2528 Boll.
331 2497 367 2536 luly
374 2497 400 2528 IV.
408 2507 423 2536 p.
431 2508 460 2537 493
471 2498 545 2535 abrldged
556 2498 595 2529 srorn
606 2499 634 2530 the
643 2498 680 2530 Vita
690 2499 712 2539 by
722 2499 796 2532 Goscelin

95 2537 136 2574 lMS·
144 2537 192 2575 Vesp.
202 2539 221 2568 B.
228 2539 278 2577 XX„
288 2539 306 2568 cl.
315 2538 360 2568 Beda
366 2538 395 2568 lll.
404 2547 428 2568 20.
489 2539 495 2555 ²
505 2539 523 2568 T.
531 2538 549 2569 E.
558 2539 605 2570 enim.
