1762 2803
238 96 284 151 wc
299 94 401 147 &aaut
417 92 563 148 conamina.
712 106 755 150 297

56 218 74 251 in
84 227 167 260 uxorem,
178 217 225 251 sicut
236 217 312 251 inferius
323 216 341 249 in
352 215 390 249 vita
401 216 483 249 eiusdem
495 215 553 249 sancti
565 215 614 259 regis
626 214 691 248 clarius
702 219 758 258 patet.

57 270 149 305 Edbaldus
156 281 201 305 vero
208 280 232 305 ex
241 270 311 311 Emma,
319 269 369 313 regis
377 269 489 304 Francorum
501 268 543 310 filia,
551 268 613 312 genuit
622 267 757 302 Ermenredum

56 329 74 357 et
89 324 234 366 Ercombertum,
249 328 267 357 et
283 323 339 357 filiam
355 321 476 356 Eanswldam.
499 321 540 364 Que
556 321 579 355 ab
594 321 670 355 infantia
684 320 758 364 pompis

56 377 168 411 secularibus
180 377 296 419 renuncians,
304 377 339 411 deo
351 375 420 410 seruire
432 376 505 418 studuit,
516 376 599 420 preciosa
610 385 682 421 queque
694 373 758 408 mundi

56 431 131 465 calcauit
143 435 161 464 et
174 431 264 464 advitam
277 430 329 474 regni
341 429 419 471 celestis,
430 435 468 464 tota
480 430 546 464 virtute
560 435 642 463 sanctam
654 427 775 472 amplexata5

56 484 162 525 doctrinam,
173 483 210 526 iugi
222 483 313 517 desiderio
326 484 429 526 suspirauit,
441 488 459 517 et
472 482 615 517 sanctimonialis
626 483 663 516 vite
675 480 758 524 regulam

57 536 118 571 subire
124 535 236 570 deliberauit.
258 536 289 570 Ad
295 535 347 571 cuius
353 536 616 581 obseruantieoportunitatem
625 534 758 579 com[m]odum

56 589 112 631 elegit
122 590 182 622 locum
194 599 205 622 a
215 589 265 632 vulgi
276 589 420 632 frequentatione
431 594 527 629 remotum,
539 588 554 621 F
555 589 626 622 olkstan
638 588 759 627 nominatum,

56 642 86 675 vbi
98 647 116 675 et
127 647 179 686 pater
190 642 230 676 elus
238 642 332 676 Edbaldus
343 642 362 676 in
374 642 443 676 honore
453 642 501 677 beati
511 641 560 676 Petri
572 642 650 686 apostoli
661 640 758 675 ecclesiam

57 694 163 728 construxit.
186 694 213 728 Ibi
226 705 269 738 ergo
281 706 305 729 ex
318 699 370 737 parte
382 696 444 736 maris,
456 706 492 738 quo
505 695 592 729 remotior
603 695 669 728 dicitur
680 704 723 727 esse
735 693 758 728 ab
768 703 787 725 ro

57 747 103 790 ipsis
117 747 216 789 ruricolis¹,
231 747 335 782 huiusmodi
350 753 486 791 competentem
500 746 583 781 fundauit
599 747 702 788 ecclesiam,
717 756 758 780 cum

57 800 135 835 officinis
145 800 179 834 sibi
190 801 264 844 suisque
275 800 376 841 comitibus,
384 801 494 844 professioni
502 801 543 834 eius
553 801 673 842 necessariis;
685 811 696 833 a
703 799 759 843 pleno

57 857 118 886 tamen
130 854 186 886 maris
197 853 269 896 gurgite
280 857 352 896 septem
364 852 448 896 iugerum
461 853 561 894 latitudine,
573 853 591 886 id
603 857 632 886 est
642 852 706 896 viginti
719 857 760 886 octo

58 905 178 948 perticaruml
186 906 290 940 distantem.
313 904 354 946 Que
364 905 419 938 hodie
426 915 517 949 nusquam
525 910 611 948 apparet:
624 910 672 939 terra
681 915 760 948 namque

58 958 125 992 amari
137 958 224 1002 paulatim
238 962 351 1001 consumpta,
364 963 407 1001 post
420 958 495 1002 longum
508 958 590 992 seculum
604 958 676 999 corruit,
689 962 707 991 ct
722 958 761 1001 ripa
770 968 788 1000 ¹5

58 1011 114 1044 maris
125 1011 233 1044 cimiterium
243 1010 308 1044 hausit.
332 1009 353 1043 In
364 1021 400 1054 qua
410 1011 535 1045 castimoniam
543 1010 650 1053 virginalem
662 1010 696 1044 sub
708 1020 761 1053 regu·

59 1063 91 1096 lari
106 1063 169 1096 habitu
184 1063 259 1104 ducens,
272 1063 301 1096 die
316 1067 406 1106 nocteque
421 1063 450 1096 dei
466 1062 559 1096 famulatui
575 1063 640 1104 dedita,
654 1062 676 1096 ad
688 1062 761 1095 beatum

59 1116 115 1149 finem
130 1115 229 1159 peruenire
247 1116 319 1155 meruit,
334 1115 393 1158 pridie
409 1115 444 1149 kal.
459 1115 575 1160 septembris.
604 1115 660 1150 Cuius
679 1114 761 1158 reliquie,

58 1169 111 1202 ruina
124 1167 182 1212 ipsius
197 1167 274 1202 ecclesie
289 1167 402 1211 imminente,
413 1169 432 1202 in
446 1169 525 1203 vicinam
540 1168 636 1202 ecclesiam
650 1167 698 1202 beati
712 1167 761 1201 Petri

58 1222 145 1256 translate
156 1226 204 1256 sunt.
249 1214 300 1257 Cum
310 1222 359 1255 enirn
369 1222 392 1256 ad
403 1232 462 1257 annos
472 1221 576 1266 nuptiarum
585 1222 701 1266 peruenisset
709 1221 762 1255 beata
770 1234 790 1255 ro

59 1276 110 1320 virgo
124 1275 228 1317 Eanswlda,
240 1281 293 1319 pater
305 1274 345 1309 eius
359 1276 397 1319 iugi
410 1276 547 1317 ammonitione,
559 1275 628 1310 crebris
639 1275 726 1319 precibus
738 1275 762 1308 ad

60 1330 133 1372 nuptias
140 1328 230 1372 virginem
240 1328 328 1362 inuitauit.
351 1327 385 1362 Cui
395 1329 448 1363 beata
455 1329 512 1373 virgo,
520 1328 585 1372 spiritu
595 1334 659 1363 sancto
668 1328 762 1372 inspirata,

59 1381 147 1414 immobili
158 1382 225 1414 mentis
236 1382 332 1414 deuotione
343 1381 361 1414 in
372 1381 406 1415 hec
413 1383 471 1415 verba
480 1382 585 1424 respondit:
598 1382 685 1416 ‘Genitor
693 1381 762 1414 charis-

60 1434 111 1475 sime,
123 1433 139 1467 si
151 1432 252 1466 dilectionis
264 1432 385 1467 constantiam
396 1433 557 1475 interminabilem,
568 1433 646 1467 fructum
658 1433 762 1477 nuptiarum

44 1476 48 1487 '
60 1491 174 1530 perpetuum,
182 1496 272 1529 sponsum
284 1486 411 1528 immortalem,
421 1487 496 1521 letitiam
508 1487 576 1521 sobolis
587 1487 677 1521 infinitam
688 1486 763 1530 virgini·
772 1498 790 1528 ²5

60 1539 92 1573 tati
97 1549 139 1573 mee
146 1537 257 1581 properare³
265 1538 355 1579 sufficitis,
361 1539 437 1573 consilio
443 1545 505 1575 vestro
512 1539 634 1583 gratulanter⁴
641 1539 763 1583 adquiescam.

61 1591 156 1625 Sinautem
173 1591 270 1625 amicitiam
285 1591 332 1625 odiis
346 1591 454 1635 imm'urtam,
469 1593 542 1636 nuptias
557 1593 635 1635 steriles,
651 1592 729 1627 fructum
744 1593 763 1627 in

61 1644 97 1679 illis
105 1644 234 1687 transitorium,
242 1645 328 1678 maritum
338 1646 440 1689 mortalem,
449 1646 545 1691 lugubrem
552 1647 631 1681 filiorum
639 1647 738 1688 interitum,
745 1652 764 1681 et

61 1700 80 1732 in
92 1699 177 1733 omnibus
186 1698 295 1742 virginitatis
302 1700 438 1743 corruptionem
447 1700 536 1734 studetis⁵
545 1711 645 1744 apponere,
655 1701 721 1744 potiori
732 1700 764 1734 ad-

62 1751 127 1785 herere
140 1751 194 1784 etiam
207 1751 264 1795 patris
277 1751 374 1785 consilium
389 1752 484 1796 intimabit,
499 1752 535 1786 nisi
549 1759 621 1797 patrem
633 1753 677 1788 velit
690 1763 764 1787 exuere.
773 1763 793 1794 30

62 1804 120 1838 Maria
132 1814 212 1847 namque
225 1804 313 1847 optimam
327 1810 399 1847 partem
415 1806 475 1849 elegit,
489 1816 525 1849 que
540 1816 577 1840 non
592 1806 684 1840 auferetur
699 1806 722 1839 ab
737 1816 764 1839 ea.

62 1856 109 1889 Cum
127 1856 182 1898 igitur
199 1856 218 1887 in
236 1855 321 1888 humanis
338 1856 377 1889 iura
392 1857 457 1890 mortis
471 1858 558 1891 vniuersa
572 1858 684 1901 possideant,
700 1858 764 1901 sponsi

62 1909 135 1949 celestis
147 1913 166 1941 et
177 1908 285 1942 immortalis
297 1908 394 1951 amplexus
407 1909 470 1945 sitiolz
486 1909 512 1944 illi
524 1919 566 1944 mee
577 1910 686 1954 virginitatis
699 1909 764 1944 llorem

62 1972 143 2004 reseruo,
156 1971 211 2006 quern
223 1971 265 1995 curn
277 1971 363 1995 amauero
376 1967 426 1996 casta
438 1973 485 2005 sum,
496 1973 538 1996 cum
549 1963 626 2008 tetigero
637 1963 706 1997 munda
717 1974 765 2006 sum,

63 2027 104 2049 curn
113 2026 201 2059 accepero
206 2015 258 2059 virgo
266 2025 313 2049 sum.
331 2014 362 2048 Ad
370 2014 424 2050 huius
431 2016 495 2060 sponsi
503 2016 544 2051 talis
552 2017 660 2062 obsequium
667 2017 765 2051 oratorium
774 2027 793 2059 35

63 2069 118 2102 michi
126 2069 207 2102 construi
215 2069 299 2111 deposco,
307 2069 369 2111 pater.¹
393 2068 455 2103 Motus
462 2071 517 2113 igitur
524 2071 600 2113 virginis
608 2072 699 2114 precibus,
705 2071 765 2104 locum

63 2120 150 2154 orationis
161 2121 195 2154 sibi
203 2125 255 2163 pater
262 2130 307 2153 suus
315 2119 408 2154 Edbaldus
418 2127 525 2155 construere
535 2122 589 2166 cepit.
611 2122 664 2164 Quod
673 2132 714 2155 curn
722 2132 766 2156 con·

63 2177 169 2215 strueretur,
175 2184 209 2206 rex
214 2173 417 2207 Northanhumbrorum
425 2175 511 2219 prosapia
518 2175 590 2218 nobilis,
596 2175 668 2209 beatam
675 2175 765 2219 virginem

64 2227 82 2260 in
98 2228 194 2270 coniugem
209 2226 306 2270 adoptauit.
328 2225 384 2259 Pater
394 2237 439 2261 vcro
454 2228 516 2272 puelle
530 2228 587 2261 filiam
602 2238 654 2262 suam
669 2228 766 2262 blandiciis

64 2279 149 2314 conuenit
159 2284 177 2313 et
187 2284 225 2313 tam
235 2278 310 2313 illustris
320 2279 379 2312 mariti
387 2280 500 2314 consortium
507 2280 582 2314 extollit.
605 2280 684 2324 Contigit
691 2285 735 2314 tunc
743 2281 766 2314 ad
775 2294 795 2324 40

64 2343 111 2376 opus
123 2333 196 2367 oratorii
208 2334 255 2366 inter
266 2337 336 2366 ceteras
348 2333 419 2366 trabem
430 2334 531 2375 adductam,
543 2333 617 2378 reliquis
630 2334 685 2367 trium
697 2334 766 2378 pedum

65 2386 177 2430 longitudine
192 2387 287 2428 minorem,
302 2384 349 2430 que⁷
363 2387 392 2419 sui
409 2387 497 2421 breuitate
512 2387 563 2431 operi
578 2387 647 2421 inutilis
662 2387 767 2421 habebatur.

65 2439 150 2472 Adducto
157 2444 218 2472 autem
225 2449 269 2483 rege
278 2438 480 2473 Northanhumbrorum
489 2439 551 2473 multis
558 2440 692 2482 comitantibus,
700 2440 767 2474 talibus

86 2512 120 2542 ¹E.
128 2513 204 2542 ruriculis.
248 2513 388 2551 'apartiearum
433 2514 479 2542 ¹om.
490 2513 531 2542 inT.
554 2505 601 2543 '‘r.
609 2518 695 2551 gratanter.
738 2515 766 2544 ³1¹.

65 2552 131 2582 audetis.
193 2552 199 2570 ⁰
209 2551 227 2581 E.
234 2551 284 2582 scitio.
345 2550 351 2568 ³
362 2551 381 2582 T.
389 2551 406 2582 Ε.
415 2552 446 2591 qui.
