1762 2803
296 106 619 164 pessumeuntem.
760 121 804 168 ²79

103 238 175 273 quaque
190 229 277 265 ecclesias
290 240 314 264 ex
326 228 396 264 eisdem
409 228 504 263 monachis
515 228 612 274 pontifices
624 228 683 272 electi,
696 234 714 264 et
730 230 805 265 abbates

103 283 194 326 assumpti
208 282 250 316 sint.
295 276 383 327 Quadam
398 282 447 315 enim
462 288 516 317 nocte
531 282 590 316 oranti
605 282 702 317 Dunstano
714 283 806 326 malignus

104 333 179 377 spiritus
194 335 213 369 in
228 335 327 369 immanem
340 334 403 378 lupum
417 345 438 368 se
450 335 573 379 transfigurat,
586 334 691 379 iterumque
704 340 747 379 post
759 344 806 378 pau·

103 386 160 421 lulum
173 388 248 432 vulpem
260 386 385 422 blandientem
397 387 489 432 confingit.
512 388 571 430 Quam
584 387 616 423 ille
629 387 734 433 specierum
746 387 806 422 varie-

103 445 160 475 tatem
173 441 276 483 subridens,
289 440 316 475 ίΟ
329 445 353 483 te,
366 440 430 484 inquit,
443 451 478 485 per
491 441 552 476 omnia
567 441 646 477 similem
658 441 700 476 tibi!
712 452 723 475 o
736 441 822 480 lormas5

103 498 134 526 tue
146 494 224 527 aetioni¹
236 503 333 537 congruas,
348 494 392 527 dum
405 493 424 527 in
437 494 493 528 altero
507 501 609 537 cruentum,
620 494 640 529 in
652 495 710 529 altero
724 499 742 528 te
756 505 805 528 com-

102 549 171 592 probes
183 548 330 581 fraudulentum!
353 546 405 581 Vade
417 546 459 588 iam,
468 546 547 589 inimice,
555 547 641 592 quoniam
651 547 669 582 in
678 548 718 582 eius
730 547 805 582 nomine

102 605 121 633 te
132 600 204 635 vincam
215 600 233 635 in
245 601 288 644 lupo
300 605 318 634 et
329 600 389 644 vulpe,
398 600 429 644 qui
438 606 456 634 te
467 601 486 634 in
497 601 551 635 leone
562 602 655 645 superauit
668 607 686 635 et
698 601 804 635 drachone.¹

102 645 177 688 Viden's
186 659 247 689 autem
255 653 284 688 vir
291 652 320 688 dei
330 664 351 688 se
361 663 447 698 magnam
459 664 470 688 a
481 654 589 688 demonibus
600 653 688 689 inuidiam
699 654 742 699 pati,
754 653 804 689 adhi-

93 706 141 740 buit
148 707 185 741 vite
195 718 228 741 sue
238 712 336 751 patronum
347 707 442 741 Andream
453 707 561 751 apostolum,
568 713 589 742 vt
596 714 646 741 esset
653 708 702 741 fidus
712 707 804 751 interpres
813 715 833 738 ιο

102 759 152 802 apud
162 759 222 800 deum,
230 758 316 794 assiduus
327 758 347 793 in
358 763 407 793 terra
415 769 483 801 comes,
491 765 546 803 atque
556 759 575 792 in
584 759 670 793 omnibus
678 760 741 794 mundi
749 759 804 794 huius

102 811 206 847 turbinibus
217 812 326 846 indeficiens
338 817 405 846 custos.
429 811 490 846 Huius
500 811 541 856 ipse
549 811 622 847 assidua
629 812 743 856 protectione
751 812 804 856 quasi

103 875 155 899 muro
166 866 250 906 vallatus,
261 875 297 908 que
308 865 372 899 mundi
383 870 426 898 sunt
437 865 568 907 transcenditl,
580 865 610 899 et³
620 864 640 899 in
652 875 715 899 amore
726 865 756 899 dei
767 865 804 910 iugi

103 917 221 952 meditatione
234 917 359 962 [re]quieuit⁴.
381 916 436 950 Vnde
448 917 563 951 suauissimis
575 927 697 961 supernorum
708 917 805 961 spirituum

103 970 221 1004 concentibus
230 980 276 1014 sepe
285 970 376 1004 interesse
385 970 497 1014 promeruit;
507 969 536 1004 vt¹
547 969 579 1014 qui
590 970 698 1014 angelorum
707 980 805 1004 conuersa·
815 983 832 1015 ¹5

102 1022 171 1057 tionem
177 1024 242 1068 agebat
248 1023 267 1056 in
273 1029 327 1064 terra,
334 1022 407 1056 illorum
415 1021 521 1057 societatem
529 1027 638 1067 agnosceret
645 1022 665 1056 in
673 1023 718 1056 celo.
754 1015 805 1057 Cum

103 1081 164 1110 autem
179 1075 218 1120 regi
234 1075 332 1110 Edmundo
347 1075 396 1109 filius
415 1080 523 1110 nasceretur
537 1075 612 1110 nomine
631 1075 721 1119 Edgarus,
736 1075 805 1110 audiuit
830 1078 833 1083 '

102 1129 167 1163 beatus
183 1130 290 1163 Dunstanus
305 1128 381 1172 angelos
396 1128 415 1162 in
431 1128 470 1162 celo
483 1128 596 1172 gratulantes
608 1134 627 1163 et
639 1139 681 1163 cum
692 1139 760 1173 magna
772 1140 805 1164 ex·

102 1182 189 1216 ultatione
200 1182 311 1225 psallentes:
324 1180 363 1215 ‘Sit
371 1192 413 1225 pax,
422 1181 445 1215 sit
456 1192 523 1225 magna
530 1181 646 1225 Anglorum¹
654 1181 732 1216 ecclesie
740 1181 805 1224 leticia,

102 1234 189 1277 quamdiu
200 1245 247 1278 puer
257 1240 311 1267 natus
322 1244 399 1277 regnum
409 1234 494 1274 tenuerit,
502 1240 520 1269 et
530 1239 594 1268 noster
601 1234 709 1268 Dunstanus
721 1235 804 1269 mortalis
813 1249 833 1270 ao

103 1286 139 1320 vite
145 1292 204 1320 metas
210 1285 330 1332 transegerit.¹
367 1280 427 1331 Apud
432 1287 552 1321 bathensem¹
559 1286 655 1321 ecclesiam
662 1287 706 1321 dum
712 1286 804 1322 solitarius

103 1346 168 1381 oraret,
179 1344 256 1383 repente
267 1340 290 1373 ad
302 1349 383 1383 superna
394 1345 464 1384 raptus,
475 1339 555 1374 animam
569 1340 663 1374 cuiusdam
676 1339 761 1383 discipuli
775 1340 804 1373 sui

102 1393 151 1436 apud
159 1392 272 1427 Glastoniam
280 1391 356 1434 educati,
364 1392 460 1427 innumera
468 1391 587 1436 angelorum¹
597 1392 700 1436 frequentia
707 1391 750 1427 hinc
760 1392 804 1427 inde

102 1444 188 1488 stipatam
199 1451 254 1490 atque
265 1444 352 1480 immensi
363 1445 438 1480 luminis
449 1445 520 1490 fulgore
530 1445 631 1490 perfusam,
639 1446 662 1479 ad
670 1445 704 1479 celi
712 1445 804 1489 palacium

102 1498 179 1542 prouehi
187 1498 289 1543 conspexit.
326 1491 422 1543 Contigit⁹
428 1503 447 1533 vt
455 1508 518 1543 regem
526 1498 613 1543 loquendi
622 1497 656 1533 sibi
664 1497 804 1543 cupidissimum
813 1512 831 1544 ²5

103 1551 211 1585 Dunstanus
215 1552 284 1586 adiret:
293 1551 386 1585 diabolum
391 1561 454 1585 scurre
459 1551 573 1586 simillimum
578 1562 639 1585 coram
645 1551 768 1594 equitantibus
773 1553 805 1586 de·

102 1603 329 1646 prehenditsaltantem,et
334 1603 387 1647 quasi
392 1604 415 1637 de
421 1603 481 1637 futuro
486 1603 546 1647 aliquo
552 1604 602 1637 lucro
607 1602 721 1646 gloriantem.
732 1603 805 1637 Cuius¹⁰

102 1656 214 1700 presentiam
222 1658 266 1691 dum
277 1657 345 1702 populo
352 1656 456 1698 indicasset,
464 1656 579 1701 formamque
587 1655 669 1692 omnium
675 1656 804 1701 conspectibus

102 1710 209 1744 horribilem
220 1721 244 1745 ex
253 1710 331 1755 imperio
339 1711 462 1753 denudasset;
474 1709 575 1754 requisitus
583 1709 626 1754 quid
635 1709 718 1744 eiusdem
726 1710 804 1745 monstri

102 1769 140 1796 tam
149 1764 234 1806 petulans
242 1764 302 1797 leticia
309 1764 428 1807 portenderet
434 1763 452 1805 ¹¹,
460 1763 491 1798 ille
500 1768 578 1797 mortem
587 1762 642 1806 regis,
649 1762 738 1806 regnique
745 1770 804 1798 muta·
813 1776 832 1805 30

102 1815 171 1849 tionem
178 1815 281 1859 proximam
289 1827 332 1850 esse
340 1815 442 1849 denunciat.
465 1815 510 1850 Post
517 1815 551 1849 hee
557 1825 601 1849 vero
609 1813 675 1849 infra¹¹¹
683 1820 755 1859 septem
764 1816 804 1851 dies

102 1873 121 1903 et
133 1878 166 1903 rex
180 1869 267 1902 occiditur
280 1874 298 1902 et
313 1878 392 1912 regnum
405 1873 491 1902 mutatur,
535 1860 615 1912 Sepulto
628 1868 677 1912 apud
690 1868 804 1903 Glastoniam

102 1932 147 1966 rege
158 1921 261 1964 Edmundo,
271 1921 359 1957 suecessit
371 1921 388 1956 ei
399 1921 419 1956 in
430 1931 509 1966 regnum
521 1921 577 1956 frater
588 1931 633 1956 suus
645 1920 736 1964 Edredus,
746 1921 805 1956 cultor

102 1975 172 2009 iusticie
186 1980 204 2009 et
216 1975 294 2018 pietatis,
303 1976 359 2008 deum
370 1975 424 2009 valde
437 1974 521 2018 diligens.
544 1974 566 2008 ln
578 1975 630 2008 cuius
641 1979 740 2019 conspectu
752 1981 804 2018 pater

103 2027 210 2062 Dunstanus
221 2027 267 2061 adeo
278 2026 372 2071 preciosus
383 2033 422 2061 erat
427 2026 440 2047 ¹¹
448 2032 467 2061 vt
471 2027 485 2047 ¹⁴
492 2026 542 2061 omni
550 2037 593 2061 eum
603 2027 684 2061 humano
691 2027 754 2070 generi
763 2037 803 2071 pre·
812 2037 830 2069 35

102 2080 164 2122 ferret,
171 2079 184 2099 ¹¹
191 2079 294 2124 principem
302 2085 454 2114 testamentorum
465 2085 559 2122 statueret,
567 2080 664 2114 thesauros
676 2080 693 2113 ei
704 2080 804 2124 delegaret,

102 2133 188 2174 animam,
196 2143 269 2176 eorpus,
277 2138 295 2166 et
305 2142 383 2176 regnum
391 2132 518 2174 committeret,
526 2143 560 2167 nec
568 2132 665 2175 quisquam
672 2131 691 2165 in
700 2137 737 2165 toto
745 2143 803 2177 regno

102 2186 206 2229 Anglorum
214 2190 264 2219 esset
270 2185 301 2228 qui
308 2185 378 2227 absque
386 2185 426 2219 eius
434 2185 512 2229 imperio
520 2194 595 2218 manum
601 2183 630 2219 vel
638 2184 706 2228 pedem
714 2191 804 2221 moueret.

103 2238 183 2271 Proinde
197 2237 310 2275 Dunstanus,
322 2237 374 2280 quasi
387 2247 421 2271 rex
433 2242 452 2271 et
465 2237 515 2280 regis
527 2237 627 2280 imperator
640 2236 722 2279 effectus,
732 2237 803 2281 virgam

103 2290 188 2334 equitatis
200 2295 218 2324 et
229 2289 299 2324 iusticie
312 2298 346 2332 per
357 2299 423 2323 omnes
433 2289 537 2332 Anglorum
548 2289 596 2323 fines
606 2289 699 2332 extendit;
715 2290 804 2326 ecclesias
812 2301 832 2331 40

103 2354 149 2389 quas
157 2343 197 2389 ipse
206 2343 319 2384 fundauerat,
326 2346 357 2376 aut
368 2342 391 2377 ab
403 2340 443 2376 aliis
454 2341 539 2377 fundatas
551 2346 624 2386 egestas
632 2347 756 2388 oppresserat,
764 2353 804 2379 am·

122 2438 127 2455 ¹
139 2440 157 2469 E.
164 2439 231 2469 actione.
278 2438 284 2456 ¹
294 2437 312 2467 T.
318 2437 349 2467 vit
358 2437 476 2468 transcendens.
524 2436 530 2454 ³
541 2445 571 2466 om.
577 2436 593 2465 in
600 2437 618 2468 T.
667 2436 673 2454 ¹
683 2437 776 2475 E.quleuit;
786 2440 804 2470 T.

102 2479 184 2516 requieuit
222 2478 228 2496 ⁵
238 2478 256 2508 T.
265 2482 285 2509 et.
323 2476 329 2494 ⁰
339 2477 357 2507 E.
365 2476 461 2514 angelorum.
502 2475 508 2494 ¹
519 2476 537 2505 E.
544 2475 631 2506 batensem.
671 2475 677 2493 ¹
687 2478 705 2507 E.
716 2478 804 2516 anglorum.

102 2519 108 2536 ¹
119 2519 137 2548 E.
145 2518 232 2555 Contingit.
308 2516 319 2535 ¹¹
329 2517 347 2547 T.
356 2516 400 2546 Cum.
475 2516 486 2534 ¹¹
497 2516 515 2545 E.
526 2516 634 2553 protenderet.
709 2517 722 2536 ¹²
730 2519 750 2549 al,
758 2519 804 2549 imm,

103 2557 114 2575 ¹³
124 2558 143 2588 T.
150 2562 184 2587 erat
190 2558 277 2596 preciosus.
317 2555 329 2573 ¹¹
339 2565 369 2587 om.
376 2557 393 2585 in
400 2556 418 2586 E.
458 2556 470 2574 ¹¹
480 2555 498 2585 E.
504 2559 522 2585 vt
529 2556 622 2593 principem.
