1762 2803
280 122 326 180 bo
341 121 441 176 annuo
456 119 553 178 bauto.
724 134 767 179 257

66 242 120 278 ludos
134 249 226 287 exercent,
238 244 326 281 simulant
339 243 451 286 concubitus,
462 244 540 279 blandos
553 243 621 279 amoris
634 253 694 278 ncxus
707 247 768 277 osten·

67 297 123 339 dunt;
141 300 273 333 monachorum
288 302 361 332 mentes
376 298 490 341 quorundam
505 297 528 331 ad
543 296 638 331 libidinem
654 295 769 340 pertrahunt,

66 353 181 395 quorundam
199 352 302 387 molestant.
325 351 390 385 Cuncti
405 361 449 394 crgo
466 351 550 396 discipuli
565 351 615 385 illam
630 349 716 384 iniuriam
731 359 769 383 non

66 403 152 446 ferentes,
167 404 254 439 dixerunt
261 405 289 439 ad
304 403 375 438 Dauid:
393 403 504 447 ‘Fugiamus
519 403 567 446 hinc,
583 404 626 448 quia
640 407 717 448 propter
730 413 770 437 mo·

67 456 139 491 lestiam
146 457 245 492 mulierum
250 457 280 491 hic
286 457 368 492 habitare
376 467 413 491 non
421 459 530 502 possumus)
550 461 554 477 ‘
561 457 630 498 Nostis,
636 456 695 501 inquit
700 456 729 491 vir
734 456 770 496 dei,
778 463 787 494 5

67 511 116 554 quod
126 512 206 545 mundus
217 521 252 545 nos
261 510 309 552 odit;
321 511 354 544 sed
365 510 429 544 scitote
440 512 488 555 quod
500 511 553 555 plebs
563 510 660 546 israelitica
671 509 770 545 comitante

68 562 136 597 federis
144 565 199 598 archa
207 570 275 599 terram
287 563 437 608 repromissionis
448 564 559 608 ingrediens,
569 564 660 599 continuis
669 563 769 609 preliorum

68 615 155 658 periculis
160 627 202 650 cesa
210 627 244 651 nec
249 621 311 650 tamen
316 616 367 657 victa,
374 616 489 651 insistentem
495 628 553 662 prope
559 616 729 651 etincircumcisum
738 616 770 649 de-

68 667 770 714 leuitpopulum:qnodnostrevictoriecertamenmanifestoindicio¹signat.

69 722 105 763 Qui
111 722 160 756 enim
167 734 248 767 superne
255 723 315 767 patrie
320 723 432 767 promissum
438 724 503 767 querit,
509 734 587 758 necesse
595 729 623 758 est
629 723 770 758 aduersitatibus
779 730 799 753 10

68 774 145 819 fatigari,
158 786 192 810 nec
205 781 268 811 tamen
280 776 334 819 vinci,
348 777 381 811 sed
394 776 468 810 Christo
480 775 547 811 comite
558 776 672 811 immundam
684 775 771 810 vitiorum

68 827 129 861 labem
144 829 219 863 tandem
234 839 328 872 superare.
351 829 446 863 Debemus
460 828 522 872 itaque
537 839 575 862 non
586 828 659 862 vincia
670 828 724 868 malo,
737 827 771 861 sed

68 880 144 914 vincere
151 880 170 914 in
178 881 226 914 bono
236 883 310 921 malum,
319 882 362 925 quia
369 881 385 914 si
394 881 478 914 Christus
487 890 521 924 pro
531 880 589 921 nobis,
598 880 640 923 quis
651 884 714 913 contra
724 882 772 913 nos?

70 931 134 967 Estote
149 943 193 976 ergo
208 933 265 967 fortes
279 932 299 966 in
314 932 368 974 bello,
383 942 408 966 ne
423 932 446 966 de
461 931 504 976 suga
517 935 579 966 vestra
593 932 672 975 gaudeat
687 930 772 965 inimicus

70 984 156 1021 noster¹.’
179 985 247 1030 Sicque
263 984 349 1020 cordibus
364 984 495 1030 discipulorum
512 985 616 1029 [roboratis]
623 986 633 1027 ³,
644 984 773 1020 ieiunauerunt
782 994 800 1025 ¹5

69 1048 134 1071 omnes
145 1038 164 1072 in
177 1038 208 1073 illa
221 1039 251 1073 die
264 1050 285 1073 ac
298 1044 351 1073 nocte
364 1049 422 1082 usque
436 1049 495 1073 mane.
518 1038 574 1072 Mane
589 1043 650 1073 autem
666 1038 713 1072 sacto
725 1048 774 1072 vxor

69 1089 118 1124 illius
130 1091 203 1134 tiranni,
217 1102 258 1126 cum
269 1102 302 1126 sua
312 1090 407 1136 priuigna⁴
418 1102 498 1136 pergens
508 1092 531 1126 ad
540 1091 612 1134 vallem,
625 1090 681 1125 dixit:
693 1090 772 1125 ‘Tribue

70 1148 124 1187 caput
139 1149 190 1179 tuum
204 1145 223 1179 in
236 1145 298 1179 sinum
309 1155 382 1179 meum:
394 1145 436 1178 volo
448 1144 498 1179 enim
511 1144 623 1188 inuestigare
636 1144 702 1178 leniter
714 1144 774 1177 cirros

70 1196 122 1229 tuos)
146 1196 208 1230 Puella
219 1207 264 1231 vero
274 1196 368 1236 innocens,
380 1207 416 1240 que
427 1197 450 1229 ab
462 1196 538 1230 infantia
549 1207 583 1230 sua
592 1197 623 1241 pie
632 1202 651 1230 et
661 1202 712 1230 caste
723 1196 774 1230 inter

70 1247 162 1291 pessimas
173 1249 270 1283 mulierum
282 1255 352 1283 turmas
363 1249 439 1290 vixerat,
451 1254 505 1294 caput
516 1250 535 1284 in
547 1249 608 1284 sinum
621 1260 701 1284 nouerce
713 1249 773 1283 vertit.
782 1258 801 1280 πο

71 1301 104 1335 Illa
115 1312 165 1342 vero,
180 1302 276 1337 confestim
293 1306 374 1336 extracta
388 1302 484 1344 nouacula,
499 1307 553 1346 caput
568 1301 644 1346 virgInis
658 1301 773 1345 amputauit:

71 1359 90 1388 ct
100 1354 188 1399 sanguine
200 1355 219 1388 in
229 1359 298 1389 terram
309 1354 383 1396 fluente,
393 1354 435 1389 sons
444 1354 498 1389 viuus
509 1365 615 1398 erumpens,
628 1355 695 1388 multos
709 1359 774 1399 postea

71 1406 170 1451 languores
178 1408 254 1442 sanauit.
278 1407 346 1451 Sicque
352 1418 431 1442 nouerca
439 1408 511 1452 fugiens
517 1408 529 1449 ³,
539 1418 575 1452 qua
584 1413 643 1443 morte
650 1407 705 1442 vitam
714 1407 775 1442 finiuit

71 1471 126 1494 nemo
134 1461 191 1494 nouit.
210 1460 293 1505 Cumque
303 1461 348 1495 Baia
355 1461 386 1504 qui
394 1466 477 1495 sanctum
485 1461 589 1495 occiderent
596 1460 683 1499 misisset,
689 1460 775 1495 inimicus

72 1512 120 1548 iliius
135 1513 154 1547 in
170 1524 212 1549 arce
227 1524 260 1549 sua
275 1514 376 1557 amputauit
390 1518 445 1558 caput
460 1513 505 1548 eius
534 1513 579 1548 Erat
593 1513 643 1548 enim
659 1519 713 1558 porta
727 1513 775 1548 illius
784 1525 803 1557 ²5

72 1565 152 1601 diluculo
167 1572 235 1611 aperta,
248 1577 290 1601 curn
304 1566 362 1601 hostis
376 1566 481 1611 inopinatus
494 1567 518 1601 de
530 1566 572 1601 naui
584 1566 671 1602 venisset.
694 1566 776 1611 Moxque

72 1619 120 1663 ignis
132 1621 156 1654 de
168 1621 208 1654 celo
223 1620 290 1655 cecidit
302 1626 320 1654 et
332 1626 389 1654 totum
401 1620 494 1654 edificium
507 1620 543 1654 cito
555 1620 661 1654 combussit.
711 1614 776 1655 Dauid

73 1678 142 1714 autem,
153 1678 258 1708 constructo
266 1674 285 1707 in
293 1673 347 1707 Valle
358 1673 428 1707 Rosina
438 1672 555 1713 monasterio,
563 1673 618 1707 talem
626 1672 724 1707 cenobialis
732 1684 776 1716 pro·

73 1725 139 1768 pusitii
148 1725 228 1769 rigorem
236 1725 323 1767 decreuit,
331 1730 350 1759 vt
358 1725 489 1759 monachorum
498 1724 576 1769 quisque
583 1724 674 1759 cotidiano
681 1725 776 1759 desudans

73 1776 125 1820 operi
136 1788 223 1811 manuum
233 1778 296 1812 labore
300 1777 313 1818 ⁷,
321 1788 373 1811 suam
380 1778 400 1811 in
408 1788 505 1811 commune
512 1778 622 1822 transigeret
630 1778 691 1819 vitam,
700 1777 776 1812 dicens:
785 1789 805 1820 ³0

74 1829 121 1871 ‘Qui
135 1829 237 1874 enimnon
251 1830 326 1873 laborat,
341 1830 366 1865 ait
381 1830 481 1875 apostolus,
496 1841 533 1864 non
548 1831 656 1865 manducet?
680 1830 777 1865 Noscens⁶

74 1882 125 1917 enim
133 1884 181 1927 quod
189 1894 254 1918 secura
262 1883 315 1928 quies
322 1883 408 1918 vitiorum
416 1883 475 1917 fomes
484 1888 503 1918 et
513 1889 572 1917 mater
579 1888 634 1924 esset,
643 1883 776 1917 monachorum

74 1936 162 1969 humeros
173 1935 236 1970 duris⁹
249 1935 383 1980 fatigationibus
393 1935 507 1979 subiugauit:
520 1935 568 1970 Nam
579 1936 610 1980 qui
621 1936 656 1970 sub
667 1936 702 1970 ocii
714 1936 776 1981 quiete

75 1993 158 2032 tempora
173 1994 282 2033 mentesque
296 1989 410 2030 submittunt,
423 1988 527 2023 instabilem
533 1988 545 2008 ¹⁰
558 1989 643 2033 spiritum
658 1989 777 2034 libidinisque

75 2041 160 2075 stimulos
179 2042 220 2076 sine
238 2042 299 2086 quiete
317 2042 425 2087 parturiunt.
452 2041 584 2077 Possessiones
602 2042 652 2078 enim
671 2042 776 2088 iniquorum
786 2055 804 2087 35

76 2095 210 2139 respuebant¹¹,
222 2096 270 2130 dona
281 2096 410 2140 reprobabant,
421 2096 494 2131 diuitias
505 2097 649 2139 detestabantur,
660 2097 716 2132 boum
728 2097 778 2131 nulla

75 2150 99 2183 ad
110 2150 200 2183 arandum
211 2160 264 2184 cura:
279 2149 357 2193 quisque
368 2149 403 2183 sibi
414 2156 433 2184 et
444 2150 530 2183 iratribus
541 2149 610 2192 diuitie,
619 2149 697 2194 quisque
709 2155 727 2183 et
738 2151 778 2184 bos.

77 2201 152 2235 Nullum
169 2207 232 2246 preter
246 2201 372 2235 necessarium
385 2202 434 2237 inter
449 2213 482 2237 eos
497 2202 598 2237 habebatur
613 2202 728 2247 colloquium,
744 2203 777 2237 seo

76 2254 154 2299 quisque
165 2259 195 2288 aut
207 2255 276 2288 orando
286 2260 317 2288 aut
327 2254 361 2288 deo
373 2256 439 2299 placita
452 2256 548 2300 cogitando
560 2255 661 2289 iniunctum
675 2266 722 2298 opus
734 2266 778 2299 per·

77 2309 146 2351 agebat.
170 2308 246 2341 Peracto
258 2311 319 2340 autem
334 2307 389 2340 rurali
403 2318 459 2350 opere
471 2308 494 2342 ad
507 2307 612 2342 monasterii
626 2307 704 2341 claustra
716 2317 778 2341 reuer·
786 2322 807 2352 4⁰

77 2365 143 2402 tentes,
155 2364 186 2394 aut
197 2360 281 2403 legendo,
292 2364 323 2393 aut
336 2358 440 2403 scribendo,
452 2366 483 2395 aut
497 2362 566 2395 orando
577 2365 633 2395 totam
645 2361 667 2394 ad
678 2370 778 2405 vesperum

77 2414 190 2459 peragebant
200 2413 254 2447 diem.
276 2412 298 2446 ln
306 2422 384 2456 vespera
394 2424 444 2455 vero,
455 2413 516 2448 audito
526 2413 569 2447 nole
578 2413 633 2457 pulsu
642 2412 724 2447 dimissis
735 2424 779 2448 mox

97 2501 204 2533 ¹E.iudicio.
238 2502 334 2533 ¹T.vester.
368 2501 464 2533 ³om.inE.
502 2502 625 2541 ‘Epreuigna
663 2501 780 2541 ²T.iugiente.

77 2542 84 2560 ⁶
93 2542 124 2572 Vit.
132 2544 171 2573 adds
178 2543 244 2574 fervore.
298 2543 304 2560 ⁷
314 2552 344 2573 om.
351 2543 367 2573 in
374 2542 406 2574 Vit.
458 2543 464 2560 ³
473 2543 491 2573 E.
497 2543 583 2579 Nesciens;
593 2543 611 2573 T.
619 2552 693 2574 noscens.
744 2545 751 2562 ⁹
759 2543 779 2574 ol.

79 2583 144 2616 diurnis.
204 2584 216 2602 ¹⁰
225 2584 257 2613 Vit.
265 2584 305 2613 adds
312 2583 377 2613 accidie.
437 2581 448 2601 ¹¹
458 2582 490 2613 Vlt.
498 2592 545 2622 resp„
553 2583 643 2621 iniquorum
651 2584 692 2614 dona
701 2593 742 2622 repr.

425 2642 435 2666 S
