1762 2803
122 112 164 158 228
312 114 392 166 mota
407 112 523 174 bacmos
539 113 631 175 uratia

122 235 208 280 cupidine
216 235 308 280 agebatur,
315 235 348 269 sed
356 235 456 279 proborum
465 234 565 269 constantia
574 234 702 278 episcoporum
710 245 721 270 a
729 239 822 282 proposito

123 290 194 323 decidit.
217 290 264 323 Cum
274 299 318 323 vero
330 289 360 322 die
371 290 461 323 aduentus
473 288 502 322 sui
513 286 635 330 cantuariam,
647 287 738 332 solempni
749 301 823 334 proces-

123 343 175 376 sione
183 347 280 384 susceptus
287 340 357 382 fuisset,
365 340 441 375 accessit
449 342 472 374 ad
482 340 601 384 sepulchrum
611 340 669 375 sancti
680 341 755 382 Odonis,
764 349 823 380 stans-

123 406 160 439 que
167 405 225 438 super
231 393 281 436 illud,
289 394 314 427 ita
324 393 410 427 defuncto
419 393 532 436 exprobrare
542 403 579 426 non
589 392 660 427 timuit:
673 393 748 438 ‘Inepte
759 406 823 440 senex,

106 457 115 486 ,ς
124 458 167 481 ecce
175 453 194 481 tu
202 453 284 480 mortuus
292 457 313 480 es
321 452 339 479 et
347 446 381 480 sub
389 446 454 479 tellure
462 446 547 489 putridus
555 445 604 479 iaces
612 457 615 479 :
628 451 646 479 te
656 445 731 480 viuente
741 458 824 485 summus

124 499 226 544 Anglorum
236 499 318 543 pontifex
327 509 414 533 essenon
422 498 478 542 potui,
486 504 505 532 te
513 498 591 532 obeunte
603 498 661 533 factus
672 509 713 532 sum
722 501 771 543 quod
782 502 824 537 oliin

124 563 166 586 esse
179 552 288 595 concupiui:
302 557 320 586 et
331 552 380 594 inde,
394 552 441 586 male
456 562 477 586 ac
494 551 588 595 decrepite
603 562 667 593 senex,
683 552 743 586 nullas
758 555 824 597 gratias

124 606 203 646 habeas,
216 603 258 648 quia
268 603 284 638 si
294 604 341 638 vltra
351 604 414 638 viuere
425 604 523 647 potuisses,
534 602 578 637 mihi
589 603 671 636 habitum
683 604 772 639 honorem
782 618 824 640 con·

124 659 190 692 cedere
197 657 298 691 noluisses!
321 657 344 691 Et
350 657 414 691 baculo
421 656 514 690 tumbam¹
522 655 580 690 sancti
586 656 695 699 percutiens,
702 657 758 691 stulto
764 658 825 694 furore

97 720 116 740 ιο
125 721 219 749 accensus,
230 711 273 744 inde
281 711 363 744 recessit.
385 710 455 743 Eadem
465 715 519 743 nocte
528 709 613 751 apparuit
622 714 697 743 sanctus
705 709 746 743 Odo
754 713 824 747 custodi

126 762 202 797 ecclesie
212 762 318 805 Saluatoris,
325 763 396 797 vultum
406 762 484 797 lacteum
495 760 571 803 habens,
579 760 710 795 vestimentum
722 772 766 795 vero
777 764 825 798 rosei

126 815 197 857 coloris,
210 815 235 850 ita
248 815 322 850 dicens:
334 816 405 861 ‘Surge
417 820 435 850 et
447 815 476 849 dic
488 814 558 849 Elfsino
570 813 668 858 episcopo:
682 814 739 848 “Hec
752 818 826 851 mandat

126 870 158 906 tibi
173 880 239 903 seruus
254 870 321 903 Christi
337 870 389 903 Odo:
407 869 448 902 Non
464 880 505 902 sum
520 873 609 909 mortuus,
625 868 658 902 sed
673 866 715 902 viuo
730 868 769 912 regi
784 880 825 905 meo

126 922 246 966 omnipotenti
262 924 306 963 deo;
323 927 377 966 atque
388 927 408 956 vt
419 922 453 955 hoc
465 921 567 955 certissime
579 919 686 964 experiaris,
698 921 773 956 noueris
785 923 826 966 quia

100 986 116 1015 ¹5
126 975 172 1008 sicut
181 980 200 1008 tu
210 986 240 1008 me
250 974 325 1008 viuente
336 975 358 1007 ad
370 974 548 1018 archiepiscopatum
558 973 656 1015 peruenire
667 983 704 1007 non
714 974 794 1016 potuisti,
802 975 826 1010 ita

126 1038 160 1070 per
176 1037 206 1059 me
222 1037 270 1059 nune
288 1026 307 1059 in
325 1026 387 1060 celesti
405 1037 462 1068 regno
479 1026 578 1065 viuentem,
595 1024 680 1059 inuasum
700 1025 789 1059 honorem
808 1027 826 1061 in

126 1079 210 1124 proximo
221 1079 294 1123 perdes.
318 1079 341 1113 Et
352 1079 438 1123 quoniam
450 1079 537 1113 hesterno
546 1077 575 1111 die
583 1077 695 1111 me²verbis
707 1079 826 1121 exprobrasti,

125 1133 190 1167 baculo
204 1137 235 1166 tuo
251 1133 369 1176 sepulchrum
384 1143 445 1166 meum
461 1131 574 1176 percussisti,
586 1131 661 1175 predico
672 1131 704 1165 tibi
720 1132 762 1176 quia
777 1143 826 1168 mare

126 1184 258 1228 transfretabis,
266 1185 325 1229 Alpes
335 1186 430 1226 ascendes,
438 1186 471 1219 sed
480 1185 555 1229 pallium
564 1195 601 1218 non
609 1184 724 1218 obtinebis.’¹¹
745 1185 826 1229 Cumque

100 1239 152 1272 roilli
164 1244 193 1271 ter
205 1238 231 1271 sic
244 1238 365 1281 apparuisset,
380 1244 398 1272 et
412 1238 443 1272 ille
459 1244 524 1273 cuncta
539 1238 625 1282 episcopo
638 1237 736 1280 retulisset,
749 1238 827 1283 illeque

127 1291 208 1325 audierat
224 1290 378 1335 paruipendensf,
389 1291 445 1324 verba
461 1290 522 1334 inepte
538 1290 609 1324 dicebat
623 1300 665 1324 esse
677 1290 826 1326 comminationis.

128 1344 213 1386 Demum,
221 1348 241 1378 vt
248 1343 267 1377 in
275 1343 312 1378 vita
320 1344 378 1377 sancti
386 1343 478 1378 Dunstani
486 1344 569 1386 habetur,
578 1343 626 1377 inter
636 1342 695 1388 Alpes
703 1342 776 1378 niuibus
784 1355 826 1378 con-

127 1397 189 1430 clusus
198 1396 265 1430 misere
272 1396 328 1431 vitam
336 1397 400 1431 finiuit.

350 1500 351 1503 Ἴ
407 1461 422 1497 il
433 1460 544 1494 ⁴Narrat1'05.

150 1510 207 1552 Circa
225 1527 293 1551 annum
313 1517 382 1551 domini
398 1517 570 1561 octingentesimum
587 1517 770 1560 quartumdecimum,
787 1529 827 1552 cum

102 1580 120 1608 ²5
130 1569 234 1603 Ludouicus
250 1569 292 1613 pius
306 1569 406 1612 imperator
421 1570 513 1613 quendam
529 1570 646 1603 Fredericum
661 1572 684 1604 ad
700 1571 827 1604 traiectensem

128 1622 252 1668 promouisset
267 1623 335 1664 sedern,
347 1633 381 1657 rex
393 1622 433 1667 ipse
448 1622 507 1666 primo
523 1621 642 1657 ordinationis
656 1622 686 1657 die
698 1624 720 1657 ad
733 1623 826 1657 dexteram

128 1676 210 1719 episcopi
226 1676 273 1709 sedit
291 1677 310 1709 in
328 1677 410 1720 prandio,
427 1676 533 1720 monuitque
552 1677 646 1720 presulem
664 1676 712 1711 inter
731 1682 791 1711 cetera
809 1681 827 1709 vt

128 1728 208 1763 recentis
227 1728 347 1772 professionis
365 1739 442 1772 memor,
461 1734 599 1764 antecessorum
615 1740 689 1764 suorum
707 1729 826 1763 constantiam

128 1792 214 1825 sequens,
233 1782 274 1816 sine
292 1781 398 1825 acceptione
416 1793 537 1825 personarum
554 1793 598 1816 vera
616 1788 732 1826 proponeret,
748 1793 769 1816 ae
786 1792 828 1816 con-

101 1844 120 1873 30
129 1834 249 1877 temptoribus
259 1845 327 1878 penam
338 1834 434 1877 infligeret.
457 1834 491 1867 Cui
501 1834 610 1878 episcopus:
622 1835 692 1868 ‘Recte
701 1845 773 1868 mecum
784 1834 828 1877 agis,

128 1887 202 1922 domine
217 1897 256 1929 rex,
272 1888 303 1931 qui
320 1887 439 1931 professionis
455 1898 496 1920 mee
513 1887 654 1921 teneritudinem
672 1887 740 1921 sanctis
759 1886 828 1920 animas

128 1940 240 1983 hortatibus;
258 1941 291 1974 sed
310 1951 333 1974 ne
352 1947 443 1984 grauetur,
460 1951 522 1984 queso,
540 1940 626 1975 maiestas
643 1945 674 1975 tua
692 1940 765 1975 soluere
781 1938 828 1983 quod

129 1994 202 2027 animus
213 2004 266 2026 meus
277 1994 308 2027 diu
319 1994 411 2034 uolutauit,
422 1999 483 2028 vtrum
495 1994 565 2037 piscem
577 1993 606 2027 hic
618 1994 722 2038 appositum
734 1992 828 2027 honestius

129 2046 153 2080 sit
170 2057 181 2078 a
199 2045 257 2088 capite
273 2057 297 2079 an
311 2057 322 2079 a
337 2047 395 2079 cauda
413 2046 499 2089 aggredi!
527 2046 569 2079 Rex
587 2051 649 2080 autem
667 2055 796 2089 preproperus,
811 2048 829 2078 et

101 2108 120 2138 35
130 2103 218 2142 quantum
229 2108 249 2134 se
260 2097 379 2134 inuiscasset⁸
390 2099 475 2133 nescius:
488 2098 516 2132 ‘A
527 2099 596 2143 capite'
608 2098 671 2143 inquit.
694 2098 717 2132 Et
729 2098 770 2132 ille:
785 2097 828 2137 ‘Sic¹

131 2151 205 2186 domine
218 2151 318 2195 Auguste⁷,
333 2152 357 2194 (te
371 2152 442 2195 decet)l
455 2157 474 2186 vt
485 2153 532 2186 fides
545 2153 643 2187 christiana
656 2158 674 2187 te
686 2153 746 2196 primo
759 2152 782 2185 de
793 2148 828 2184 tuis

130 2204 234 2239 erratibus⁹
244 2210 353 2248 compescat,
362 2216 385 2239 ne
396 2206 463 2240 subditi
475 2207 554 2240 audeant
566 2216 654 2250 spernere
664 2206 713 2250 quod
724 2211 742 2240 te
752 2202 829 2239 viderint

130 2259 224 2292 tolerasse.
253 2257 348 2292 Renuncia
368 2259 423 2302 igitur
442 2259 512 2294 incesto
534 2259 649 2293 matrimonio
668 2260 717 2304 quod
737 2269 779 2293 curn
800 2255 829 2290 illa

131 2309 203 2343 Iuditha
209 2309 221 2328 ¹⁰
231 2310 348 2343 contraxisti.⁵
372 2311 425 2351 Quod
437 2311 511 2354 quidem
520 2312 587 2345 dictum
599 2323 638 2354 rex,
646 2312 687 2346 licet
699 2317 774 2353 mestus,
786 2310 829 2343 tole·

100 2378 121 2407 ⁴0
130 2362 182 2397 rauit.
206 2362 271 2396 Sermo
286 2363 305 2397 in
320 2363 376 2397 latum
388 2363 457 2405 volans,
473 2374 528 2398 aures
543 2364 709 2399 ecclesiasticorum
724 2364 743 2397 in
760 2367 829 2396 tanturn

129 2414 247 2457 exulcerauit,
260 2420 279 2448 vt
295 2415 370 2450 consilio
385 2426 442 2460 super
454 2417 488 2451 hoc
504 2422 548 2458 acto,
560 2428 594 2451 rex
609 2418 651 2461 ipse
666 2418 725 2451 soluto
741 2412 830 2451 connubio

150 2491 156 2509 ¹
167 2490 185 2520 E.
194 2490 267 2519 tumbum.
321 2489 327 2507 ²
336 2490 369 2520 vit.
376 2490 419 2521 mihi.
471 2491 496 2520 ³13.
504 2492 626 2530 peruipendens.
679 2491 685 2510 ⁴
696 2492 721 2522 Ex
728 2491 771 2522 Will.
779 2488 829 2519 Malrn.

130 2531 176 2560 Pont.
185 2530 197 2559 l.
242 2531 248 2548 ⁵
258 2529 276 2559 T.
284 2529 379 2560 incidencia.
426 2530 432 2547 θ
442 2531 464 2560 W
471 2531 492 2561 M.
500 2531 589 2562 inuiscaret.
636 2532 642 2550 l
653 2532 670 2562 E.
678 2536 749 2570 anguste.
800 2528 805 2545 l
815 2531 830 2557 te

130 2572 177 2600 decet
184 2579 214 2599 om.
222 2570 238 2599 in
245 2570 272 2607 T.;
282 2570 305 2601 W
313 2569 333 2600 M.
342 2575 371 2601 eat.
420 2571 426 2589 ⁶
435 2571 456 2602 W
464 2571 485 2602 M.
493 2572 552 2602 erratis.
594 2573 606 2592 ¹⁰
616 2572 634 2603 E.
642 2572 706 2603 inditha.
