1762 2803
194 145 239 200 bc
254 144 355 198 &unctu
370 144 548 209 buccaunc-
672 162 714 207 115

14 268 32 302 in
43 267 98 300 domo
110 270 186 310 paterna
197 266 286 300 fornicata
297 269 319 300 et*
324 265 400 309 grauida
410 265 490 307 inuenta,
502 266 525 299 de
537 263 605 299 montis
617 263 716 308 supercilio

14 318 157 364 precipitaretur,
165 322 183 351 et
191 323 286 362 corruptor
296 318 345 352 illius
354 318 412 362 capite
423 318 539 362 plecteretur.
562 316 651 351 Statuitur
662 317 717 360 igitur

15 370 75 416 puella
86 369 137 404 iussu
149 371 199 414 regis
210 370 229 404 in
241 370 309 404 montis
321 370 399 414 fastigio,
408 369 516 413 Dunpelder
527 370 550 403 ab
561 369 625 404 incolis
636 373 700 404 vocato
705 369 716 412 ¹,

15 422 137 458 vtdeorsum²
144 422 251 467 precipitata
257 422 373 457 membratim
379 421 531 466 dirumperetur³.
547 422 580 457 illa
586 433 631 457 vero
637 422 717 467 grauiter

15 476 143 520 ingemiscens,
155 481 173 510 et
184 476 203 510 in
215 476 275 511 celum
287 475 395 520 suspiciens,
409 475 532 520 redemptoris
543 475 687 510 misericordiam
698 483 734 516 et5

15 528 101 565 auxilium
109 528 194 563 manibus
203 528 222 562 in
231 529 291 563 celum
302 528 369 563 erectis
380 538 422 562 cum
431 529 493 563 multis
501 527 594 562 lachrimis
602 527 717 573 implorabat.

16 583 61 617 Cum
69 591 113 625 ergo
121 582 144 615 de
150 586 212 615 monte
220 581 328 626 precipitata
336 582 415 624 caderet,
423 592 460 615 non
471 587 499 616 est
508 581 576 623 collisa,
584 592 619 615 nee
630 582 675 621 lesa,
683 582 717 615 sed

16 634 98 680 placido⁴
109 635 163 678 lapsu
174 639 193 668 et
204 635 257 668 suaui
268 636 291 668 ad
303 640 372 668 terram
384 633 484 668 descendit.
507 633 576 677 Pagani
584 633 634 667 enim
642 633 718 678 magicis

17 685 157 722 christianorum
167 687 238 721 artibus
247 687 282 721 hoc
294 686 413 727 ascribentes,
421 697 465 729 rege
474 687 600 721 consentiente
607 686 626 720 in
634 686 718 721 nauicula

16 750 72 784 parua
80 741 103 773 de
111 740 160 773 corio
168 739 215 774 facta
222 740 262 774 sine
270 738 320 774 omni
328 738 405 784 remigio
412 749 446 783 per
453 739 521 783 aliquot
531 739 608 774 miliaria
617 738 689 774 fortune
699 745 718 773 et
727 753 746 774 ro

17 793 60 827 marl
68 792 149 836 puellam
157 793 215 826 solam
224 799 242 825 et
253 792 304 827 omni
314 792 395 826 humano
402 791 469 826 auxilio
481 791 586 826 destitutam
595 793 718 837 exponebant.

18 845 127 889 Protegente
138 850 199 879 tamen
212 844 243 879 illo
253 843 353 889 quiveritis
363 845 441 888 imperat
450 849 468 879 et
478 844 529 887 mari,
538 844 595 879 multo
603 845 685 880 velocius
695 845 718 879 ad

17 903 88 943 portum
101 897 156 933 alium
168 896 252 932 nauicula
262 897 387 942 percurrebat,
397 908 452 941 quarn
464 908 475 931 a
487 897 551 942 quouis
560 897 633 932 velifico
646 898 718 938 cursu³‚

17 957 46 985 aut
59 951 158 985 multorum
172 949 302 994 remigantium
317 951 451 992 propelleretur
466 948 537 983 annisu.
560 949 641 993 Egressa
657 953 718 983 autem

18 1003 39 1036 de
47 1002 90 1036 naui
98 1002 158 1046 puella
166 1002 185 1036 in
194 1001 410 1044 10c0C0ltenros⁶dict0,
419 1001 503 1046 angustie
515 1007 579 1045 partus
590 1001 718 1046 apprehende·
728 1010 746 1040 15

17 1060 58 1090 runt
70 1065 122 1089 eam:
140 1060 159 1088 et
170 1054 211 1089 sine
224 1055 328 1089 obstetricis
341 1055 430 1099 cuiusque
443 1053 508 1088 solatio
519 1054 597 1099 peperit.
620 1054 641 1089 In
653 1054 719 1089 eadem

18 1109 61 1142 hora
76 1112 151 1142 sanctus
166 1107 266 1149 Seruanus,
282 1113 324 1152 post
339 1108 438 1142 matutinas
455 1107 532 1141 orationi
548 1106 634 1150 intentus,
650 1107 719 1142 audiuit

18 1160 108 1204 angelicos
122 1166 173 1195 cetus
186 1160 273 1195 melliflua
284 1162 370 1205 preconia
382 1166 400 1195 et
413 1160 477 1195 laudes
490 1161 525 1195 deo
537 1161 556 1194 in
569 1171 612 1195 aere
625 1171 719 1195 resonare.

19 1214 72 1248 Mane
79 1225 124 1247 vero
132 1214 223 1248 accedens
232 1215 255 1248 ad
264 1214 330 1256 locum,
339 1218 357 1248 et
364 1213 404 1247 visa
415 1219 474 1248 matre
486 1223 528 1248 cum
538 1214 581 1255 filio,
588 1213 648 1257 patria
658 1213 719 1257 lingua

19 1266 73 1301 dixit:
90 1265 197 1307 ‘Mochohe,
211 1266 313 1308 Mothone:
326 1267 374 1308 quod
387 1266 443 1300 latine
457 1266 523 1299 dicitur
540 1266 605 1299 ‘chare
620 1265 650 1307 mi,
664 1266 719 1300 chare
729 1276 748 1298 20

19 1318 52 1352 mi’
60 1330 64 1360 ς
77 1324 94 1352 et
106 1318 210 1353 subiunxit:
222 1317 345 1353 ‘Benedictus
353 1318 384 1363 qui
391 1317 458 1352 venisti
466 1318 484 1351 in
493 1318 567 1353 nomine
575 1317 653 1353 domini)
676 1318 720 1352 Sus-

19 1371 65 1416 cepit
73 1381 117 1414 ergo
125 1381 162 1411 eos,
172 1376 190 1405 et
200 1371 291 1413 enutriuit,
299 1382 321 1405 ac
331 1371 435 1415 baptizauit,
442 1371 550 1416 vocauitque
561 1376 639 1406 matrem
650 1371 720 1412 Taneu,

19 1429 36 1459 et
43 1434 120 1468 puerum
133 1423 229 1459 Kientiern
234 1424 247 1465 ⁷,
255 1424 304 1468 quod
312 1424 442 1469 interpretatur
452 1423 544 1469 ‘capitalis
556 1425 652 1460 dominus!
676 1424 721 1459 Pro·

20 1476 59 1512 iecit
67 1488 111 1522 ergo
119 1487 165 1522 puer
175 1478 223 1512 bone
233 1477 300 1513 indolis
311 1478 330 1512 in
342 1477 443 1522 disciplinis
454 1477 556 1512 litterarum
568 1483 587 1512 et
598 1479 617 1512 in
629 1477 721 1512 exercitiis

20 1535 121 1565 sanctarum
131 1531 218 1565 virtutum
224 1530 236 1572 ⁸,
244 1536 262 1565 et
271 1540 305 1575 pre
313 1530 383 1565 cunctis
393 1531 509 1565 consortibus
519 1531 558 1565 suis
565 1530 584 1565 in
594 1531 652 1565 oculis
662 1529 721 1565 sancti
730 1543 748 1572 25

20 1583 96 1618 Seruani
106 1583 182 1618 dilectus
192 1583 235 1617 suit:
247 1582 335 1627 illumque
346 1584 435 1627 Mungbu,
443 1584 491 1626 quod
501 1583 558 1617 latine
568 1583 633 1617 dicitur
642 1582 721 1617 ‘charis-

20 1635 76 1670 simus
88 1635 169 1677 amicus‚'
182 1646 206 1670 ex
219 1635 351 1670 consuetudine
365 1636 469 1679 appellauit.
491 1635 532 1677 Quo
545 1635 619 1670 nomine
630 1645 688 1680 usque
701 1636 721 1669 iu

21 1688 127 1721 hodiernum
139 1688 188 1722 diem
199 1689 265 1731 vulgus
277 1697 319 1722 eum
330 1698 396 1722 vocare
408 1694 426 1722 et
437 1690 457 1722 in
468 1688 608 1723 necessitatibus
620 1688 659 1722 suis
669 1688 721 1723 inno-

21 1751 61 1775 care
76 1741 158 1775 crebrius
173 1740 274 1775 consueuit.
317 1733 410 1775 Videntes
423 1741 543 1785 condiscipuli
558 1740 616 1775 sancti
630 1742 722 1785 primuml

21 1794 67 1836 quod
83 1805 94 1828 a
108 1799 161 1837 patre
176 1793 252 1837 spiritali
267 1793 310 1837 plus
325 1792 410 1827 omnibus
425 1799 522 1835 amaretur,
535 1794 611 1827 oderant
626 1804 674 1835 eum,
687 1804 721 1828 nec
730 1799 750 1827 30

21 1846 115 1890 quicquam
128 1847 145 1880 ei
156 1846 232 1890 pacifice
244 1851 328 1890 poterant
339 1846 393 1890 loqui.
417 1845 557 1889 insidiabantur,
567 1845 721 1886 cumulabantur,

22 1898 131 1942 incidebant,
146 1904 164 1933 et
179 1898 300 1933 detrahebant
314 1898 346 1933 illi.
374 1899 471 1941 Quandam
486 1899 582 1941 auiculam,
596 1899 620 1933 ob
636 1899 722 1933 ruborem

23 1951 123 1995 corpusculi
136 1951 247 1986 ‘rubiscam’
257 1957 346 1993 vocatam,
355 1951 379 1985 de
390 1962 445 1985 manu
457 1952 515 1985 sancti
527 1951 606 1986 Seruani
618 1952 722 1986 alimoniam

23 2005 108 2047 accipere,
116 2004 196 2049 scapulis
204 2004 243 2038 eius
251 2009 270 2038 et
277 2004 331 2047 capiti
339 2015 372 2039 seu
379 2005 450 2049 gremio
457 2003 543 2047 insidere,
551 2005 609 2039 oranti
617 2005 647 2040 vel
655 2005 722 2048 legenti

23 2057 111 2100 assistere,
124 2057 194 2092 alarum
205 2058 271 2100 plausu
283 2062 302 2091 et
313 2056 363 2092 vocis
377 2067 410 2092 sue
424 2067 470 2092 sono
484 2057 569 2092 affectum
584 2056 610 2091 illi
625 2059 723 2092 ostendere
732 2065 750 2094 35

23 2109 92 2144 solitam
104 2110 152 2144 inter
163 2121 184 2145 se
196 2115 258 2144 mutuo
269 2115 374 2151 tractantes,
386 2116 440 2154 caput
452 2122 462 2144 a
474 2120 551 2155 corpore
562 2110 648 2153 auellunt,
660 2117 678 2146 et
690 2121 723 2146 ex-

23 2160 110 2206 tinguunt,
118 2162 238 2207 Kentegerno
245 2163 317 2198 absenti
328 2163 398 2198 crimen
408 2163 503 2208 imponere
516 2174 553 2197 non
560 2170 651 2198 verentes⁴
675 2163 724 2197 Puer

23 2219 81 2249 autem
92 2216 185 2250 volucrem
196 2217 215 2248 in
227 2216 312 2249 manibus
323 2215 432 2258 suscipiens,
444 2221 463 2249 et
473 2221 528 2259 caput
539 2215 611 2259 corpori
622 2215 723 2261 applicans,

24 2262 61 2301 susa
68 2269 91 2302 ad
99 2269 155 2302 deum
163 2277 218 2313 prece
225 2267 339 2312 signaculum
350 2268 409 2303 crucis
414 2267 518 2315 impressit:
531 2275 549 2305 et
559 2269 599 2304 auis
606 2270 643 2305 vite
652 2268 724 2305 reddita

25 2321 60 2356 seni
69 2323 92 2357 de
100 2320 177 2357 eeclesia
184 2320 284 2356 reuertenti
295 2332 347 2355 more
356 2322 409 2356 solito
420 2322 535 2366 applaudens
546 2322 619 2357 obuiam
628 2322 723 2367 prosiliuit
732 2329 752 2357 tv

26 2363 92 2409 Statuit
108 2380 170 2409 autem
189 2379 263 2409 sanctus
282 2374 376 2409 Seruanus
390 2380 410 2409 vt
427 2374 553 2420 unusquisque
572 2386 671 2419 puerorum
689 2385 724 2418 per

25 2427 124 2470 septimane
143 2428 236 2470 circulum,
252 2438 276 2461 ne
293 2427 354 2470 aliqua
372 2427 484 2470 negligentia
500 2428 523 2461 ob
540 2427 632 2462 defectum
649 2426 724 2461 luminis

42 2498 133 2532 ¹r,voeati.
200 2501 311 2531 morsum.
380 2499 415 2529 1Τ.
422 2500 550 2538 dirrumperetur.
618 2499 651 2530 ¹12.
661 2500 723 2537 placito.

26 2532 30 2550 ⁵
38 2537 68 2570 Vit.
75 2551 121 2577 quam
128 2542 142 2570 si
148 2541 214 2570 velifero
221 2540 304 2570 veheretur
311 2540 353 2571 flatu,
429 2539 436 2557 ⁶
445 2539 455 2570 i,
462 2549 477 2571 e.
485 2539 549 2569 Culross
556 2539 572 2569 in
580 2539 618 2570 Fise.
688 2538 694 2555 ⁷
704 2539 722 2571 E.

27 2572 110 2610 Kientieru.
137 2580 169 2611 Wl.
184 2579 280 2618 cyn=cbies,
295 2578 401 2618 teyrn=lord
481 2579 528 2611 ⁸Vit.
541 2579 615 2609 virtutum
628 2583 725 2611 sanctorum.

27 2611 68 2649 ’Via
77 2620 189 2658 Kentegerni;
200 2629 212 2650 r.
220 2620 276 2659 pueri?

361 2669 368 2694 Σ
378 2669 389 2693 2
