1762 2803
119 127 148 170 24
310 114 389 167 aona
405 106 521 173 tramae
536 107 628 173 anatra.

118 236 168 269 enim
186 235 243 277 ahter,
257 245 312 278 quam
327 246 369 268 cum
384 234 422 268 suis
437 234 515 275 videbat,
530 234 571 277 ipse
584 233 665 267 docebat.
695 231 755 265 Nichil
766 228 820 264 huius

118 287 183 322 mundi
195 298 278 331 querere,
291 287 347 321 nichil
361 298 423 321 amare
437 288 515 321 curabat.
544 287 613 320 Cuncta
625 296 660 329 que
675 285 710 319 sibi
722 296 733 318 a
746 283 820 327 regibus

118 340 149 375 vel
162 339 248 374 diuitibus
262 340 319 375 seculi
333 340 453 382 donabantur,
465 350 509 374 mox
522 339 639 384 pauperibus,
652 339 683 383 qui
698 341 820 377 occurrerent,

120 404 205 436 errogare
222 394 317 436 gaudebat.
351 393 392 426 Non
408 403 497 436 equorum
512 394 572 434 dorso,
587 392 623 426 nisi
640 391 681 435 [si]¹
700 391 759 424 maior
774 391 820 423 forte

102 458 111 488 5
120 445 221 480 necessitas
232 445 355 488 compulisset,
366 446 399 478 sed
411 445 488 488 pedibus
497 445 524 479 ire
533 445 607 486 solebat,
618 444 703 487 quatinus
711 443 821 485 ubicumque

120 498 190 543 aliquos
203 497 232 532 vel
244 497 310 531 diuites
321 497 351 531 vel
362 508 455 541 pauperes
466 497 554 531 incedens
565 497 674 541 aspexisset,
688 495 784 531 confestim
797 495 821 528 ad

120 551 154 585 hos
163 550 260 590 diu'ertens,
271 551 301 584 vel
312 550 386 583 ad'fidei
395 550 511 593 suscipiende
523 556 663 591 sacramentum,
671 550 687 583 si
695 549 773 583 fideles²
784 558 821 581 non

120 608 188 644 essent,
196 602 286 644 inuitaret,
294 603 328 644 vel,
339 602 355 637 si
366 602 430 637 fideles
442 602 524 645 fuissent,
532 602 551 637 in
562 603 603 647 ipsa
614 614 646 638 eos
658 603 695 637 fide
706 601 821 643 confortaret,

120 661 174 698 atque
190 656 213 688 ad
228 655 334 689 elimosinas
349 656 569 699 operumque'bonorum
584 655 712 689 executionem
727 660 746 688 et
759 653 821 687 verbis

94 724 112 745 10
120 707 218 743 excitaret³
230 712 248 742 et
259 707 316 742 factis.
339 707 361 742 In
373 712 444 742 tantum
456 712 517 742 autem
528 707 566 742 vita
576 707 625 742 illius
638 718 649 742 a
662 707 720 742 nostri
733 705 822 750 temporis

120 760 198 805 segnitie
206 761 289 804 distabat,
296 766 316 795 vt
327 761 433 805 omnesqui
444 772 485 795 cum
497 772 519 795 eo
530 761 645 803 incedebant,
653 761 693 794 siue
704 760 771 794 attonsi
782 759 822 793 siue

120 814 166 855 laici,
178 814 262 848 meditari
274 815 368 856 deberent,
380 815 398 848 id
410 819 444 855 est,
457 819 487 848 aut
500 814 583 858 legendis
596 814 691 858 scripturis
703 819 733 847 aut
745 812 822 857 psalmis

121 866 204 901 dicendis
223 878 298 911 operam
321 868 369 901 dare.
405 867 446 901 Hoc
465 872 504 901 erat
523 867 648 911 quotidianum
666 877 713 910 opus
732 866 786 906 illius,
805 871 823 899 et

121 919 203 953 onmium
216 920 247 963 qui
259 931 300 954 cum
312 932 334 953 eo
346 925 404 961 erant,
411 920 520 963 ubicumque
532 921 613 954 locorum
624 919 748 954 deuenissent.
772 918 795 952 Et
807 918 823 952 si
850 929 852 934 ’

95 983 113 1013 15
122 972 169 1006 forte
184 972 359 1016 euenisset4—quod
374 978 436 1006 tamen
447 983 488 1006 raro
500 973 602 1007 euenit—vt
615 973 638 1006 ad
654 972 703 1016 regis
719 970 823 1005 conuiuium

121 1031 223 1067 vocaretur,
238 1025 316 1060 intrabat
331 1037 372 1060 cum
387 1037 424 1060 vno
439 1026 504 1060 clerico
519 1032 550 1060 aut
564 1027 640 1068 duobus,
652 1031 670 1060 et
684 1025 715 1060 vbi
729 1025 823 1069 paululum

122 1078 242 1119 reficiebatur,
250 1078 358 1112 accelerauit
366 1078 417 1112 ocius
424 1080 447 1112 ad
455 1079 554 1122 legendum
562 1090 603 1112 cum
611 1079 650 1112 suis
658 1079 697 1112 siue
703 1079 726 1112 ad
735 1079 823 1111 orandum

123 1129 191 1173 egredi,
214 1130 269 1163 Cuius
281 1130 372 1173 exemplis
383 1130 475 1163 informati
486 1136 569 1173 tempore
580 1130 611 1163 illo
622 1130 703 1173 religiosi
715 1130 782 1173 quique
789 1129 824 1163 viri

122 1192 143 1216 ac
157 1181 230 1223 femine,
241 1182 392 1216 consuetudinem
407 1182 489 1216 fecerunt
502 1193 537 1225 per
548 1188 606 1216 totum
619 1193 692 1223 annum,
706 1188 784 1225 excepta
795 1192 824 1216 re-

95 1246 114 1267 πο
122 1234 210 1268 missione
219 1234 370 1277 quinquagesime
378 1234 474 1278 paschalis,
481 1240 544 1278 quarta
552 1240 570 1268 et
578 1235 653 1277 quintal
660 1234 731 1268 sabbati
737 1234 824 1267 ieiunium

122 1288 145 1321 ad
161 1297 228 1320 nonam
243 1297 302 1330 vsque
317 1287 393 1320 horamf
408 1288 503 1331 protelare.
535 1288 633 1331 Nunquam
648 1287 734 1321 diuitibus
749 1287 825 1321 honoris

122 1340 162 1373 siue
175 1339 246 1373 timoris
259 1339 321 1383 gratia,
335 1340 351 1373 si
363 1351 399 1383 qua
411 1340 536 1383 deliquissent,
550 1341 643 1382 reticebat,
657 1341 690 1374 sed
705 1351 771 1383 aspera
784 1340 825 1373 illos

122 1391 226 1426 inuectione
238 1391 345 1436 corrigebat.
368 1392 442 1426 Nullam
453 1393 559 1436 potentibus
570 1393 626 1426 seculi
632 1393 739 1437 pecuniam,
748 1398 825 1437 excepta

123 1445 239 1479 solummodo
261 1457 309 1487 esca,
328 1445 344 1479 si
362 1457 409 1490 quos
431 1446 512 1490 hospitio
531 1446 648 1491 suscepisset,
669 1447 713 1481 dare
732 1446 825 1491 unquam⁷

96 1512 114 1542 ²5
123 1499 199 1541 solebat,
212 1500 246 1532 sed
259 1509 281 1532 ea
293 1499 354 1542 potius
365 1499 412 1542 que8
428 1499 462 1532 sibi
474 1510 485 1533 a
497 1499 584 1533 diuitibus
599 1499 663 1543 largita
678 1500 754 1541 fuerant,
765 1500 795 1534 vel
806 1500 825 1533 in

123 1561 168 1585 vsus
179 1561 281 1593 pauperum
292 1552 321 1584 vel
333 1552 356 1584 ad
368 1551 513 1594 redemptionem
525 1552 592 1584 iniuste
603 1551 718 1585 venditorum
730 1552 826 1594 dispensa·

124 1604 159 1638 bat.
184 1603 252 1637 Multos
263 1603 325 1647 precio
337 1604 378 1637 dato
390 1604 501 1648 redemptos,
513 1614 556 1638 suos
567 1603 609 1638 fecit
620 1604 725 1648 discipulos,
737 1609 791 1648 atque
802 1606 826 1639 ad

125 1656 257 1690 sacerdotalem
267 1657 344 1699 gradum
355 1656 455 1689 erudiendo
463 1662 517 1700 atque
525 1657 631 1690 instruendo
639 1657 728 1701 prouexit.
775 1651 826 1693 Cum

125 1708 175 1742 enirn
183 1719 216 1741 rex
225 1708 323 1741 Oswaldus
331 1709 354 1742 de
361 1709 455 1751 prouincia
464 1709 560 1743 Scotorum
568 1710 679 1752 postulasset
687 1710 786 1744 antistitem
795 1711 826 1753 qui

97 1773 116 1804 30
125 1760 160 1794 sibi
172 1770 241 1804 sueque
253 1760 303 1804 genti
314 1761 391 1794 verbum
402 1761 446 1795 fidei
458 1761 573 1804 ministraret,
582 1762 650 1796 missus
662 1762 695 1796 fuit
708 1762 768 1806 primo
780 1763 826 1796 alius

124 1813 230 1847 austerioris
237 1813 293 1846 animi
301 1813 335 1859 uir,
358 1813 393 1855 Qui
405 1824 446 1847 cum
458 1814 503 1847 nihil
516 1814 615 1857 proficiens
626 1815 698 1856 rediret,
706 1815 725 1848 in
734 1821 826 1849 conuentu

75 1863 76 1866 ’
125 1865 219 1901 seniorum
231 1865 281 1900 fratri
293 1877 368 1901 reuerso
380 1866 425 1902 dixit
433 1866 528 1902 Aidanus:
546 1867 632 1903 ‘Videtur
644 1867 704 1911 miehi,
712 1867 773 1911 frater,
784 1868 826 1913 quia

125 1919 187 1953 durior
197 1919 245 1953 iusto
256 1919 334 1953 indoctis
348 1920 460 1954 auditoribus
472 1920 526 1964 fuisti,
538 1927 556 1955 et
570 1932 606 1955 non
620 1921 653 1964 eis,
664 1921 714 1955 iuxta
725 1921 826 1955 doctrinam

124 1972 249 2015 apostolicam,
257 1972 316 2015 primo
327 1973 354 2005 lac
365 1972 453 2006 mollioris
464 1973 547 2007 doctrine
558 1973 662 2017 porrexisti,
670 1975 729 2008 donec
740 1974 827 2017 paulatim

97 2035 115 2067 35
125 2024 199 2059 enutriti
206 2025 263 2059 verbo
271 2024 313 2058 dell
321 2025 344 2058 ad
352 2024 441 2068 capienda
448 2025 557 2069 perfectiora
568 2032 586 2061 et
598 2027 620 2061 ad
631 2026 714 2061 facienda
721 2026 827 2061 sublimiora

125 2077 155 2112 dei
170 2083 258 2121 precepta
273 2077 389 2112 sufficerent:
418 2078 459 2119 Quo
471 2079 537 2120 audito,
552 2079 614 2123 ipsum
628 2080 651 2113 ad
663 2079 785 2113 erudiendum
799 2080 827 2113 in-

126 2130 211 2164 credulos
219 2136 236 2163 et
244 2130 327 2163 indoctos
334 2130 381 2163 mitti
387 2131 460 2172 debere,
466 2131 526 2165 cuncti
534 2132 663 2166 decernebant.
704 2125 769 2166 Huius
774 2131 828 2176 igitur

125 2182 212 2217 antistitis
223 2183 291 2216 Aidani
306 2183 388 2217 doctrina
401 2195 434 2217 rex
448 2184 545 2218 Oswaldus
557 2196 599 2219 cum
612 2196 634 2219 ea
647 2185 676 2218 oui
688 2190 761 2228 preerat
773 2191 827 2229 gente

126 2236 228 2278 Anglorum
236 2235 335 2278 institutus,
344 2246 381 2269 non
393 2237 452 2270 solum
464 2236 555 2281 incognita
566 2237 714 2281 progenitoribus
724 2237 763 2272 suis
771 2248 828 2283 regna

98 2299 117 2328 40
126 2287 207 2323 celorum
215 2299 290 2332 sperare
298 2288 364 2331 didicit,
370 2290 403 2323 sed
409 2295 426 2323 et
432 2300 489 2334 regna
496 2296 586 2324 terrarum
593 2291 634 2334 plus
641 2301 695 2334 quam
701 2291 732 2325 vlli
738 2291 828 2325 maiorum

127 2352 202 2376 suorum
212 2343 235 2375 ab
246 2342 276 2375 illo
289 2343 320 2386 qui
331 2343 373 2376 fecit
384 2344 443 2377 celum
453 2349 471 2377 et
481 2349 549 2378 terram
560 2349 669 2378 consecutus
680 2349 713 2378 est.
756 2345 770 2364 ¹⁰
777 2337 828 2380 Cum

127 2394 177 2431 enim
188 2395 280 2437 presbiter
287 2395 360 2439 quidam
369 2396 479 2431 venerabilis
490 2396 565 2431 nomine
573 2397 616 2431 Vtta
628 2396 731 2431 mitteretur
742 2398 828 2432 Canciam

147 2481 153 2498 ¹
164 2490 193 2509 om¹
201 2481 217 2509 in
225 2481 243 2511 E.
250 2481 267 2512 T.
335 2482 342 2499 ²
352 2483 369 2512 E.
377 2483 433 2514 fidelis.
500 2483 506 2499 ⁸
517 2483 534 2513 E.
542 2483 612 2513 exitaret.
679 2484 685 2501 ⁴
696 2484 715 2515 E.
722 2486 828 2515 deuenissent.

127 2519 244 2549 ⁵Bedasexta.
274 2520 308 2551 ⁶13.
317 2531 364 2553 oram.
397 2522 524 2560 tununquam.
555 2522 690 2563 ⁸T.quepotius.
722 2524 828 2555 ⁹E.d0mini.

128 2560 139 2578 ¹⁰
150 2559 173 2589 Cf
182 2559 226 2589 Beda
234 2559 263 2590 111.
272 2569 294 2598 15.
460 2567 462 2569 ’
