<?xml version="1.0" encoding="UTF-8"?>
<!DOCTYPE html PUBLIC "-//W3C//DTD XHTML 1.0 Transitional//EN"
    "http://www.w3.org/TR/xhtml1/DTD/xhtml1-transitional.dtd">
<html xmlns="http://www.w3.org/1999/xhtml" xml:lang="en" lang="en">
 <head>
  <title>
</title>
<meta http-equiv="Content-Type" content="text/html;charset=utf-8" />
  <meta name='ocr-system' content='tesseract 3.04.00' />
  <meta name='ocr-capabilities' content='ocr_page ocr_carea ocr_par ocr_line ocrx_word'/>
</head>
<body>
  <div class='ocr_page' id='page_1' title='image "./MN5111ucmf_0/MN5111ucmf_0_0342.png"; bbox 0 0 1762 2803; ppageno 0'>
   <div class='ocr_carea' id='block_1_1' title="bbox 90 130 598 195">
    <p class='ocr_par' dir='ltr' id='par_1_1' title="bbox 90 130 598 195">
     <span class='ocr_line' id='line_1_1' title="bbox 90 130 598 195; baseline -0.014 -4"><span class='ocrx_word' id='word_1_1' title='bbox 90 146 132 191; x_wconf 85' lang='lat'>252</span> <span class='ocrx_word' id='word_1_2' title='bbox 280 134 359 187; x_wconf 68' lang='lat' dir='ltr'>tunna</span> <span class='ocrx_word' id='word_1_3' title='bbox 375 131 490 194; x_wconf 67' lang='lat' dir='ltr'>{tantuna</span> <span class='ocrx_word' id='word_1_4' title='bbox 505 130 598 195; x_wconf 67' lang='lat' dir='ltr'>attulit.</span> 
     </span>
    </p>
   </div>
   <div class='ocr_carea' id='block_1_2' title="bbox 66 253 807 2572">
    <p class='ocr_par' dir='ltr' id='par_1_2' title="bbox 66 253 807 2572">
     <span class='ocr_line' id='line_1_2' title="bbox 89 253 791 299; baseline 0 -11"><span class='ocrx_word' id='word_1_5' title='bbox 89 253 150 289; x_wconf 90' lang='lat' dir='ltr'>locum</span> <span class='ocrx_word' id='word_1_6' title='bbox 159 264 214 298; x_wconf 87' lang='lat' dir='ltr'>quem</span> <span class='ocrx_word' id='word_1_7' title='bbox 226 253 261 288; x_wconf 92' lang='lat' dir='ltr'>sibi</span> <span class='ocrx_word' id='word_1_8' title='bbox 271 254 362 299; x_wconf 82' lang='lat' dir='ltr'>elegerat¹</span> <span class='ocrx_word' id='word_1_9' title='bbox 370 254 514 298; x_wconf 88' lang='lat' dir='ltr'>inhabitandum,</span> <span class='ocrx_word' id='word_1_10' title='bbox 523 254 558 289; x_wconf 88' lang='lat' dir='ltr'>cito</span> <span class='ocrx_word' id='word_1_11' title='bbox 569 254 663 289; x_wconf 89' lang='lat' dir='ltr'>desereret</span> <span class='ocrx_word' id='word_1_12' title='bbox 673 258 691 288; x_wconf 93' lang='lat' dir='ltr'>et</span> <span class='ocrx_word' id='word_1_13' title='bbox 703 254 726 289; x_wconf 89' lang='lat' dir='ltr'>ad</span> <span class='ocrx_word' id='word_1_14' title='bbox 736 253 791 289; x_wconf 84' lang='lat' dir='ltr'>alium</span> 
     </span>
     <span class='ocr_line' id='line_1_3' title="bbox 89 307 792 350; baseline -0.001 -10"><span class='ocrx_word' id='word_1_15' title='bbox 89 308 150 341; x_wconf 90' lang='lat' dir='ltr'>locum</span> <span class='ocrx_word' id='word_1_16' title='bbox 161 307 196 340; x_wconf 91' lang='lat' dir='ltr'>sibi</span> <span class='ocrx_word' id='word_1_17' title='bbox 207 318 218 340; x_wconf 91' lang='lat' dir='ltr'>a</span> <span class='ocrx_word' id='word_1_18' title='bbox 229 309 263 340; x_wconf 90' lang='lat' dir='ltr'>deo</span> <span class='ocrx_word' id='word_1_19' title='bbox 276 309 387 341; x_wconf 85' lang='lat' dir='ltr'>destinatum</span> <span class='ocrx_word' id='word_1_20' title='bbox 398 309 474 341; x_wconf 84' lang='lat' dir='ltr'>ulterius</span> <span class='ocrx_word' id='word_1_21' title='bbox 487 308 618 350; x_wconf 89' lang='lat' dir='ltr'>requirendum</span> <span class='ocrx_word' id='word_1_22' title='bbox 631 307 666 340; x_wconf 90' lang='lat' dir='ltr'>cito</span> <span class='ocrx_word' id='word_1_23' title='bbox 679 313 792 349; x_wconf 85' lang='lat' dir='ltr'>properaret.</span> 
     </span>
     <span class='ocr_line' id='line_1_4' title="bbox 91 358 793 403; baseline -0.001 -11"><span class='ocrx_word' id='word_1_24' title='bbox 91 360 127 401; x_wconf 81' lang='lat' dir='ltr'>Qui</span> <span class='ocrx_word' id='word_1_25' title='bbox 140 358 200 392; x_wconf 88' lang='lat' dir='ltr'>statim</span> <span class='ocrx_word' id='word_1_26' title='bbox 214 359 353 402; x_wconf 82' lang='lat' dir='ltr'>expergefactus</span> <span class='ocrx_word' id='word_1_27' title='bbox 365 370 376 392; x_wconf 90' lang='lat' dir='ltr'>a</span> <span class='ocrx_word' id='word_1_28' title='bbox 389 370 459 402; x_wconf 87' lang='lat' dir='ltr'>somno,</span> <span class='ocrx_word' id='word_1_29' title='bbox 473 371 509 403; x_wconf 93' lang='lat' dir='ltr'>que</span> <span class='ocrx_word' id='word_1_30' title='bbox 524 359 594 393; x_wconf 86' lang='lat' dir='ltr'>visione</span> <span class='ocrx_word' id='word_1_31' title='bbox 610 365 699 393; x_wconf 89' lang='lat' dir='ltr'>nocturna</span> <span class='ocrx_word' id='word_1_32' title='bbox 711 359 793 392; x_wconf 83' lang='lat' dir='ltr'>audierat</span> 
     </span>
     <span class='ocr_line' id='line_1_5' title="bbox 91 411 791 455; baseline -0.001 -9"><span class='ocrx_word' id='word_1_33' title='bbox 91 412 167 446; x_wconf 87' lang='lat' dir='ltr'>sollicita</span> <span class='ocrx_word' id='word_1_34' title='bbox 176 417 238 446; x_wconf 92' lang='lat' dir='ltr'>mente</span> <span class='ocrx_word' id='word_1_35' title='bbox 250 417 369 455; x_wconf 86' lang='lat' dir='ltr'>pertractans,</span> <span class='ocrx_word' id='word_1_36' title='bbox 378 412 438 446; x_wconf 90' lang='lat' dir='ltr'>locum</span> <span class='ocrx_word' id='word_1_37' title='bbox 446 423 501 455; x_wconf 90' lang='lat' dir='ltr'>quem</span> <span class='ocrx_word' id='word_1_38' title='bbox 511 411 613 446; x_wconf 88' lang='lat' dir='ltr'>inhabitare</span> <span class='ocrx_word' id='word_1_39' title='bbox 621 417 695 455; x_wconf 82' lang='lat' dir='ltr'>ceperat</span> <span class='ocrx_word' id='word_1_40' title='bbox 703 411 791 452; x_wconf 91' lang='lat' dir='ltr'>deseruit,</span> 
     </span>
     <span class='ocr_line' id='line_1_6' title="bbox 74 464 793 509; baseline -0.001 -10"><span class='ocrx_word' id='word_1_41' title='bbox 74 478 82 508; x_wconf 88' lang='lat'><strong>5</strong></span> <span class='ocrx_word' id='word_1_42' title='bbox 92 477 112 500; x_wconf 86' lang='lat' dir='ltr'>ac</span> <span class='ocrx_word' id='word_1_43' title='bbox 120 476 157 499; x_wconf 89' lang='lat' dir='ltr'>non</span> <span class='ocrx_word' id='word_1_44' title='bbox 164 464 237 508; x_wconf 86' lang='lat' dir='ltr'>longius</span> <span class='ocrx_word' id='word_1_45' title='bbox 245 465 268 498; x_wconf 89' lang='lat' dir='ltr'>ab</span> <span class='ocrx_word' id='word_1_46' title='bbox 276 466 341 498; x_wconf 91' lang='lat' dir='ltr'>eodem</span> <span class='ocrx_word' id='word_1_47' title='bbox 349 465 388 498; x_wconf 87' lang='lat' dir='ltr'>loco</span> <span class='ocrx_word' id='word_1_48' title='bbox 399 465 498 508; x_wconf 85' lang='lat' dir='ltr'>digressus,</span> <span class='ocrx_word' id='word_1_49' title='bbox 506 464 591 509; x_wconf 88' lang='lat' dir='ltr'>peruenit</span> <span class='ocrx_word' id='word_1_50' title='bbox 597 465 620 499; x_wconf 86' lang='lat' dir='ltr'>ad</span> <span class='ocrx_word' id='word_1_51' title='bbox 626 465 703 499; x_wconf 90' lang='lat' dir='ltr'>arduum</span> <span class='ocrx_word' id='word_1_52' title='bbox 712 469 793 499; x_wconf 86' lang='lat' dir='ltr'>montem</span> 
     </span>
     <span class='ocr_line' id='line_1_7' title="bbox 92 517 794 561; baseline -0.001 -10"><span class='ocrx_word' id='word_1_53' title='bbox 92 517 176 552; x_wconf 87' lang='lat' dir='ltr'>omnibus</span> <span class='ocrx_word' id='word_1_54' title='bbox 195 517 255 551; x_wconf 91' lang='lat' dir='ltr'>modis</span> <span class='ocrx_word' id='word_1_55' title='bbox 273 522 324 551; x_wconf 86' lang='lat' dir='ltr'>tanto</span> <span class='ocrx_word' id='word_1_56' title='bbox 342 517 444 551; x_wconf 86' lang='lat' dir='ltr'>habitatore</span> <span class='ocrx_word' id='word_1_57' title='bbox 459 518 593 561; x_wconf 84' lang='lat' dir='ltr'>dignissimum.</span> <span class='ocrx_word' id='word_1_58' title='bbox 616 517 652 559; x_wconf 80' lang='lat' dir='ltr'>Qui</span> <span class='ocrx_word' id='word_1_59' title='bbox 667 517 728 551; x_wconf 88' lang='lat' dir='ltr'>statim</span> <span class='ocrx_word' id='word_1_60' title='bbox 744 528 794 550; x_wconf 91' lang='lat' dir='ltr'>eom-</span> 
     </span>
     <span class='ocr_line' id='line_1_8' title="bbox 91 569 793 614; baseline -0.001 -9"><span class='ocrx_word' id='word_1_61' title='bbox 91 569 166 614; x_wconf 89' lang='lat' dir='ltr'>periens</span> <span class='ocrx_word' id='word_1_62' title='bbox 181 570 283 613; x_wconf 84' lang='lat' dir='ltr'>angelicam</span> <span class='ocrx_word' id='word_1_63' title='bbox 298 569 441 614; x_wconf 81' lang='lat' dir='ltr'>promissionem</span> <span class='ocrx_word' id='word_1_64' title='bbox 457 572 480 604; x_wconf 92' lang='lat' dir='ltr'>ad</span> <span class='ocrx_word' id='word_1_65' title='bbox 496 581 517 605; x_wconf 88' lang='lat' dir='ltr'>se</span> <span class='ocrx_word' id='word_1_66' title='bbox 532 581 574 605; x_wconf 89' lang='lat' dir='ltr'>esse</span> <span class='ocrx_word' id='word_1_67' title='bbox 586 570 703 614; x_wconf 81' lang='lat' dir='ltr'>completam,</span> <span class='ocrx_word' id='word_1_68' title='bbox 714 570 734 604; x_wconf 91' lang='lat' dir='ltr'>in</span> <span class='ocrx_word' id='word_1_69' title='bbox 745 571 793 604; x_wconf 89' lang='lat' dir='ltr'>hune</span> 
     </span>
     <span class='ocr_line' id='line_1_9' title="bbox 92 622 795 666; baseline -0.003 -9"><span class='ocrx_word' id='word_1_70' title='bbox 92 624 166 657; x_wconf 92' lang='lat' dir='ltr'>modum</span> <span class='ocrx_word' id='word_1_71' title='bbox 185 623 235 666; x_wconf 89' lang='lat' dir='ltr'>loqui</span> <span class='ocrx_word' id='word_1_72' title='bbox 255 634 333 657; x_wconf 85' lang='lat' dir='ltr'>exorsus</span> <span class='ocrx_word' id='word_1_73' title='bbox 351 629 390 657; x_wconf 82' lang='lat' dir='ltr'>est:</span> <span class='ocrx_word' id='word_1_74' title='bbox 409 624 455 656; x_wconf 89' lang='lat' dir='ltr'>‘Hic</span> <span class='ocrx_word' id='word_1_75' title='bbox 474 624 521 665; x_wconf 85' lang='lat' dir='ltr'>sons,</span> <span class='ocrx_word' id='word_1_76' title='bbox 536 624 566 657; x_wconf 84' lang='lat' dir='ltr'>hic</span> <span class='ocrx_word' id='word_1_77' title='bbox 587 623 663 666; x_wconf 89' lang='lat' dir='ltr'>lapides,</span> <span class='ocrx_word' id='word_1_78' title='bbox 682 623 711 656; x_wconf 88' lang='lat' dir='ltr'>hic</span> <span class='ocrx_word' id='word_1_79' title='bbox 730 622 795 666; x_wconf 89' lang='lat' dir='ltr'>templi</span> 
     </span>
     <span class='ocr_line' id='line_1_10' title="bbox 92 675 795 719; baseline -0.003 -9"><span class='ocrx_word' id='word_1_80' title='bbox 92 675 206 717; x_wconf 80' lang='lat' dir='ltr'>materiales3</span> <span class='ocrx_word' id='word_1_81' title='bbox 225 676 262 710; x_wconf 90' lang='lat' dir='ltr'>Hic</span> <span class='ocrx_word' id='word_1_82' title='bbox 274 676 346 710; x_wconf 86' lang='lat' dir='ltr'>ssuuiale</span> <span class='ocrx_word' id='word_1_83' title='bbox 358 676 427 710; x_wconf 91' lang='lat' dir='ltr'>bonum</span> <span class='ocrx_word' id='word_1_84' title='bbox 439 676 519 710; x_wconf 90' lang='lat' dir='ltr'>nutritur</span> <span class='ocrx_word' id='word_1_85' title='bbox 530 676 597 719; x_wconf 85' lang='lat' dir='ltr'>ubique</span> <span class='ocrx_word' id='word_1_86' title='bbox 611 686 645 719; x_wconf 91' lang='lat' dir='ltr'>per</span> <span class='ocrx_word' id='word_1_87' title='bbox 658 686 728 710; x_wconf 90' lang='lat' dir='ltr'>amnes.</span> <span class='ocrx_word' id='word_1_88' title='bbox 759 675 795 709; x_wconf 89' lang='lat' dir='ltr'>Hic</span> 
     </span>
     <span class='ocr_line' id='line_1_11' title="bbox 66 728 795 772; baseline 0 -9"><span class='ocrx_word' id='word_1_89' title='bbox 66 739 84 759; x_wconf 88' lang='lat'>10</span> <span class='ocrx_word' id='word_1_90' title='bbox 92 740 134 763; x_wconf 91' lang='lat' dir='ltr'>mea</span> <span class='ocrx_word' id='word_1_91' title='bbox 145 728 168 763; x_wconf 88' lang='lat' dir='ltr'>sit</span> <span class='ocrx_word' id='word_1_92' title='bbox 180 729 247 763; x_wconf 82' lang='lat' dir='ltr'>sedes:</span> <span class='ocrx_word' id='word_1_93' title='bbox 259 729 310 763; x_wconf 86' lang='lat' dir='ltr'>loeus</span> <span class='ocrx_word' id='word_1_94' title='bbox 320 729 355 763; x_wconf 91' lang='lat' dir='ltr'>iste</span> <span class='ocrx_word' id='word_1_95' title='bbox 368 728 440 772; x_wconf 87' lang='lat' dir='ltr'>parabit</span> <span class='ocrx_word' id='word_1_96' title='bbox 450 730 535 763; x_wconf 88' lang='lat' dir='ltr'>honores.</span> <span class='ocrx_word' id='word_1_97' title='bbox 558 728 602 763; x_wconf 84' lang='lat' dir='ltr'>Vult</span> <span class='ocrx_word' id='word_1_98' title='bbox 612 730 658 762; x_wconf 92' lang='lat' dir='ltr'>deus</span> <span class='ocrx_word' id='word_1_99' title='bbox 669 728 698 762; x_wconf 92' lang='lat' dir='ltr'>hic</span> <span class='ocrx_word' id='word_1_100' title='bbox 709 728 795 771; x_wconf 90' lang='lat' dir='ltr'>habitem,</span> 
     </span>
     <span class='ocr_line' id='line_1_12' title="bbox 93 781 796 824; baseline -0.001 -8"><span class='ocrx_word' id='word_1_101' title='bbox 93 786 199 816; x_wconf 89' lang='lat' dir='ltr'>monstrans</span> <span class='ocrx_word' id='word_1_102' title='bbox 211 781 231 815; x_wconf 90' lang='lat' dir='ltr'>in</span> <span class='ocrx_word' id='word_1_103' title='bbox 245 786 307 816; x_wconf 92' lang='lat' dir='ltr'>monte</span> <span class='ocrx_word' id='word_1_104' title='bbox 319 782 412 816; x_wconf 68' lang='lat' dir='ltr'>laborem:</span> <span class='ocrx_word' id='word_1_105' title='bbox 436 781 472 816; x_wconf 88' lang='lat' dir='ltr'>His</span> <span class='ocrx_word' id='word_1_106' title='bbox 485 781 539 816; x_wconf 88' lang='lat' dir='ltr'>dictis</span> <span class='ocrx_word' id='word_1_107' title='bbox 551 781 654 816; x_wconf 84' lang='lat' dir='ltr'>construxit</span> <span class='ocrx_word' id='word_1_108' title='bbox 667 781 765 824; x_wconf 84' lang='lat' dir='ltr'>edificium,</span> <span class='ocrx_word' id='word_1_109' title='bbox 777 785 796 816; x_wconf 87' lang='lat' dir='ltr'>et</span> 
     </span>
     <span class='ocr_line' id='line_1_13' title="bbox 93 834 796 880; baseline 0 -11"><span class='ocrx_word' id='word_1_110' title='bbox 93 840 158 880; x_wconf 89' lang='lat' dir='ltr'>postea</span> <span class='ocrx_word' id='word_1_111' title='bbox 176 834 250 869; x_wconf 88' lang='lat' dir='ltr'>metitus</span> <span class='ocrx_word' id='word_1_112' title='bbox 269 840 298 870; x_wconf 90' lang='lat' dir='ltr'>est</span> <span class='ocrx_word' id='word_1_113' title='bbox 317 834 431 870; x_wconf 85' lang='lat' dir='ltr'>cimiterium.</span> <span class='ocrx_word' id='word_1_114' title='bbox 459 835 513 878; x_wconf 85' lang='lat' dir='ltr'>Quod</span> <span class='ocrx_word' id='word_1_115' title='bbox 528 836 572 869; x_wconf 92' lang='lat' dir='ltr'>dum</span> <span class='ocrx_word' id='word_1_116' title='bbox 587 845 675 869; x_wconf 88' lang='lat' dir='ltr'>emensus</span> <span class='ocrx_word' id='word_1_117' title='bbox 693 835 762 878; x_wconf 87' lang='lat' dir='ltr'>suisset,</span> <span class='ocrx_word' id='word_1_118' title='bbox 777 835 796 869; x_wconf 95' lang='lat' dir='ltr'>in</span> 
     </span>
     <span class='ocr_line' id='line_1_14' title="bbox 94 881 796 923; baseline 0 -1"><span class='ocrx_word' id='word_1_119' title='bbox 94 890 163 922; x_wconf 86' lang='lat' dir='ltr'>honore</span> <span class='ocrx_word' id='word_1_120' title='bbox 179 893 242 922; x_wconf 86' lang='lat' dir='ltr'>sancte</span> <span class='ocrx_word' id='word_1_121' title='bbox 258 894 276 922; x_wconf 90' lang='lat' dir='ltr'>et</span> <span class='ocrx_word' id='word_1_122' title='bbox 289 888 383 922; x_wconf 88' lang='lat' dir='ltr'>indiuidue</span> <span class='ocrx_word' id='word_1_123' title='bbox 397 888 483 922; x_wconf 82' lang='lat' dir='ltr'>trinitatis</span> <span class='ocrx_word' id='word_1_124' title='bbox 498 887 580 922; x_wconf 86' lang='lat' dir='ltr'>fundauit</span> <span class='ocrx_word' id='word_1_125' title='bbox 595 887 700 922; x_wconf 84' lang='lat' dir='ltr'>oratorium.</span> <span class='ocrx_word' id='word_1_126' title='bbox 745 881 796 923; x_wconf 88' lang='lat' dir='ltr'>Cum</span> 
     </span>
     <span class='ocr_line' id='line_1_15' title="bbox 94 940 797 986; baseline 0 -11"><span class='ocrx_word' id='word_1_127' title='bbox 94 941 156 985; x_wconf 90' lang='lat' dir='ltr'>itaque</span> <span class='ocrx_word' id='word_1_128' title='bbox 163 940 207 974; x_wconf 92' lang='lat' dir='ltr'>inibi</span> <span class='ocrx_word' id='word_1_129' title='bbox 215 952 336 984; x_wconf 82' lang='lat' dir='ltr'>perseuerare</span> <span class='ocrx_word' id='word_1_130' title='bbox 344 941 475 986; x_wconf 84' lang='lat' dir='ltr'>proposuisset,</span> <span class='ocrx_word' id='word_1_131' title='bbox 484 942 563 985; x_wconf 86' lang='lat' dir='ltr'>quodam</span> <span class='ocrx_word' id='word_1_132' title='bbox 575 940 605 975; x_wconf 90' lang='lat' dir='ltr'>die</span> <span class='ocrx_word' id='word_1_133' title='bbox 616 942 704 975; x_wconf 92' lang='lat' dir='ltr'>bubulcus</span> <span class='ocrx_word' id='word_1_134' title='bbox 713 940 797 975; x_wconf 89' lang='lat' dir='ltr'>Poulenti</span> 
     </span>
     <span class='ocr_line' id='line_1_16' title="bbox 69 993 797 1039; baseline 0 -11"><span class='ocrx_word' id='word_1_135' title='bbox 69 1006 86 1036; x_wconf 86' lang='lat'>15</span> <span class='ocrx_word' id='word_1_136' title='bbox 96 994 144 1039; x_wconf 85' lang='lat' dir='ltr'>regis</span> <span class='ocrx_word' id='word_1_137' title='bbox 161 993 303 1029; x_wconf 87' lang='lat' dir='ltr'>Glatmorcantie</span> <span class='ocrx_word' id='word_1_138' title='bbox 316 994 367 1029; x_wconf 88' lang='lat' dir='ltr'>venit</span> <span class='ocrx_word' id='word_1_139' title='bbox 379 995 402 1028; x_wconf 88' lang='lat' dir='ltr'>ad</span> <span class='ocrx_word' id='word_1_140' title='bbox 414 995 480 1029; x_wconf 83' lang='lat' dir='ltr'>locum.</span> <span class='ocrx_word' id='word_1_141' title='bbox 503 995 592 1037; x_wconf 80' lang='lat' dir='ltr'>Quicum</span> <span class='ocrx_word' id='word_1_142' title='bbox 604 995 677 1028; x_wconf 90' lang='lat' dir='ltr'>beatum</span> <span class='ocrx_word' id='word_1_143' title='bbox 692 995 797 1038; x_wconf 84' lang='lat' dir='ltr'>Cungarum</span> 
     </span>
     <span class='ocr_line' id='line_1_17' title="bbox 95 1047 797 1090; baseline 0 -10"><span class='ocrx_word' id='word_1_144' title='bbox 95 1047 172 1081; x_wconf 88' lang='lat' dir='ltr'>vidisset</span> <span class='ocrx_word' id='word_1_145' title='bbox 191 1048 261 1089; x_wconf 86' lang='lat' dir='ltr'>absque</span> <span class='ocrx_word' id='word_1_146' title='bbox 280 1047 353 1080; x_wconf 90' lang='lat' dir='ltr'>licentia</span> <span class='ocrx_word' id='word_1_147' title='bbox 371 1047 428 1090; x_wconf 85' lang='lat' dir='ltr'>regali</span> <span class='ocrx_word' id='word_1_148' title='bbox 443 1047 468 1079; x_wconf 89' lang='lat' dir='ltr'>ihi</span> <span class='ocrx_word' id='word_1_149' title='bbox 482 1047 609 1080; x_wconf 83' lang='lat' dir='ltr'>heremiticam</span> <span class='ocrx_word' id='word_1_150' title='bbox 624 1047 739 1080; x_wconf 88' lang='lat' dir='ltr'>mansionem</span> <span class='ocrx_word' id='word_1_151' title='bbox 754 1058 797 1080; x_wconf 87' lang='lat' dir='ltr'>con-</span> 
     </span>
     <span class='ocr_line' id='line_1_18' title="bbox 96 1098 797 1143; baseline -0.001 -9"><span class='ocrx_word' id='word_1_152' title='bbox 96 1099 191 1141; x_wconf 80' lang='lat' dir='ltr'>struxisse,</span> <span class='ocrx_word' id='word_1_153' title='bbox 199 1099 304 1142; x_wconf 83' lang='lat' dir='ltr'>indignatus</span> <span class='ocrx_word' id='word_1_154' title='bbox 312 1099 337 1133; x_wconf 87' lang='lat' dir='ltr'>ita</span> <span class='ocrx_word' id='word_1_155' title='bbox 344 1109 407 1133; x_wconf 86' lang='lat' dir='ltr'>secum</span> <span class='ocrx_word' id='word_1_156' title='bbox 415 1099 469 1133; x_wconf 89' lang='lat' dir='ltr'>tacite</span> <span class='ocrx_word' id='word_1_157' title='bbox 476 1098 594 1143; x_wconf 89' lang='lat' dir='ltr'>pertractauit</span> <span class='ocrx_word' id='word_1_158' title='bbox 602 1098 665 1133; x_wconf 89' lang='lat' dir='ltr'>dicens</span> <span class='ocrx_word' id='word_1_159' title='bbox 673 1111 677 1134; x_wconf 91' lang='lat'><strong>:</strong></span> <span class='ocrx_word' id='word_1_160' title='bbox 689 1099 797 1143; x_wconf 84' lang='lat' dir='ltr'>‘Indignum</span> 
     </span>
     <span class='ocr_line' id='line_1_19' title="bbox 96 1152 797 1196; baseline 0 -10"><span class='ocrx_word' id='word_1_161' title='bbox 96 1153 164 1196; x_wconf 89' lang='lat' dir='ltr'>quippe</span> <span class='ocrx_word' id='word_1_162' title='bbox 175 1152 229 1185; x_wconf 88' lang='lat' dir='ltr'>valde</span> <span class='ocrx_word' id='word_1_163' title='bbox 240 1157 268 1186; x_wconf 90' lang='lat' dir='ltr'>est</span> <span class='ocrx_word' id='word_1_164' title='bbox 280 1152 373 1186; x_wconf 93' lang='lat' dir='ltr'>hominem</span> <span class='ocrx_word' id='word_1_165' title='bbox 385 1153 476 1186; x_wconf 89' lang='lat' dir='ltr'>aduenam</span> <span class='ocrx_word' id='word_1_166' title='bbox 487 1157 505 1186; x_wconf 91' lang='lat' dir='ltr'>et</span> <span class='ocrx_word' id='word_1_167' title='bbox 517 1152 604 1196; x_wconf 88' lang='lat' dir='ltr'>ignotum,</span> <span class='ocrx_word' id='word_1_168' title='bbox 615 1152 689 1185; x_wconf 89' lang='lat' dir='ltr'>domino</span> <span class='ocrx_word' id='word_1_169' title='bbox 699 1163 741 1186; x_wconf 89' lang='lat' dir='ltr'>meo</span> <span class='ocrx_word' id='word_1_170' title='bbox 753 1162 797 1196; x_wconf 81' lang='lat' dir='ltr'>rege</span> 
     </span>
     <span class='ocr_line' id='line_1_20' title="bbox 96 1204 797 1249; baseline -0.001 -10"><span class='ocrx_word' id='word_1_171' title='bbox 96 1205 184 1239; x_wconf 88' lang='lat' dir='ltr'>Pouleuto</span> <span class='ocrx_word' id='word_1_172' title='bbox 192 1204 300 1247; x_wconf 86' lang='lat' dir='ltr'>inconsulto,</span> <span class='ocrx_word' id='word_1_173' title='bbox 308 1204 364 1248; x_wconf 85' lang='lat' dir='ltr'>regiis</span> <span class='ocrx_word' id='word_1_174' title='bbox 373 1204 470 1238; x_wconf 84' lang='lat' dir='ltr'>territoriis</span> <span class='ocrx_word' id='word_1_175' title='bbox 480 1205 587 1238; x_wconf 88' lang='lat' dir='ltr'>inhabitare.</span> <span class='ocrx_word' id='word_1_176' title='bbox 611 1204 729 1248; x_wconf 82' lang='lat' dir='ltr'>Quapropter</span> <span class='ocrx_word' id='word_1_177' title='bbox 740 1216 797 1249; x_wconf 88' lang='lat' dir='ltr'>quan·</span> 
     </span>
     <span class='ocr_line' id='line_1_21' title="bbox 70 1257 799 1301; baseline -0.001 -10"><span class='ocrx_word' id='word_1_178' title='bbox 70 1259 151 1292; x_wconf 76' lang='lat' dir='ltr'>zototius</span> <span class='ocrx_word' id='word_1_179' title='bbox 169 1257 224 1290; x_wconf 91' lang='lat' dir='ltr'>huius</span> <span class='ocrx_word' id='word_1_180' title='bbox 239 1257 266 1290; x_wconf 90' lang='lat' dir='ltr'>rei</span> <span class='ocrx_word' id='word_1_181' title='bbox 281 1268 336 1291; x_wconf 86' lang='lat' dir='ltr'>causa</span> <span class='ocrx_word' id='word_1_182' title='bbox 350 1257 448 1291; x_wconf 90' lang='lat' dir='ltr'>indicande</span> <span class='ocrx_word' id='word_1_183' title='bbox 463 1268 526 1301; x_wconf 87' lang='lat' dir='ltr'>regem</span> <span class='ocrx_word' id='word_1_184' title='bbox 542 1258 652 1291; x_wconf 88' lang='lat' dir='ltr'>Poulentum</span> <span class='ocrx_word' id='word_1_185' title='bbox 671 1258 735 1291; x_wconf 66' lang='lat' dir='ltr'>adibo)</span> <span class='ocrx_word' id='word_1_186' title='bbox 763 1257 799 1300; x_wconf 79' lang='lat' dir='ltr'>Qui</span> 
     </span>
     <span class='ocr_line' id='line_1_22' title="bbox 97 1309 798 1354; baseline -0.001 -9"><span class='ocrx_word' id='word_1_187' title='bbox 97 1311 163 1352; x_wconf 88' lang='lat' dir='ltr'>statim,</span> <span class='ocrx_word' id='word_1_188' title='bbox 175 1311 224 1353; x_wconf 89' lang='lat' dir='ltr'>quod</span> <span class='ocrx_word' id='word_1_189' title='bbox 231 1310 250 1343; x_wconf 91' lang='lat' dir='ltr'>in</span> <span class='ocrx_word' id='word_1_190' title='bbox 258 1316 300 1345; x_wconf 89' lang='lat' dir='ltr'>voto</span> <span class='ocrx_word' id='word_1_191' title='bbox 310 1310 373 1345; x_wconf 88' lang='lat' dir='ltr'>habuit</span> <span class='ocrx_word' id='word_1_192' title='bbox 384 1321 440 1354; x_wconf 90' lang='lat' dir='ltr'>opere</span> <span class='ocrx_word' id='word_1_193' title='bbox 449 1311 550 1354; x_wconf 88' lang='lat' dir='ltr'>complens,</span> <span class='ocrx_word' id='word_1_194' title='bbox 560 1309 599 1353; x_wconf 86' lang='lat' dir='ltr'>regi</span> <span class='ocrx_word' id='word_1_195' title='bbox 610 1310 699 1344; x_wconf 89' lang='lat' dir='ltr'>Poulento</span> <span class='ocrx_word' id='word_1_196' title='bbox 711 1310 798 1344; x_wconf 87' lang='lat' dir='ltr'>indicauit</span> 
     </span>
     <span class='ocr_line' id='line_1_23' title="bbox 97 1362 797 1406; baseline -0.003 -8"><span class='ocrx_word' id='word_1_197' title='bbox 97 1365 202 1406; x_wconf 86' lang='lat' dir='ltr'>Cungarum</span> <span class='ocrx_word' id='word_1_198' title='bbox 221 1363 330 1397; x_wconf 88' lang='lat' dir='ltr'>heremitam</span> <span class='ocrx_word' id='word_1_199' title='bbox 345 1363 436 1396; x_wconf 89' lang='lat' dir='ltr'>aduenam</span> <span class='ocrx_word' id='word_1_200' title='bbox 451 1374 487 1396; x_wconf 91' lang='lat' dir='ltr'>non</span> <span class='ocrx_word' id='word_1_201' title='bbox 503 1363 614 1396; x_wconf 87' lang='lat' dir='ltr'>licentiatum</span> <span class='ocrx_word' id='word_1_202' title='bbox 630 1362 649 1396; x_wconf 91' lang='lat' dir='ltr'>iu</span> <span class='ocrx_word' id='word_1_203' title='bbox 663 1363 726 1405; x_wconf 86' lang='lat' dir='ltr'>agellis</span> <span class='ocrx_word' id='word_1_204' title='bbox 742 1363 797 1406; x_wconf 87' lang='lat' dir='ltr'>regiis</span> 
     </span>
     <span class='ocr_line' id='line_1_24' title="bbox 97 1413 798 1458; baseline -0.001 -9"><span class='ocrx_word' id='word_1_205' title='bbox 97 1415 184 1450; x_wconf 88' lang='lat' dir='ltr'>habitare.</span> <span class='ocrx_word' id='word_1_206' title='bbox 207 1414 248 1457; x_wconf 80' lang='lat' dir='ltr'>Quo</span> <span class='ocrx_word' id='word_1_207' title='bbox 258 1415 324 1458; x_wconf 86' lang='lat' dir='ltr'>audito,</span> <span class='ocrx_word' id='word_1_208' title='bbox 335 1426 368 1448; x_wconf 88' lang='lat' dir='ltr'>rex</span> <span class='ocrx_word' id='word_1_209' title='bbox 379 1415 478 1448; x_wconf 89' lang='lat' dir='ltr'>Poulentus</span> <span class='ocrx_word' id='word_1_210' title='bbox 487 1414 506 1448; x_wconf 90' lang='lat' dir='ltr'>iu</span> <span class='ocrx_word' id='word_1_211' title='bbox 517 1414 563 1448; x_wconf 91' lang='lat' dir='ltr'>iram</span> <span class='ocrx_word' id='word_1_212' title='bbox 575 1413 673 1448; x_wconf 83' lang='lat' dir='ltr'>excanduit</span> <span class='ocrx_word' id='word_1_213' title='bbox 681 1420 698 1448; x_wconf 92' lang='lat' dir='ltr'>et</span> <span class='ocrx_word' id='word_1_214' title='bbox 706 1416 729 1448; x_wconf 87' lang='lat' dir='ltr'>ad</span> <span class='ocrx_word' id='word_1_215' title='bbox 738 1415 798 1449; x_wconf 91' lang='lat' dir='ltr'>locum</span> 
     </span>
     <span class='ocr_line' id='line_1_25' title="bbox 98 1467 798 1511; baseline -0.001 -8"><span class='ocrx_word' id='word_1_216' title='bbox 98 1470 178 1503; x_wconf 90' lang='lat' dir='ltr'>eundem</span> <span class='ocrx_word' id='word_1_217' title='bbox 192 1468 289 1502; x_wconf 85' lang='lat' dir='ltr'>visendum</span> <span class='ocrx_word' id='word_1_218' title='bbox 304 1469 366 1502; x_wconf 87' lang='lat' dir='ltr'>statim</span> <span class='ocrx_word' id='word_1_219' title='bbox 381 1479 423 1502; x_wconf 88' lang='lat' dir='ltr'>cum</span> <span class='ocrx_word' id='word_1_220' title='bbox 438 1468 553 1502; x_wconf 87' lang='lat' dir='ltr'>festinatione</span> <span class='ocrx_word' id='word_1_221' title='bbox 567 1467 678 1511; x_wconf 84' lang='lat' dir='ltr'>properauit.</span> <span class='ocrx_word' id='word_1_222' title='bbox 701 1468 742 1510; x_wconf 84' lang='lat' dir='ltr'>Quo</span> <span class='ocrx_word' id='word_1_223' title='bbox 756 1478 798 1502; x_wconf 89' lang='lat' dir='ltr'>cum</span> 
     </span>
     <span class='ocr_line' id='line_1_26' title="bbox 72 1520 797 1567; baseline 0.001 -13"><span class='ocrx_word' id='word_1_224' title='bbox 72 1534 90 1564; x_wconf 82' lang='lat'>²5</span> <span class='ocrx_word' id='word_1_225' title='bbox 98 1520 215 1567; x_wconf 85' lang='lat' dir='ltr'>peruenisset</span> <span class='ocrx_word' id='word_1_226' title='bbox 230 1526 248 1554; x_wconf 89' lang='lat' dir='ltr'>et</span> <span class='ocrx_word' id='word_1_227' title='bbox 260 1522 283 1555; x_wconf 93' lang='lat' dir='ltr'>de</span> <span class='ocrx_word' id='word_1_228' title='bbox 295 1522 348 1555; x_wconf 88' lang='lat' dir='ltr'>beato</span> <span class='ocrx_word' id='word_1_229' title='bbox 361 1520 400 1554; x_wconf 89' lang='lat' dir='ltr'>viro</span> <span class='ocrx_word' id='word_1_230' title='bbox 413 1526 468 1565; x_wconf 88' lang='lat' dir='ltr'>prout</span> <span class='ocrx_word' id='word_1_231' title='bbox 481 1520 562 1554; x_wconf 88' lang='lat' dir='ltr'>audierat</span> <span class='ocrx_word' id='word_1_232' title='bbox 575 1525 645 1554; x_wconf 89' lang='lat' dir='ltr'>certum</span> <span class='ocrx_word' id='word_1_233' title='bbox 657 1521 797 1565; x_wconf 86' lang='lat' dir='ltr'>comperuisset,</span> 
     </span>
     <span class='ocr_line' id='line_1_27' title="bbox 99 1573 801 1615; baseline -0.003 -5"><span class='ocrx_word' id='word_1_234' title='bbox 99 1577 119 1611; x_wconf 90' lang='lat' dir='ltr'>in</span> <span class='ocrx_word' id='word_1_235' title='bbox 126 1577 200 1609; x_wconf 88' lang='lat' dir='ltr'>beatum</span> <span class='ocrx_word' id='word_1_236' title='bbox 206 1575 266 1609; x_wconf 92' lang='lat' dir='ltr'>virum</span> <span class='ocrx_word' id='word_1_237' title='bbox 274 1575 349 1609; x_wconf 88' lang='lat' dir='ltr'>iniurias</span> <span class='ocrx_word' id='word_1_238' title='bbox 357 1580 375 1608; x_wconf 93' lang='lat' dir='ltr'>et</span> <span class='ocrx_word' id='word_1_239' title='bbox 383 1580 444 1608; x_wconf 87' lang='lat' dir='ltr'>cetera</span> <span class='ocrx_word' id='word_1_240' title='bbox 451 1574 548 1608; x_wconf 91' lang='lat' dir='ltr'>inhonesta</span> <span class='ocrx_word' id='word_1_241' title='bbox 556 1573 623 1608; x_wconf 79' lang='lat' dir='ltr'>furiose</span> <span class='ocrx_word' id='word_1_242' title='bbox 631 1573 696 1615; x_wconf 91' lang='lat' dir='ltr'>intulit,</span> <span class='ocrx_word' id='word_1_243' title='bbox 702 1575 801 1609; x_wconf 83' lang='lat' dir='ltr'>effrenatus</span> 
     </span>
     <span class='ocr_line' id='line_1_28' title="bbox 100 1626 801 1670; baseline -0.001 -8"><span class='ocrx_word' id='word_1_244' title='bbox 100 1629 119 1662; x_wconf 90' lang='lat' dir='ltr'>in</span> <span class='ocrx_word' id='word_1_245' title='bbox 133 1638 181 1661; x_wconf 85' lang='lat' dir='ltr'>eum.</span> <span class='ocrx_word' id='word_1_246' title='bbox 204 1627 240 1670; x_wconf 83' lang='lat' dir='ltr'>Qui</span> <span class='ocrx_word' id='word_1_247' title='bbox 252 1638 294 1660; x_wconf 92' lang='lat' dir='ltr'>cum</span> <span class='ocrx_word' id='word_1_248' title='bbox 307 1626 386 1661; x_wconf 83' lang='lat' dir='ltr'>diuersis</span> <span class='ocrx_word' id='word_1_249' title='bbox 399 1627 459 1660; x_wconf 90' lang='lat' dir='ltr'>modis</span> <span class='ocrx_word' id='word_1_250' title='bbox 471 1627 577 1660; x_wconf 90' lang='lat' dir='ltr'>iniuriarum</span> <span class='ocrx_word' id='word_1_251' title='bbox 592 1627 666 1660; x_wconf 87' lang='lat' dir='ltr'>beatum</span> <span class='ocrx_word' id='word_1_252' title='bbox 678 1627 738 1661; x_wconf 85' lang='lat' dir='ltr'>virum</span> <span class='ocrx_word' id='word_1_253' title='bbox 752 1628 801 1661; x_wconf 90' lang='lat' dir='ltr'>Cun-</span> 
     </span>
     <span class='ocr_line' id='line_1_29' title="bbox 101 1678 802 1726; baseline 0 -12"><span class='ocrx_word' id='word_1_254' title='bbox 101 1691 166 1726; x_wconf 89' lang='lat' dir='ltr'>garum</span> <span class='ocrx_word' id='word_1_255' title='bbox 181 1679 290 1713; x_wconf 89' lang='lat' dir='ltr'>concitasset</span> <span class='ocrx_word' id='word_1_256' title='bbox 305 1685 323 1714; x_wconf 90' lang='lat' dir='ltr'>et</span> <span class='ocrx_word' id='word_1_257' title='bbox 335 1684 355 1713; x_wconf 92' lang='lat' dir='ltr'>vt</span> <span class='ocrx_word' id='word_1_258' title='bbox 370 1679 427 1712; x_wconf 89' lang='lat' dir='ltr'>abiret</span> <span class='ocrx_word' id='word_1_259' title='bbox 440 1680 497 1723; x_wconf 86' lang='lat' dir='ltr'>gradu</span> <span class='ocrx_word' id='word_1_260' title='bbox 513 1679 583 1712; x_wconf 89' lang='lat' dir='ltr'>concito</span> <span class='ocrx_word' id='word_1_261' title='bbox 597 1678 714 1723; x_wconf 82' lang='lat' dir='ltr'>precepisset,</span> <span class='ocrx_word' id='word_1_262' title='bbox 728 1685 802 1714; x_wconf 88' lang='lat' dir='ltr'>sanctus</span> 
     </span>
     <span class='ocr_line' id='line_1_30' title="bbox 102 1732 802 1777; baseline 0 -9"><span class='ocrx_word' id='word_1_263' title='bbox 102 1735 203 1777; x_wconf 83' lang='lat' dir='ltr'>eungarus,</span> <span class='ocrx_word' id='word_1_264' title='bbox 213 1738 232 1767; x_wconf 94' lang='lat' dir='ltr'>vt</span> <span class='ocrx_word' id='word_1_265' title='bbox 243 1738 282 1767; x_wconf 88' lang='lat' dir='ltr'>erat</span> <span class='ocrx_word' id='word_1_266' title='bbox 293 1737 404 1774; x_wconf 80' lang='lat' dir='ltr'>mansuetus¹</span> <span class='ocrx_word' id='word_1_267' title='bbox 417 1738 512 1766; x_wconf 90' lang='lat' dir='ltr'>mansuete</span> <span class='ocrx_word' id='word_1_268' title='bbox 522 1732 616 1777; x_wconf 90' lang='lat' dir='ltr'>respondit</span> <span class='ocrx_word' id='word_1_269' title='bbox 626 1732 700 1767; x_wconf 90' lang='lat' dir='ltr'>dicens:</span> <span class='ocrx_word' id='word_1_270' title='bbox 715 1733 752 1767; x_wconf 87' lang='lat' dir='ltr'>‘Tu</span> <span class='ocrx_word' id='word_1_271' title='bbox 763 1744 802 1775; x_wconf 71' lang='lat' dir='ltr'>rer,</span> 
     </span>
     <span class='ocr_line' id='line_1_31' title="bbox 74 1784 802 1829; baseline -0.004 -7"><span class='ocrx_word' id='word_1_272' title='bbox 74 1795 93 1823; x_wconf 83' lang='lat'>30</span> <span class='ocrx_word' id='word_1_273' title='bbox 101 1788 135 1821; x_wconf 86' lang='lat' dir='ltr'>sed</span> <span class='ocrx_word' id='word_1_274' title='bbox 150 1796 215 1819; x_wconf 84' lang='lat' dir='ltr'>seruus</span> <span class='ocrx_word' id='word_1_275' title='bbox 230 1785 285 1819; x_wconf 90' lang='lat' dir='ltr'>michi</span> <span class='ocrx_word' id='word_1_276' title='bbox 294 1797 338 1819; x_wconf 87' lang='lat' dir='ltr'>mox</span> <span class='ocrx_word' id='word_1_277' title='bbox 348 1785 420 1818; x_wconf 85' lang='lat' dir='ltr'>seruilis</span> <span class='ocrx_word' id='word_1_278' title='bbox 432 1785 532 1818; x_wconf 89' lang='lat' dir='ltr'>habendus.</span> <span class='ocrx_word' id='word_1_279' title='bbox 556 1784 592 1818; x_wconf 88' lang='lat' dir='ltr'>Hie</span> <span class='ocrx_word' id='word_1_280' title='bbox 604 1795 701 1818; x_wconf 89' lang='lat' dir='ltr'>remanere</span> <span class='ocrx_word' id='word_1_281' title='bbox 711 1786 757 1828; x_wconf 85' lang='lat' dir='ltr'>volo,</span> <span class='ocrx_word' id='word_1_282' title='bbox 768 1797 802 1829; x_wconf 89' lang='lat' dir='ltr'>pro</span> 
     </span>
     <span class='ocr_line' id='line_1_32' title="bbox 101 1836 803 1881; baseline 0 -9"><span class='ocrx_word' id='word_1_283' title='bbox 101 1845 119 1873; x_wconf 96' lang='lat' dir='ltr'>te</span> <span class='ocrx_word' id='word_1_284' title='bbox 131 1837 226 1871; x_wconf 89' lang='lat' dir='ltr'>discedere</span> <span class='ocrx_word' id='word_1_285' title='bbox 237 1837 284 1871; x_wconf 89' lang='lat' dir='ltr'>nolo.</span> <span class='ocrx_word' id='word_1_286' title='bbox 307 1837 339 1871; x_wconf 92' lang='lat' dir='ltr'>Me</span> <span class='ocrx_word' id='word_1_287' title='bbox 349 1837 397 1870; x_wconf 92' lang='lat' dir='ltr'>male</span> <span class='ocrx_word' id='word_1_288' title='bbox 410 1837 516 1881; x_wconf 89' lang='lat' dir='ltr'>compellis:</span> <span class='ocrx_word' id='word_1_289' title='bbox 528 1847 573 1881; x_wconf 83' lang='lat' dir='ltr'>rogo</span> <span class='ocrx_word' id='word_1_290' title='bbox 585 1836 611 1870; x_wconf 83' lang='lat' dir='ltr'>sis</span> <span class='ocrx_word' id='word_1_291' title='bbox 625 1843 717 1871; x_wconf 86' lang='lat' dir='ltr'>correctus</span> <span class='ocrx_word' id='word_1_292' title='bbox 728 1838 750 1872; x_wconf 91' lang='lat' dir='ltr'>ab</span> <span class='ocrx_word' id='word_1_293' title='bbox 761 1839 803 1872; x_wconf 85' lang='lat' dir='ltr'>alto.</span> 
     </span>
     <span class='ocr_line' id='line_1_33' title="bbox 101 1889 802 1934; baseline -0.001 -8"><span class='ocrx_word' id='word_1_294' title='bbox 101 1892 169 1926; x_wconf 89' lang='lat' dir='ltr'>Audiat</span> <span class='ocrx_word' id='word_1_295' title='bbox 176 1891 216 1934; x_wconf 90' lang='lat' dir='ltr'>ipse</span> <span class='ocrx_word' id='word_1_296' title='bbox 224 1892 282 1925; x_wconf 90' lang='lat' dir='ltr'>deus:</span> <span class='ocrx_word' id='word_1_297' title='bbox 294 1896 312 1924; x_wconf 93' lang='lat' dir='ltr'>te</span> <span class='ocrx_word' id='word_1_298' title='bbox 320 1895 378 1925; x_wconf 90' lang='lat' dir='ltr'>vertat</span> <span class='ocrx_word' id='word_1_299' title='bbox 386 1895 436 1924; x_wconf 87' lang='lat' dir='ltr'>recta</span> <span class='ocrx_word' id='word_1_300' title='bbox 443 1891 546 1934; x_wconf 65' lang='lat' dir='ltr'>loquendo!</span> <span class='ocrx_word' id='word_1_301' title='bbox 570 1889 606 1932; x_wconf 80' lang='lat' dir='ltr'>Qui</span> <span class='ocrx_word' id='word_1_302' title='bbox 616 1900 658 1924; x_wconf 89' lang='lat' dir='ltr'>cum</span> <span class='ocrx_word' id='word_1_303' title='bbox 668 1900 731 1934; x_wconf 85' lang='lat' dir='ltr'>regem</span> <span class='ocrx_word' id='word_1_304' title='bbox 739 1891 802 1925; x_wconf 92' lang='lat' dir='ltr'>huius·</span> 
     </span>
     <span class='ocr_line' id='line_1_34' title="bbox 101 1943 803 1988; baseline -0.003 -8"><span class='ocrx_word' id='word_1_305' title='bbox 101 1944 152 1980; x_wconf 91' lang='lat' dir='ltr'>modi</span> <span class='ocrx_word' id='word_1_306' title='bbox 166 1943 228 1978; x_wconf 88' lang='lat' dir='ltr'>verbis</span> <span class='ocrx_word' id='word_1_307' title='bbox 242 1944 265 1977; x_wconf 91' lang='lat' dir='ltr'>de</span> <span class='ocrx_word' id='word_1_308' title='bbox 277 1943 369 1988; x_wconf 87' lang='lat' dir='ltr'>imperitia</span> <span class='ocrx_word' id='word_1_309' title='bbox 382 1943 504 1987; x_wconf 88' lang='lat' dir='ltr'>corripuisset,</span> <span class='ocrx_word' id='word_1_310' title='bbox 518 1943 579 1977; x_wconf 91' lang='lat' dir='ltr'>statim</span> <span class='ocrx_word' id='word_1_311' title='bbox 592 1943 641 1977; x_wconf 93' lang='lat' dir='ltr'>idem</span> <span class='ocrx_word' id='word_1_312' title='bbox 657 1954 690 1977; x_wconf 90' lang='lat' dir='ltr'>rex</span> <span class='ocrx_word' id='word_1_313' title='bbox 703 1943 803 1978; x_wconf 86' lang='lat' dir='ltr'>amissione</span> 
     </span>
     <span class='ocr_line' id='line_1_35' title="bbox 101 1996 804 2040; baseline -0.003 -7"><span class='ocrx_word' id='word_1_314' title='bbox 101 1999 152 2033; x_wconf 90' lang='lat' dir='ltr'>visus</span> <span class='ocrx_word' id='word_1_315' title='bbox 163 1997 260 2032; x_wconf 88' lang='lat' dir='ltr'>mulctatus</span> <span class='ocrx_word' id='word_1_316' title='bbox 272 2002 305 2031; x_wconf 89' lang='lat' dir='ltr'>est.</span> <span class='ocrx_word' id='word_1_317' title='bbox 328 1997 369 2040; x_wconf 80' lang='lat' dir='ltr'>Quo</span> <span class='ocrx_word' id='word_1_318' title='bbox 381 1996 421 2030; x_wconf 91' lang='lat' dir='ltr'>sine</span> <span class='ocrx_word' id='word_1_319' title='bbox 433 1996 520 2030; x_wconf 88' lang='lat' dir='ltr'>dilatione</span> <span class='ocrx_word' id='word_1_320' title='bbox 532 2001 641 2040; x_wconf 88' lang='lat' dir='ltr'>compuncto</span> <span class='ocrx_word' id='word_1_321' title='bbox 655 1997 678 2030; x_wconf 91' lang='lat' dir='ltr'>ob</span> <span class='ocrx_word' id='word_1_322' title='bbox 691 2001 760 2031; x_wconf 89' lang='lat' dir='ltr'>tantam</span> <span class='ocrx_word' id='word_1_323' title='bbox 775 1998 804 2031; x_wconf 87' lang='lat' dir='ltr'>in-</span> 
     </span>
     <span class='ocr_line' id='line_1_36' title="bbox 75 2049 804 2093; baseline -0.001 -8"><span class='ocrx_word' id='word_1_324' title='bbox 75 2059 93 2089; x_wconf 74' lang='lat'>35</span> <span class='ocrx_word' id='word_1_325' title='bbox 102 2051 167 2085; x_wconf 90' lang='lat' dir='ltr'>iuriam</span> <span class='ocrx_word' id='word_1_326' title='bbox 179 2055 243 2084; x_wconf 89' lang='lat' dir='ltr'>sancto</span> <span class='ocrx_word' id='word_1_327' title='bbox 254 2050 293 2084; x_wconf 89' lang='lat' dir='ltr'>viro</span> <span class='ocrx_word' id='word_1_328' title='bbox 305 2050 379 2091; x_wconf 85' lang='lat' dir='ltr'>illatam,</span> <span class='ocrx_word' id='word_1_329' title='bbox 392 2060 448 2093; x_wconf 92' lang='lat' dir='ltr'>quem</span> <span class='ocrx_word' id='word_1_330' title='bbox 463 2050 514 2093; x_wconf 91' lang='lat' dir='ltr'>prius</span> <span class='ocrx_word' id='word_1_331' title='bbox 526 2050 617 2084; x_wconf 87' lang='lat' dir='ltr'>violenter</span> <span class='ocrx_word' id='word_1_332' title='bbox 629 2049 747 2093; x_wconf 87' lang='lat' dir='ltr'>corripuerat,</span> <span class='ocrx_word' id='word_1_333' title='bbox 760 2061 804 2084; x_wconf 86' lang='lat' dir='ltr'>mox</span> 
     </span>
     <span class='ocr_line' id='line_1_37' title="bbox 103 2095 804 2149; baseline -0.001 -10"><span class='ocrx_word' id='word_1_334' title='bbox 103 2106 126 2140; x_wconf 86' lang='lat' dir='ltr'>ad</span> <span class='ocrx_word' id='word_1_335' title='bbox 133 2114 194 2149; x_wconf 85' lang='lat' dir='ltr'>genua</span> <span class='ocrx_word' id='word_1_336' title='bbox 202 2103 311 2148; x_wconf 89' lang='lat' dir='ltr'>prouolutus</span> <span class='ocrx_word' id='word_1_337' title='bbox 318 2103 402 2138; x_wconf 91' lang='lat' dir='ltr'>eiusdem</span> <span class='ocrx_word' id='word_1_338' title='bbox 409 2102 483 2137; x_wconf 88' lang='lat' dir='ltr'>veniam</span> <span class='ocrx_word' id='word_1_339' title='bbox 492 2095 527 2137; x_wconf 82' lang='lat' dir='ltr'>sihi</span> <span class='ocrx_word' id='word_1_340' title='bbox 534 2104 558 2137; x_wconf 90' lang='lat' dir='ltr'>de</span> <span class='ocrx_word' id='word_1_341' title='bbox 565 2101 614 2137; x_wconf 85' lang='lat' dir='ltr'>illata</span> <span class='ocrx_word' id='word_1_342' title='bbox 624 2102 690 2137; x_wconf 88' lang='lat' dir='ltr'>iniuria</span> <span class='ocrx_word' id='word_1_343' title='bbox 700 2103 804 2148; x_wconf 89' lang='lat' dir='ltr'>postulauit,</span> 
     </span>
     <span class='ocr_line' id='line_1_38' title="bbox 103 2157 805 2200; baseline -0.003 -8"><span class='ocrx_word' id='word_1_344' title='bbox 103 2164 121 2192; x_wconf 91' lang='lat' dir='ltr'>et</span> <span class='ocrx_word' id='word_1_345' title='bbox 131 2163 150 2192; x_wconf 93' lang='lat' dir='ltr'>vt</span> <span class='ocrx_word' id='word_1_346' title='bbox 161 2158 184 2190; x_wconf 86' lang='lat' dir='ltr'>de</span> <span class='ocrx_word' id='word_1_347' title='bbox 195 2157 223 2191; x_wconf 92' lang='lat' dir='ltr'>sui</span> <span class='ocrx_word' id='word_1_348' title='bbox 234 2157 356 2198; x_wconf 87' lang='lat' dir='ltr'>obcecatione,</span> <span class='ocrx_word' id='word_1_349' title='bbox 368 2167 424 2200; x_wconf 87' lang='lat' dir='ltr'>quam</span> <span class='ocrx_word' id='word_1_350' title='bbox 435 2157 483 2190; x_wconf 87' lang='lat' dir='ltr'>iuste</span> <span class='ocrx_word' id='word_1_351' title='bbox 495 2161 593 2198; x_wconf 89' lang='lat' dir='ltr'>meruerat,</span> <span class='ocrx_word' id='word_1_352' title='bbox 606 2157 655 2200; x_wconf 89' lang='lat' dir='ltr'>apud</span> <span class='ocrx_word' id='word_1_353' title='bbox 667 2157 805 2192; x_wconf 85' lang='lat' dir='ltr'>misericordem</span> 
     </span>
     <span class='ocr_line' id='line_1_39' title="bbox 103 2209 805 2253; baseline -0.001 -10"><span class='ocrx_word' id='word_1_354' title='bbox 103 2211 198 2244; x_wconf 89' lang='lat' dir='ltr'>dominum</span> <span class='ocrx_word' id='word_1_355' title='bbox 208 2210 282 2243; x_wconf 91' lang='lat' dir='ltr'>veniam</span> <span class='ocrx_word' id='word_1_356' title='bbox 292 2210 397 2253; x_wconf 87' lang='lat' dir='ltr'>postularet.</span> <span class='ocrx_word' id='word_1_357' title='bbox 420 2209 499 2242; x_wconf 88' lang='lat' dir='ltr'>Sanctus</span> <span class='ocrx_word' id='word_1_358' title='bbox 510 2215 572 2242; x_wconf 90' lang='lat' dir='ltr'>autem</span> <span class='ocrx_word' id='word_1_359' title='bbox 585 2209 686 2252; x_wconf 85' lang='lat' dir='ltr'>Cungarus,</span> <span class='ocrx_word' id='word_1_360' title='bbox 697 2210 759 2243; x_wconf 87' lang='lat' dir='ltr'>inuata</span> <span class='ocrx_word' id='word_1_361' title='bbox 770 2210 805 2244; x_wconf 91' lang='lat' dir='ltr'>sibi</span> 
     </span>
     <span class='ocr_line' id='line_1_40' title="bbox 103 2260 805 2308; baseline -0.001 -10"><span class='ocrx_word' id='word_1_362' title='bbox 103 2264 171 2308; x_wconf 86' lang='lat' dir='ltr'>pietate</span> <span class='ocrx_word' id='word_1_363' title='bbox 186 2261 226 2306; x_wconf 85' lang='lat' dir='ltr'>regi</span> <span class='ocrx_word' id='word_1_364' title='bbox 241 2262 348 2305; x_wconf 86' lang='lat' dir='ltr'>truculento,</span> <span class='ocrx_word' id='word_1_365' title='bbox 364 2262 397 2296; x_wconf 89' lang='lat' dir='ltr'>sed</span> <span class='ocrx_word' id='word_1_366' title='bbox 412 2261 449 2295; x_wconf 89' lang='lat' dir='ltr'>iam</span> <span class='ocrx_word' id='word_1_367' title='bbox 464 2273 499 2305; x_wconf 89' lang='lat' dir='ltr'>per</span> <span class='ocrx_word' id='word_1_368' title='bbox 513 2261 543 2296; x_wconf 92' lang='lat' dir='ltr'>dei</span> <span class='ocrx_word' id='word_1_369' title='bbox 558 2260 635 2306; x_wconf 84' lang='lat' dir='ltr'>gratiam</span> <span class='ocrx_word' id='word_1_370' title='bbox 651 2267 668 2296; x_wconf 92' lang='lat' dir='ltr'>et</span> <span class='ocrx_word' id='word_1_371' title='bbox 683 2261 805 2297; x_wconf 89' lang='lat' dir='ltr'>visitationem</span> 
     </span>
     <span class='ocr_line' id='line_1_41' title="bbox 75 2314 806 2359; baseline -0.003 -9"><span class='ocrx_word' id='word_1_372' title='bbox 75 2325 95 2355; x_wconf 83' lang='lat'>40</span> <span class='ocrx_word' id='word_1_373' title='bbox 104 2316 167 2351; x_wconf 90' lang='lat' dir='ltr'>humili</span> <span class='ocrx_word' id='word_1_374' title='bbox 180 2320 198 2350; x_wconf 88' lang='lat' dir='ltr'>et</span> <span class='ocrx_word' id='word_1_375' title='bbox 209 2320 306 2349; x_wconf 90' lang='lat' dir='ltr'>mansueto</span> <span class='ocrx_word' id='word_1_376' title='bbox 318 2316 374 2359; x_wconf 86' lang='lat' dir='ltr'>plene</span> <span class='ocrx_word' id='word_1_377' title='bbox 389 2326 502 2358; x_wconf 88' lang='lat' dir='ltr'>compassus,</span> <span class='ocrx_word' id='word_1_378' title='bbox 516 2315 593 2358; x_wconf 88' lang='lat' dir='ltr'>gratiam</span> <span class='ocrx_word' id='word_1_379' title='bbox 605 2325 660 2357; x_wconf 88' lang='lat' dir='ltr'>quam</span> <span class='ocrx_word' id='word_1_380' title='bbox 673 2314 714 2357; x_wconf 89' lang='lat' dir='ltr'>ipse</span> <span class='ocrx_word' id='word_1_381' title='bbox 726 2326 759 2348; x_wconf 89' lang='lat' dir='ltr'>rex</span> <span class='ocrx_word' id='word_1_382' title='bbox 771 2315 806 2349; x_wconf 89' lang='lat' dir='ltr'>sibi</span> 
     </span>
     <span class='ocr_line' id='line_1_42' title="bbox 103 2366 806 2412; baseline -0.004 -8"><span class='ocrx_word' id='word_1_383' title='bbox 103 2379 141 2404; x_wconf 92' lang='lat' dir='ltr'>non</span> <span class='ocrx_word' id='word_1_384' title='bbox 149 2373 241 2402; x_wconf 87' lang='lat' dir='ltr'>meruerat</span> <span class='ocrx_word' id='word_1_385' title='bbox 249 2378 259 2402; x_wconf 90' lang='lat' dir='ltr'>a</span> <span class='ocrx_word' id='word_1_386' title='bbox 267 2368 302 2402; x_wconf 92' lang='lat' dir='ltr'>deo</span> <span class='ocrx_word' id='word_1_387' title='bbox 312 2367 415 2411; x_wconf 89' lang='lat' dir='ltr'>postulauit,</span> <span class='ocrx_word' id='word_1_388' title='bbox 426 2372 444 2401; x_wconf 89' lang='lat' dir='ltr'>et</span> <span class='ocrx_word' id='word_1_389' title='bbox 455 2367 518 2401; x_wconf 93' lang='lat' dir='ltr'>oculos</span> <span class='ocrx_word' id='word_1_390' title='bbox 528 2367 577 2412; x_wconf 85' lang='lat' dir='ltr'>regis</span> <span class='ocrx_word' id='word_1_391' title='bbox 588 2366 666 2410; x_wconf 91' lang='lat' dir='ltr'>pristine</span> <span class='ocrx_word' id='word_1_392' title='bbox 677 2366 713 2400; x_wconf 91' lang='lat' dir='ltr'>luci</span> <span class='ocrx_word' id='word_1_393' title='bbox 722 2367 806 2410; x_wconf 85' lang='lat' dir='ltr'>restituit,</span> 
     </span>
     <span class='ocr_line' id='line_1_43' title="bbox 104 2421 806 2466; baseline -0.001 -10"><span class='ocrx_word' id='word_1_394' title='bbox 104 2423 129 2457; x_wconf 88' lang='lat' dir='ltr'>ita</span> <span class='ocrx_word' id='word_1_395' title='bbox 143 2428 162 2457; x_wconf 93' lang='lat' dir='ltr'>vt</span> <span class='ocrx_word' id='word_1_396' title='bbox 177 2422 233 2455; x_wconf 91' lang='lat' dir='ltr'>multo</span> <span class='ocrx_word' id='word_1_397' title='bbox 252 2421 346 2466; x_wconf 87' lang='lat' dir='ltr'>limpidius</span> <span class='ocrx_word' id='word_1_398' title='bbox 364 2421 401 2454; x_wconf 87' lang='lat' dir='ltr'>iam</span> <span class='ocrx_word' id='word_1_399' title='bbox 419 2421 532 2455; x_wconf 90' lang='lat' dir='ltr'>illuminatus</span> <span class='ocrx_word' id='word_1_400' title='bbox 549 2421 692 2463; x_wconf 88' lang='lat' dir='ltr'>videret-quam</span> <span class='ocrx_word' id='word_1_401' title='bbox 708 2426 806 2465; x_wconf 86' lang='lat' dir='ltr'>antequam</span> 
     </span>
     <span class='ocr_line' id='line_1_44' title="bbox 105 2472 807 2518; baseline -0.001 -10"><span class='ocrx_word' id='word_1_402' title='bbox 105 2481 177 2509; x_wconf 87' lang='lat' dir='ltr'>cecatus</span> <span class='ocrx_word' id='word_1_403' title='bbox 184 2480 239 2507; x_wconf 85' lang='lat' dir='ltr'>esset.</span> <span class='ocrx_word' id='word_1_404' title='bbox 262 2475 304 2508; x_wconf 88' lang='lat' dir='ltr'>Rex</span> <span class='ocrx_word' id='word_1_405' title='bbox 315 2480 376 2508; x_wconf 91' lang='lat' dir='ltr'>autem</span> <span class='ocrx_word' id='word_1_406' title='bbox 387 2474 492 2516; x_wconf 88' lang='lat' dir='ltr'>Poulentus‚</span> <span class='ocrx_word' id='word_1_407' title='bbox 501 2474 541 2507; x_wconf 87' lang='lat' dir='ltr'>viso</span> <span class='ocrx_word' id='word_1_408' title='bbox 551 2478 601 2507; x_wconf 88' lang='lat' dir='ltr'>tauto</span> <span class='ocrx_word' id='word_1_409' title='bbox 612 2472 700 2505; x_wconf 87' lang='lat' dir='ltr'>miraculo</span> <span class='ocrx_word' id='word_1_410' title='bbox 711 2472 730 2505; x_wconf 92' lang='lat' dir='ltr'>in</span> <span class='ocrx_word' id='word_1_411' title='bbox 741 2484 762 2507; x_wconf 88' lang='lat' dir='ltr'>se</span> <span class='ocrx_word' id='word_1_412' title='bbox 772 2484 807 2518; x_wconf 87' lang='lat' dir='ltr'>per</span> 
     </span>
     <span class='ocr_line' id='line_1_45' title="bbox 105 2524 805 2572; baseline -0.004 -7"><span class='ocrx_word' id='word_1_413' title='bbox 105 2526 135 2565; x_wconf 89' lang='lat' dir='ltr'>dei</span> <span class='ocrx_word' id='word_1_414' title='bbox 143 2527 218 2572; x_wconf 84' lang='lat' dir='ltr'>gratiam</span> <span class='ocrx_word' id='word_1_415' title='bbox 227 2532 338 2572; x_wconf 86' lang='lat' dir='ltr'>perpetrato,</span> <span class='ocrx_word' id='word_1_416' title='bbox 349 2526 399 2562; x_wconf 91' lang='lat' dir='ltr'>dedit</span> <span class='ocrx_word' id='word_1_417' title='bbox 408 2528 461 2562; x_wconf 91' lang='lat' dir='ltr'>beato</span> <span class='ocrx_word' id='word_1_418' title='bbox 472 2526 557 2571; x_wconf 83' lang='lat' dir='ltr'>Cungaro</span> <span class='ocrx_word' id='word_1_419' title='bbox 567 2530 625 2561; x_wconf 91' lang='lat' dir='ltr'>totum</span> <span class='ocrx_word' id='word_1_420' title='bbox 636 2524 747 2561; x_wconf 89' lang='lat' dir='ltr'>territorium</span> <span class='ocrx_word' id='word_1_421' title='bbox 758 2527 805 2562; x_wconf 88' lang='lat' dir='ltr'>circa</span> 
     </span>
    </p>
   </div>
   <div class='ocr_carea' id='block_1_3' title="bbox 405 2596 516 2634">
    <p class='ocr_par' dir='ltr' id='par_1_3' title="bbox 405 2596 516 2634">
     <span class='ocr_line' id='line_1_46' title="bbox 405 2596 516 2634; baseline 0 -8"><span class='ocrx_word' id='word_1_422' title='bbox 405 2596 410 2614; x_wconf 94' lang='lat'>¹</span> <span class='ocrx_word' id='word_1_423' title='bbox 421 2596 439 2626; x_wconf 80' lang='lat' dir='ltr'>E.</span> <span class='ocrx_word' id='word_1_424' title='bbox 447 2596 516 2634; x_wconf 79' lang='lat' dir='ltr'>eligerat.</span> 
     </span>
    </p>
   </div>
   <div class='ocr_carea' id='block_1_4' title="bbox 0 0 901 2803">
    <p class='ocr_par' dir='ltr' id='par_1_4' title="bbox 0 0 901 2803">
     <span class='ocr_line' id='line_1_47' title="bbox 0 0 901 2803; baseline 0 0"><span class='ocrx_word' id='word_1_425' title='bbox 0 0 901 2803; x_wconf 95' lang='lat' dir='ltr'> </span> 
     </span>
    </p>
   </div>
  </div>
 </body>
</html>
