1762 2803
215 141 262 197 wo
276 139 377 194 aanor
392 140 535 194 Ltotmtto.
574 156 576 160 ·
676 155 718 200 145

18 261 68 296 diem
80 262 185 296 conuertit·
203 261 257 297 illum
271 272 316 297 vero
332 261 422 307 maligne¹
439 262 498 307 plebis
513 262 574 297 vicum
587 261 618 307 qui
633 261 721 297 nuncium

18 314 82 348 salutis
95 315 231 356 exterminauit,
243 315 310 349 iactum
322 316 346 349 de
360 316 433 360 supen's
446 315 515 350 fulmen
527 325 568 350 curn
581 314 668 350 omnibus
682 314 722 350 suis

18 367 79 401 subito
88 367 213 413 conflagrant,
224 373 242 404 et
252 367 271 403 in
282 374 391 414 perpetuam
400 369 517 404 solitudinem
526 374 584 404 totum
592 369 652 404 locum
659 370 721 412 ipsum

18 426 38 455 vt
47 421 147 456 Sodomam
154 422 281 466 pessundedit.
334 414 445 457 Predicante
455 423 494 455 viro
506 421 536 454 dei
545 421 613 464 ubique
621 421 640 454 in
648 420 723 454 Scotia¹

18 474 95 506 verbum
108 474 143 513 dei,
155 479 173 507 et
184 474 233 507 sama
244 473 284 507 eius
295 473 331 507 late
342 473 413 513 diffusa,
425 478 500 507 sanctus
511 473 619 507 Terenanus
631 471 740 515 Hibemies

19 524 170 570 archiepiscopus
182 526 205 560 ad
218 535 261 560 eum
273 524 329 566 venit,
340 526 369 560 vir
380 530 431 560 tante
444 526 545 561 sanctitatis
558 532 578 561 vt
590 531 629 560 tres
640 531 723 561 mortuos

19 577 119 614 suscitasse
132 578 227 613 dicebatur
233 577 245 614 ³.
268 578 304 621 Qui
316 579 393 614 audiens
405 580 479 614 beatum
495 579 614 613 Laurentium
629 580 653 613 de
667 589 723 623 pasce

21 631 150 666 obseruatione
164 631 241 676 aliisque
254 631 360 676 apostolicis
374 631 517 666 institutionibus
532 632 662 676 disputantem,
673 631 724 666 dedit

21 692 88 717 manus
100 684 178 726 veritati,
191 691 210 719 et
222 695 274 719 suam
289 690 364 729 gentem
378 685 397 719 in
412 689 507 728 posterum
520 684 613 728 corrigere
624 686 724 728 satagebat.

22 729 131 779 Regressus
138 738 214 772 tandem
222 742 297 771 sanctus
307 737 337 771 dei
349 736 419 771 inuenit
430 737 524 772 cuiusdam
537 736 615 781 hospitis
626 736 654 772 sui
665 736 722 771 filium
734 749 753 770 ro

21 788 133 829 defunctum,
144 794 253 834 patremque
264 795 283 824 et
294 795 372 824 matrem
384 791 477 824 luctuosos
488 789 547 831 valde,
559 788 590 833 qui
601 800 647 824 voce
657 800 725 834 magna

22 840 134 875 clamantes⁴
141 841 238 877 dixerunt:
250 843 278 877 ‘0
287 847 351 878 sancte
361 842 455 885 Laurenti,
465 841 554 878 resuscita
565 842 623 877 filium
635 849 725 885 nostrum,

22 899 42 929 vt
50 894 123 929 fidelius
130 897 227 935 ‚credamus
234 896 254 930 in
262 895 314 931 iilum
321 906 377 941 quern
384 896 469 940 predicas
477 895 553 931 ihesum
561 895 666 931 Christum!
689 897 725 939 Qui

22 947 70 982 iacta
84 948 171 991 oratione,
189 950 264 993 ‘surge’
277 951 335 993 puero
348 949 404 984 dixit:
422 949 520 995 statimque
534 948 565 984 ille
582 949 666 985 surrexit.
689 949 725 993 Qui

22 1000 125 1036 testabatur
138 1001 205 1036 obnixe
221 1013 242 1037 se
257 1013 268 1036 a
282 1002 383 1037 teterrimis
398 1002 493 1046 spiritibus
511 1002 535 1036 ad
553 1002 639 1036 flammea
658 1008 727 1036 tartara
736 1013 754 1044 ¹5

23 1059 106 1096 raptum;
117 1055 151 1087 sed
157 1060 222 1087 orante
227 1053 510 1089 sancto³Laurentioalucitluis
516 1053 587 1098 angelis
593 1054 623 1089 dei
629 1054 653 1089 ad
659 1065 726 1098 corpus

24 1106 125 1140 reductum.
147 1106 188 1148 Quo
204 1118 246 1140 curn
261 1113 314 1152 patre
329 1113 347 1143 et
362 1112 421 1142 matre
435 1113 453 1141 et
466 1111 503 1141 tota
515 1107 570 1142 domo
583 1112 603 1142 et
617 1106 727 1152 cognatione

24 1157 132 1202 baptizant,
147 1160 176 1193 vir
190 1165 265 1194 sanctus
280 1160 374 1204 regionem
387 1164 493 1204 penetrans,
509 1159 562 1204 signa
579 1165 598 1195 et
618 1160 728 1195 documenta

25 1211 111 1247 salutaria
118 1212 186 1257 ubique
193 1212 279 1256 ostendit,
287 1218 305 1248 et
313 1213 364 1248 iuxta
374 1214 467 1258 quandam
477 1213 542 1249 vrbem
553 1212 571 1249 in
579 1213 624 1249 locis
632 1214 727 1249 arentibus

26 1265 95 1300 sontem
110 1276 158 1310 aque
172 1267 264 1310 produxit,
276 1267 307 1311 qui
319 1268 408 1302 hactenns
422 1266 546 1301 indeficientil
558 1267 640 1301 ubertate
651 1278 727 1301 manare
736 1279 756 1302 ao

25 1329 63 1352 non
71 1319 144 1353 desinit.
178 1312 203 1353 In
210 1319 253 1354 villa
261 1320 340 1364 quadam
348 1319 423 1354 nomine
432 1319 518 1353 Forduna
525 1319 622 1353 ecclesiam
630 1320 649 1353 in
657 1320 728 1354 honore

25 1370 85 1414 ipsius
98 1377 140 1416 post
154 1371 194 1405 eius
205 1372 275 1406 obitum
286 1371 346 1407 incole
358 1371 485 1413 condiderunt,
496 1383 532 1416 que
545 1377 596 1406 tanto
608 1372 728 1406 sanctimonie

27 1424 93 1458 candet
103 1424 210 1468 priuilegio*
221 1429 240 1459 vt
251 1424 301 1458 nulla
312 1435 393 1468 vnquam
404 1424 513 1458 feminarum
525 1425 572 1459 hanc
585 1425 653 1459 intrare
664 1425 730 1469 possit.

28 1470 73 1511 Deo
84 1482 145 1510 autem
157 1476 240 1511 amabilis
252 1477 316 1522 regina
328 1477 389 1512 Scotie
400 1482 464 1512 sancta
477 1477 586 1521 Margareta,
599 1476 630 1522 pia
641 1477 730 1523 reiigione

28 1540 70 1565 cum
78 1530 136 1564 cereis
144 1530 221 1575 aliisque
229 1530 287 1565 sacris
294 1530 415 1565 oblationibus
423 1530 472 1575 cepit
482 1530 530 1564 hanc
541 1530 589 1565 velle
599 1530 672 1565 intrare.
695 1531 731 1565 Cui
738 1543 758 1574 25

28 1583 51 1617 ad
59 1588 131 1626 portam
139 1582 180 1617 atrii
187 1588 305 1618 occurrentes
313 1583 394 1617 canonici
400 1584 490 1617 instanter
496 1588 549 1617 orant
555 1594 579 1618 ne
585 1583 731 1629 transgrediatur

27 1635 88 1680 legem
106 1636 217 1671 sacrosancti
233 1635 316 1679 instituti,
332 1642 351 1670 et
368 1636 459 1671 offensam
476 1636 558 1670 incurrat
575 1636 601 1670 ibi
619 1635 731 1680 presidentis

28 1688 106 1732 patroni.
128 1688 195 1722 Atilia
206 1690 322 1733 respondens
334 1699 355 1722 se
366 1688 427 1732 potius
439 1699 512 1723 sacrum
523 1689 583 1722 locum
597 1688 701 1723 honorare⁰
713 1693 732 1723 et

30 1742 111 1775 exaltare
122 1741 175 1783 velle,
186 1746 239 1784 urget
250 1741 369 1786 propositum.
391 1740 428 1775 Vix
439 1741 505 1775 atrium
517 1741 606 1786 attigerat,
617 1751 659 1776 cum
670 1740 732 1776 subito

30 1793 76 1828 diris
90 1793 145 1829 totius
156 1794 239 1839 corporis
254 1794 346 1829 stimulata
357 1794 466 1829 cruciatibus
480 1795 584 1830 exclamare
596 1794 657 1840 cepit:
675 1795 732 1836 ‘Cito,
740 1809 760 1839 3⁰

31 1848 94 1893 inquit,
100 1860 130 1884 me
136 1848 178 1883 hinc
183 1849 197 1869 ¹⁰
203 1849 281 1884 auferte:
292 1860 336 1883 ecce
344 1848 379 1883 iam
385 1848 464 1883 morior!
482 1848 582 1883 Orantibus
587 1858 622 1892 pro
628 1860 650 1883 ea
655 1848 732 1888 clericis,

29 1903 94 1946 regina
108 1903 168 1937 salute
182 1908 256 1947 recepta
271 1902 366 1937 ecclesiam
383 1901 464 1945 [illam]¹¹
476 1911 530 1935 cruce
544 1905 630 1944 argentea
642 1906 660 1934 et
676 1901 733 1935 calice

31 1956 120 2000 precipuo
128 1955 205 2000 aliisque
213 1955 267 1990 donis
275 1960 357 1996 exornat,
365 1959 383 1988 et
391 1959 473 1988 sanctum
482 1952 602 1987 Laurentium
610 1952 647 1997 iugi
655 1964 733 1987 venera-

31 2008 81 2042 tione
89 2008 167 2049 inuocat‚
176 2018 232 2053 quem
239 2007 289 2043 adire
297 2017 374 2050 corpore
382 2006 473 2051 nequibat.
527 1998 586 2040 Anno
594 2011 655 2040 autem
663 2005 733 2040 domini

32 2060 169 2096 sexcentesimo
178 2061 250 2096 decimo
261 2071 310 2095 nono
317 2065 392 2095 sanctus
399 2058 509 2093 Laurentius
516 2058 570 2093 tertio
580 2069 638 2093 nonas
646 2059 734 2094 februarii
743 2072 762 2104 35

32 2115 139 2158 relinquens
153 2114 187 2148 hoc
203 2113 290 2156 seculum,
305 2113 356 2148 iuxta
370 2117 454 2146 sanctum
466 2110 590 2156 Augustinum
604 2112 688 2155 sepultus
700 2118 735 2147 est.

35 2159 118 2201 Aduena
127 2166 225 2201 saxonicus
235 2166 302 2201 innatis
310 2171 361 2210 tergo
369 2165 465 2206 calcaneis,
472 2169 515 2208 post
522 2164 621 2199 innumera
628 2170 735 2199 sanctorum

32 2219 105 2263 quesita
118 2218 220 2263 patrocinia
234 2220 285 2254 venit
302 2219 321 2253 in
337 2217 430 2261 Angiiam,
445 2222 463 2252 et
481 2217 531 2260 apud
548 2216 734 2252 westmonasterium

35 2272 118 2306 diuinum
131 2272 202 2317 accepit
215 2272 314 2314 oraculum,
327 2270 404 2306 salutem
416 2269 451 2304 sibi
462 2269 576 2313 querendam
590 2270 639 2314 apud
651 2277 735 2305 sanctum

34 2325 158 2369 Augustinum
165 2324 269 2369 Anglorum
276 2324 384 2369 apostolum.
406 2322 448 2366 Quo
457 2333 498 2357 cum
507 2329 550 2368 post
561 2322 642 2358 triduum
649 2323 736 2359 orationi·
744 2338 765 2369 40

53 2404 185 2443 ¹E.rnalignum.
226 2404 260 2435 ’Β
268 2405 338 2434 scotiam.
378 2403 539 2441 ’Vibperhibeatun
583 2403 737 2435 ⁴T.exclamantoa.

35 2443 42 2461 ³
50 2444 69 2474 E.
74 2449 134 2474 sancta
179 2443 185 2461 ⁶
194 2443 226 2474 Vit.
234 2445 283 2474 adds:
294 2453 322 2474 as.
330 2443 420 2477 Laurentio,
427 2452 436 2471 a
443 2451 475 2478 quo
482 2451 540 2470 nornen
548 2442 638 2479 impositum
644 2443 693 2471 traxit
700 2442 738 2471 Gilli

35 2482 135 2519 Laurentius,
141 2484 185 2520 quod
192 2483 293 2520 interpretari
303 2486 356 2520 potest
365 2481 422 2511 liliolus
433 2480 519 2511 Laurentii.
540 2480 583 2510 Huic
590 2481 637 2511 etiam
644 2487 690 2511 natus
697 2481 738 2511 filius

35 2521 81 2551 Cheli
92 2522 176 2557 dicebatur,
184 2532 194 2551 a
205 2531 236 2559 quo
247 2526 303 2560 postea
315 2522 386 2552 eiusdem
396 2521 410 2552 b.
422 2520 472 2559 patris
482 2520 564 2550 Laurentii
573 2521 605 2551 vita
612 2521 691 2559 descripta
697 2523 738 2550 affir-

34 2566 89 2618 piatur.
141 2561 270 2592 'Lindefienti
319 2561 451 2599 'Rprcuilegio
498 2560 606 2590 'Rhonore
652 2560 738 2591 l“Khuici

55 2611 85 2631 om.
93 2601 109 2630 in
117 2601 135 2630 E.

57 2657 98 2682 voc.
106 2658 124 2683 n.
294 2639 298 2646 ⁸
383 2657 394 2682 t
