1762 2803
96 142 98 148 ·
120 126 165 176 664
382 120 506 180 dispendii)
523 121 554 166 ll.

287 259 301 295 ti
314 260 344 292 Du
356 265 438 298 ououurr
449 265 565 292 BLASPHEMO
577 266 655 291 rourro.

157 332 189 366 Ex
194 332 269 374 quodam
277 335 325 365 tetra
333 332 435 365 dominicali
441 332 466 365 ad
472 342 555 376 magnum
563 333 620 365 altare
626 333 683 366 sancti
690 332 786 366 Edmundi.

122 408 126 421 ¹
136 405 229 480 Dilecto
236 410 310 446 cognato
318 416 349 438 suo
355 404 424 438 domino
430 405 506 439 Ricardo
512 406 534 438 de
541 405 603 447 Insula,
609 404 661 448 priori
669 404 724 438 sancti
730 403 824 445 Edmundi,

196 465 236 488 suus
251 454 336 489 Ricardus
351 456 373 488 de
388 455 471 496 Argentin
486 456 558 489 salutem
574 466 625 498 quam
641 454 679 488 sibi.
702 455 764 488 Sciatis
778 456 824 497 quod

122 505 201 538 dominus
216 511 273 537 noster
287 511 356 538 sanctus
372 506 475 539 Edmundus
489 512 528 548 post
543 506 643 547 capcionem
658 504 731 538 ciuitatis
745 505 826 537 Damiete

122 555 187 597 primus
196 554 213 586 in
224 566 245 587 ea
252 554 283 587 fuit
294 556 377 588 feodatus.
401 556 447 588 Nam
458 562 497 598 post
508 565 594 589 recessum
604 554 671 588 comitis
680 555 746 588 Cestrie
755 554 826 588 fundaui

106 614 114 645 5
123 604 147 639 ibi
157 603 247 638 ecclesiam
258 605 302 639 bene
313 612 396 646 ornatam,
404 611 421 639 et
432 605 449 638 in
460 616 485 645 ea,
493 606 516 639 ad
526 605 593 638 titulum
604 604 659 638 sancti
667 606 755 638 Edmundi
763 606 826 639 consti·

123 654 175 695 tuta¹‚
183 661 218 688 tres
229 656 328 698 capellanos
339 667 378 689 cum
389 656 455 689 clericis
467 656 501 689 suis
512 667 543 698 pro
555 655 627 688 seruicio
637 655 702 688 domini
713 656 767 688 nostri
776 656 827 689 llresu

124 705 187 737 Christi
198 711 216 738 et
227 706 282 738 sancti
293 706 381 738 Edmundi
392 705 476 746 stabiliui3
488 711 506 737 et
515 705 529 737 si
540 711 608 737 sanctus
620 705 722 738 Edmundus
732 704 827 738 aduncatus

124 765 172 789 meus
179 754 232 788 michi
240 761 306 789 tantum
313 756 363 790 vellet
371 762 453 800 quantum
461 755 510 789 uobis
517 755 612 798 suffragari,
621 754 638 789 in
646 755 694 789 breui
701 755 761 789 melius
768 755 800 789 erit
810 755 827 789 in

124 816 178 849 regno
189 806 279 840 Babilonie
290 807 362 840 seruicio
372 806 494 840 famulancium
504 806 602 848 honoratus,
610 817 662 849 quam
673 806 695 839 sit
707 806 724 839 in
736 807 828 850 anglicana

99 868 116 889 10
125 857 194 899 regione
210 857 233 889 ab
249 856 327 898 Anglicis
342 856 475 890 obministratus.
497 857 533 889 Vos
549 862 606 889 autern
623 867 654 899 pro
669 862 716 890 certo
730 856 774 890 scire
789 858 828 890 volo

125 907 226 941 miraculum
239 908 285 949 quod
298 913 337 949 post
349 907 479 940 fundamentum
492 907 562 939 ecclesie
576 908 652 948 predicte
665 913 682 940 et
694 907 829 940 celebracionem

126 957 222 989 diuinorum
237 956 254 989 in
269 967 290 989 ea
305 955 410 998 primitiuam
425 956 495 997 contigit
513 956 581 989 notorie
597 962 614 988 et
632 956 700 999 publice
715 957 829 990 manifestum.

127 1006 201 1048 Quidam
212 1005 288 1039 seruiens
298 1006 399 1039 flandrensis
407 1005 429 1039 de
437 1006 518 1039 Flandria
528 1012 579 1047 ortus,
587 1007 665 1039 baiulans
675 1007 741 1040 clauem
750 1006 768 1039 in
777 1017 830 1040 manu

126 1068 157 1090 sua
168 1056 257 1089 ecclesiam
268 1056 381 1089 subintrando
392 1056 491 1099 ymaginem
502 1057 557 1090 sancti
568 1057 662 1098 Edmundi,
673 1068 693 1090 ex
704 1067 749 1091 nouo
760 1059 783 1091 ad
795 1057 829 1090 dis-

100 1118 118 1145 15
126 1106 231 1149 posicionem
241 1118 298 1139 meam
308 1107 392 1149 sculptam
400 1113 417 1140 et
425 1107 517 1149 depictam,
525 1107 611 1149 prospexit
621 1113 638 1140 et
645 1108 698 1140 verba
706 1107 830 1141 contumeliosa

127 1157 184 1190 eidem
197 1156 271 1199 protulit,
285 1156 365 1199 quoniam
378 1157 462 1200 quosdam
474 1157 496 1190 de
508 1163 560 1198 gente
573 1168 609 1198 sua,
621 1163 639 1189 vt
652 1158 700 1196 dixit,
713 1163 782 1190 sanctus
794 1158 831 1189 Ed-

127 1206 201 1239 mundus
212 1206 305 1248 aliquando
319 1206 414 1248 interfecit;
430 1212 448 1240 et
462 1206 487 1239 sic
498 1217 557 1240 versus
570 1212 648 1239 sanctum
660 1206 715 1249 litigio
727 1206 802 1240 maximo
814 1213 831 1241 et

127 1256 217 1289 manifesto
225 1256 341 1288 murmurauit.
364 1257 398 1298 Qui
405 1263 444 1299 post
451 1257 542 1299 obprobria
550 1262 609 1290 sancto
616 1257 710 1290 Edmundo
718 1256 765 1291 illata
772 1257 831 1291 volens

128 1308 150 1340 de
158 1306 235 1348 ecclesia,
243 1317 311 1350 semper
318 1307 395 1348 rixando,
403 1307 458 1340 exire:
470 1307 533 1340 accidit
541 1306 642 1339 miraculose
650 1307 696 1349 quod
704 1307 769 1349 lignum
777 1309 832 1350 quod·

102 1369 120 1390 20
129 1359 169 1391 dam
182 1366 233 1400 supra
244 1356 306 1391 ostium
320 1357 342 1391 ab
352 1357 423 1400 antiquo
435 1358 560 1391 Saracenorum
571 1363 649 1399 tempore
660 1359 775 1397 constitutum,
787 1359 832 1391 dicte

129 1407 199 1440 ecclesie
208 1408 229 1439 de
237 1408 271 1439 alto
280 1417 364 1448 corruens,
371 1418 423 1448 graue
430 1408 491 1439 vulnus
498 1408 548 1439 ruina
556 1417 586 1439 sua
594 1407 611 1439 in
620 1407 675 1448 capud
683 1407 735 1449 ipsius
743 1407 832 1440 sentientis

129 1457 194 1489 inflixit.
210 1456 244 1498 Qui
251 1462 287 1489 tum
295 1466 326 1498 pro
334 1457 398 1489 lesione
405 1457 484 1496 maxima,
491 1462 527 1489 turn
533 1467 564 1499 pro
572 1456 660 1498 sanguinis
668 1457 737 1490 assidua
745 1457 832 1499 effusione,

129 1508 224 1541 nullatenus
236 1507 272 1540 sine
284 1506 355 1540 aliorum
366 1506 429 1540 auxilio
440 1506 495 1549 potuit
507 1506 529 1539 de
539 1507 611 1539 ecclesia
621 1506 684 1540 exitum
694 1508 758 1541 habere
768 1518 800 1541 nec
810 1509 833 1541 ad

129 1556 225 1600 hospicium
233 1556 320 1599 proprium
328 1557 399 1590 reuerti.¹
422 1558 509 1600 Scriptum
516 1567 562 1590 anuo
571 1557 635 1590 domini
646 1566 692 1591 1220.

151 1673 181 1704 Du
192 1679 291 1704 cuuourco
304 1673 436 1704 Hauorouom
447 1678 484 1703 reu
496 1672 719 1704 siluerunt-Eorrmtoou
730 1679 742 1703 n
754 1679 816 1704 rauna

380 1727 488 1759 QUARTANA
499 1728 582 1755 corruo.

105 1809 122 1840 ²5
171 1798 187 1829 D
200 1795 304 1828 declaranda
315 1795 362 1829 beati
371 1794 459 1828 Edmundi
470 1794 555 1836 preconia,
565 1794 637 1835 contigit
648 1794 735 1827 dominum
747 1796 835 1828 dominum

192 1845 287 1878 Rohertum
303 1844 325 1877 de
341 1845 427 1886 Haseleia,
443 1844 544 1878 canonicum
562 1844 670 1886 Herdfordie,
685 1845 732 1877 febre
752 1851 835 1887 quartana

132 1896 194 1929 uexari.
218 1895 251 1938 Qui
262 1896 320 1929 statim
332 1901 391 1928 sancto
402 1906 420 1928 se
431 1895 478 1928 vouit
488 1895 582 1927 Edmundo
593 1895 713 1936 profecturum,
723 1905 794 1937 sperans
806 1905 836 1937 per

132 1944 239 1979 sanctissima
247 1945 283 1977 eius
290 1945 351 1978 merita
358 1945 380 1977 ab
389 1944 486 1977 infirmitate
493 1955 512 1977 se
519 1954 569 1986 posse
576 1944 646 1986 sanari..
661 1944 689 1977 Ob
698 1944 777 1978 deuotam
785 1944 836 1986 igitur

132 2006 184 2038 quam
193 2005 235 2036 erga
245 2000 323 2028 sanctum
333 1994 393 2028 habuit
401 1995 511 2035 voluntatem,
520 1994 571 2027 citam
582 1994 657 2037 recipere
667 1994 728 2027 meruit
739 1994 835 2028 sanitatem.

105 2056 124 2086 30
133 2048 189 2081 Sanus
200 2050 257 2079 autem
268 2045 344 2088 effectus,
355 2057 414 2079 versus
427 2051 505 2078 sanctum
518 2044 629 2078 Edmundum
643 2045 760 2087 proficiscitur,
772 2047 794 2079 de
805 2057 836 2079 sua

132 2097 199 2139 gracias
213 2096 310 2129 redditurus
324 2096 443 2139 prosperitate,
466 2097 497 2130 Set
511 2095 540 2128 uix
553 2100 592 2128 octo
607 2095 665 2128 leucas
680 2095 739 2128 indie
754 2097 836 2138 perficere

133 2147 193 2191 potuit,
205 2153 274 2189 propter
285 2146 392 2181 debilitatem
403 2152 509 2180 contractam
520 2146 543 2179 ab
554 2145 657 2179 infirmitate.
679 2147 744 2179 Verum
756 2157 796 2180 mox
807 2157 837 2189 per

133 2198 213 2230 virtutem
223 2198 250 2229 dei
260 2203 278 2230 et
289 2197 343 2229 sancti
351 2197 440 2229 Edmundi
450 2197 530 2229 meritum
540 2196 564 2229 ita
574 2196 592 2228 in
602 2196 662 2228 itinere
672 2201 698 2228 est
707 2196 805 2229 melioratus
813 2201 836 2234 vt,

134 2247 163 2288 qui
174 2246 220 2288 prius
230 2252 268 2278 octo
276 2247 294 2278 in
303 2246 331 2279 die
341 2248 400 2289 leugas
411 2247 435 2280 ire
445 2256 480 2279 non
490 2250 553 2289 posset,
561 2244 622 2288 viginti
632 2250 692 2287 postea
702 2250 793 2288 perageret
802 2255 837 2278 non

108 2303 219 2340 ssgrauatus.

379 2359 409 2390 Du
421 2366 532 2391 carentano
543 2365 593 2390 Erus.

171 2431 265 2474 Apellanus
278 2430 363 2474 siquidem
375 2431 447 2472 predicti
458 2431 537 2463 canonici
549 2431 627 2471 Rogerus
639 2430 710 2462 nornine
721 2430 743 2462 ad
755 2431 838 2469 Aueston,

193 2481 229 2525 pari
237 2480 332 2514 deuocione
340 2481 393 2514 multo
401 2486 478 2523 ternpore
485 2481 543 2523 elapso
551 2486 610 2513 sancto
617 2480 710 2514 Edmundo
717 2490 735 2514 se
740 2482 838 2519 deuouerat,

406 2586 411 2602 ¹
422 2584 456 2617 MS.
464 2584 567 2616 constitutam.
