<?xml version="1.0" encoding="UTF-8"?>
<!DOCTYPE html PUBLIC "-//W3C//DTD XHTML 1.0 Transitional//EN"
    "http://www.w3.org/TR/xhtml1/DTD/xhtml1-transitional.dtd">
<html xmlns="http://www.w3.org/1999/xhtml" xml:lang="en" lang="en">
 <head>
  <title>
</title>
<meta http-equiv="Content-Type" content="text/html;charset=utf-8" />
  <meta name='ocr-system' content='tesseract 3.04.00' />
  <meta name='ocr-capabilities' content='ocr_page ocr_carea ocr_par ocr_line ocrx_word'/>
</head>
<body>
  <div class='ocr_page' id='page_1' title='image "./MN5111ucmf_0/MN5111ucmf_0_1317.png"; bbox 0 0 1762 2803; ppageno 0'>
   <div class='ocr_carea' id='block_1_1' title="bbox 70 132 770 199">
    <p class='ocr_par' dir='ltr' id='par_1_1' title="bbox 70 132 770 199">
     <span class='ocr_line' id='line_1_1' title="bbox 70 132 770 199; baseline 0.026 -22"><span class='ocrx_word' id='word_1_1' title='bbox 70 140 228 183; x_wconf 58' lang='lat' dir='ltr'>namnam]</span> <span class='ocrx_word' id='word_1_2' title='bbox 291 132 355 199; x_wconf 75' lang='lat' dir='ltr'>illitu</span> <span class='ocrx_word' id='word_1_3' title='bbox 369 133 405 188; x_wconf 58' lang='lat' dir='ltr'>O.</span> <span class='ocrx_word' id='word_1_4' title='bbox 417 133 539 194; x_wconf 69' lang='lat' dir='ltr'>oraton.</span> <span class='ocrx_word' id='word_1_5' title='bbox 728 147 770 194; x_wconf 88' lang='lat'>701</span> 
     </span>
    </p>
   </div>
   <div class='ocr_carea' id='block_1_2' title="bbox 69 251 799 1153">
    <p class='ocr_par' dir='ltr' id='par_1_2' title="bbox 69 251 771 350">
     <span class='ocr_line' id='line_1_2' title="bbox 69 251 771 293; baseline 0.009 -9"><span class='ocrx_word' id='word_1_6' title='bbox 69 251 161 293; x_wconf 83' lang='lat' dir='ltr'>karissimi,</span> <span class='ocrx_word' id='word_1_7' title='bbox 171 253 276 289; x_wconf 88' lang='lat' dir='ltr'>uanitatibus</span> <span class='ocrx_word' id='word_1_8' title='bbox 287 254 337 289; x_wconf 90' lang='lat' dir='ltr'>huius</span> <span class='ocrx_word' id='word_1_9' title='bbox 348 256 399 290; x_wconf 88' lang='lat' dir='ltr'>seculi</span> <span class='ocrx_word' id='word_1_10' title='bbox 410 256 494 291; x_wconf 82' lang='lat' dir='ltr'>militaui:</span> <span class='ocrx_word' id='word_1_11' title='bbox 507 256 572 291; x_wconf 88' lang='lat' dir='ltr'>amodo</span> <span class='ocrx_word' id='word_1_12' title='bbox 583 256 664 291; x_wconf 88' lang='lat' dir='ltr'>saluatori</span> <span class='ocrx_word' id='word_1_13' title='bbox 676 266 716 290; x_wconf 88' lang='lat' dir='ltr'>meo</span> <span class='ocrx_word' id='word_1_14' title='bbox 726 257 771 290; x_wconf 91' lang='lat' dir='ltr'>mili-</span> 
     </span>
     <span class='ocr_line' id='line_1_3' title="bbox 69 302 771 350; baseline 0.006 -14"><span class='ocrx_word' id='word_1_15' title='bbox 69 307 106 336; x_wconf 90' lang='lat' dir='ltr'>tare</span> <span class='ocrx_word' id='word_1_16' title='bbox 114 302 187 338; x_wconf 91' lang='lat' dir='ltr'>decreui.</span> <span class='ocrx_word' id='word_1_17' title='bbox 210 304 300 339; x_wconf 80' lang='lat' dir='ltr'>Hactenus</span> <span class='ocrx_word' id='word_1_18' title='bbox 307 305 384 340; x_wconf 88' lang='lat' dir='ltr'>animam</span> <span class='ocrx_word' id='word_1_19' title='bbox 391 317 447 341; x_wconf 87' lang='lat' dir='ltr'>meam</span> <span class='ocrx_word' id='word_1_20' title='bbox 455 306 504 350; x_wconf 81' lang='lat' dir='ltr'>quasi</span> <span class='ocrx_word' id='word_1_21' title='bbox 512 307 544 341; x_wconf 91' lang='lat' dir='ltr'>sub</span> <span class='ocrx_word' id='word_1_22' title='bbox 554 306 600 342; x_wconf 86' lang='lat' dir='ltr'>iactu</span> <span class='ocrx_word' id='word_1_23' title='bbox 608 307 645 341; x_wconf 86' lang='lat' dir='ltr'>alee</span> <span class='ocrx_word' id='word_1_24' title='bbox 655 306 714 350; x_wconf 84' lang='lat' dir='ltr'>posui:</span> <span class='ocrx_word' id='word_1_25' title='bbox 725 316 771 340; x_wconf 91' lang='lat' dir='ltr'>nunc</span> 
     </span>
    </p>

    <p class='ocr_par' dir='ltr' id='par_1_3' title="bbox 69 354 799 1153">
     <span class='ocr_line' id='line_1_4' title="bbox 69 354 771 401; baseline 0.006 -15"><span class='ocrx_word' id='word_1_26' title='bbox 69 354 85 387; x_wconf 88' lang='lat' dir='ltr'>ei</span> <span class='ocrx_word' id='word_1_27' title='bbox 96 354 218 390; x_wconf 90' lang='lat' dir='ltr'>committenda</span> <span class='ocrx_word' id='word_1_28' title='bbox 226 363 252 390; x_wconf 90' lang='lat' dir='ltr'>est</span> <span class='ocrx_word' id='word_1_29' title='bbox 261 357 289 400; x_wconf 87' lang='lat' dir='ltr'>qui</span> <span class='ocrx_word' id='word_1_30' title='bbox 300 367 338 390; x_wconf 82' lang='lat' dir='ltr'>eam</span> <span class='ocrx_word' id='word_1_31' title='bbox 347 357 397 398; x_wconf 79' lang='lat' dir='ltr'>secit3</span> <span class='ocrx_word' id='word_1_32' title='bbox 409 358 486 401; x_wconf 90' lang='lat' dir='ltr'>relinquo</span> <span class='ocrx_word' id='word_1_33' title='bbox 493 359 576 391; x_wconf 91' lang='lat' dir='ltr'>mundum</span> <span class='ocrx_word' id='word_1_34' title='bbox 586 369 608 392; x_wconf 92' lang='lat' dir='ltr'>ne</span> <span class='ocrx_word' id='word_1_35' title='bbox 618 358 706 401; x_wconf 84' lang='lat' dir='ltr'>relinquar</span> <span class='ocrx_word' id='word_1_36' title='bbox 713 357 736 391; x_wconf 88' lang='lat' dir='ltr'>ab</span> <span class='ocrx_word' id='word_1_37' title='bbox 743 368 771 397; x_wconf 88' lang='lat' dir='ltr'>eo,</span> 
     </span>
     <span class='ocr_line' id='line_1_5' title="bbox 69 404 772 452; baseline 0.007 -16"><span class='ocrx_word' id='word_1_38' title='bbox 69 404 134 437; x_wconf 89' lang='lat' dir='ltr'>eteius</span> <span class='ocrx_word' id='word_1_39' title='bbox 146 405 228 448; x_wconf 87' lang='lat' dir='ltr'>seruituti,</span> <span class='ocrx_word' id='word_1_40' title='bbox 242 406 268 440; x_wconf 87' lang='lat' dir='ltr'>cui</span> <span class='ocrx_word' id='word_1_41' title='bbox 282 407 346 440; x_wconf 90' lang='lat' dir='ltr'>seruire</span> <span class='ocrx_word' id='word_1_42' title='bbox 358 417 430 450; x_wconf 90' lang='lat' dir='ltr'>regnare</span> <span class='ocrx_word' id='word_1_43' title='bbox 444 414 475 449; x_wconf 87' lang='lat' dir='ltr'>est,</span> <span class='ocrx_word' id='word_1_44' title='bbox 487 419 515 441; x_wconf 90' lang='lat' dir='ltr'>me</span> <span class='ocrx_word' id='word_1_45' title='bbox 528 409 601 442; x_wconf 87' lang='lat' dir='ltr'>deuotus</span> <span class='ocrx_word' id='word_1_46' title='bbox 613 418 684 452; x_wconf 86' lang='lat' dir='ltr'>expono.</span> <span class='ocrx_word' id='word_1_47' title='bbox 707 407 772 450; x_wconf 85' lang='lat' dir='ltr'>Eligite</span> 
     </span>
     <span class='ocr_line' id='line_1_6' title="bbox 69 454 788 500; baseline 0.007 -14"><span class='ocrx_word' id='word_1_48' title='bbox 69 454 119 487; x_wconf 89' lang='lat' dir='ltr'>uobis</span> <span class='ocrx_word' id='word_1_49' title='bbox 130 455 191 488; x_wconf 90' lang='lat' dir='ltr'>ducem</span> <span class='ocrx_word' id='word_1_50' title='bbox 204 456 251 489; x_wconf 89' lang='lat' dir='ltr'>cuius</span> <span class='ocrx_word' id='word_1_51' title='bbox 262 456 312 497; x_wconf 87' lang='lat' dir='ltr'>signa</span> <span class='ocrx_word' id='word_1_52' title='bbox 321 457 427 498; x_wconf 81' lang='lat' dir='ltr'>sequamini:</span> <span class='ocrx_word' id='word_1_53' title='bbox 439 467 472 499; x_wconf 85' lang='lat' dir='ltr'>ego</span> <span class='ocrx_word' id='word_1_54' title='bbox 482 457 529 491; x_wconf 89' lang='lat' dir='ltr'>enim</span> <span class='ocrx_word' id='word_1_55' title='bbox 539 457 611 500; x_wconf 90' lang='lat' dir='ltr'>sequor¹</span> <span class='ocrx_word' id='word_1_56' title='bbox 619 457 705 491; x_wconf 87' lang='lat' dir='ltr'>dominice</span> <span class='ocrx_word' id='word_1_57' title='bbox 715 457 788 494; x_wconf 77' lang='lat' dir='ltr'>cruciss</span> 
     </span>
     <span class='ocr_line' id='line_1_7' title="bbox 70 503 770 551; baseline 0.006 -15"><span class='ocrx_word' id='word_1_58' title='bbox 70 503 142 546; x_wconf 82' lang='lat' dir='ltr'>signum,</span> <span class='ocrx_word' id='word_1_59' title='bbox 152 512 169 539; x_wconf 91' lang='lat' dir='ltr'>et</span> <span class='ocrx_word' id='word_1_60' title='bbox 179 506 241 539; x_wconf 84' lang='lat' dir='ltr'>addico</span> <span class='ocrx_word' id='word_1_61' title='bbox 251 516 279 539; x_wconf 90' lang='lat' dir='ltr'>me</span> <span class='ocrx_word' id='word_1_62' title='bbox 289 505 352 539; x_wconf 84' lang='lat' dir='ltr'>milicie</span> <span class='ocrx_word' id='word_1_63' title='bbox 365 506 438 540; x_wconf 69' lang='lat' dir='ltr'>christi:</span> <span class='ocrx_word' id='word_1_64' title='bbox 461 507 488 540; x_wconf 88' lang='lat' dir='ltr'>llli</span> <span class='ocrx_word' id='word_1_65' title='bbox 500 518 540 541; x_wconf 88' lang='lat' dir='ltr'>uero</span> <span class='ocrx_word' id='word_1_66' title='bbox 554 507 661 541; x_wconf 81' lang='lat' dir='ltr'>inestimabili</span> <span class='ocrx_word' id='word_1_67' title='bbox 674 514 743 551; x_wconf 85' lang='lat' dir='ltr'>stupore</span> <span class='ocrx_word' id='word_1_68' title='bbox 753 514 770 540; x_wconf 90' lang='lat' dir='ltr'>et</span> 
     </span>
     <span class='ocr_line' id='line_1_8' title="bbox 69 554 771 600; baseline 0.006 -13"><span class='ocrx_word' id='word_1_69' title='bbox 69 554 128 589; x_wconf 90' lang='lat' dir='ltr'>dolore</span> <span class='ocrx_word' id='word_1_70' title='bbox 135 555 217 598; x_wconf 85' lang='lat' dir='ltr'>percussi,</span> <span class='ocrx_word' id='word_1_71' title='bbox 225 562 338 599; x_wconf 89' lang='lat' dir='ltr'>prorumpunt</span> <span class='ocrx_word' id='word_1_72' title='bbox 346 555 363 589; x_wconf 92' lang='lat' dir='ltr'>in</span> <span class='ocrx_word' id='word_1_73' title='bbox 371 556 452 590; x_wconf 86' lang='lat' dir='ltr'>eiulatum</span> <span class='ocrx_word' id='word_1_74' title='bbox 459 562 477 591; x_wconf 89' lang='lat' dir='ltr'>et</span> <span class='ocrx_word' id='word_1_75' title='bbox 487 557 571 598; x_wconf 84' lang='lat' dir='ltr'>lacrimas,</span> <span class='ocrx_word' id='word_1_76' title='bbox 579 557 627 591; x_wconf 81' lang='lat' dir='ltr'>flexis</span> <span class='ocrx_word' id='word_1_77' title='bbox 638 557 710 600; x_wconf 86' lang='lat' dir='ltr'>genibus</span> <span class='ocrx_word' id='word_1_78' title='bbox 720 557 771 591; x_wconf 89' lang='lat' dir='ltr'>obse-</span> 
     </span>
     <span class='ocr_line' id='line_1_9' title="bbox 69 607 771 651; baseline 0.004 -13"><span class='ocrx_word' id='word_1_79' title='bbox 69 612 137 639; x_wconf 89' lang='lat' dir='ltr'>crantes</span> <span class='ocrx_word' id='word_1_80' title='bbox 144 611 162 639; x_wconf 89' lang='lat' dir='ltr'>ut</span> <span class='ocrx_word' id='word_1_81' title='bbox 170 618 181 639; x_wconf 90' lang='lat' dir='ltr'>a</span> <span class='ocrx_word' id='word_1_82' title='bbox 188 607 218 640; x_wconf 88' lang='lat' dir='ltr'>tali</span> <span class='ocrx_word' id='word_1_83' title='bbox 225 608 314 640; x_wconf 89' lang='lat' dir='ltr'>uoluntate</span> <span class='ocrx_word' id='word_1_84' title='bbox 322 607 417 640; x_wconf 84' lang='lat' dir='ltr'>desisteret.</span> <span class='ocrx_word' id='word_1_85' title='bbox 439 607 514 647; x_wconf 66' lang='lat' dir='ltr'>‘Nolite</span> <span class='ocrx_word' id='word_1_86' title='bbox 522 607 581 651; x_wconf 91' lang='lat' dir='ltr'>inquit,</span> <span class='ocrx_word' id='word_1_87' title='bbox 589 608 630 641; x_wconf 89' lang='lat' dir='ltr'>socii</span> <span class='ocrx_word' id='word_1_88' title='bbox 641 616 658 642; x_wconf 91' lang='lat' dir='ltr'>et</span> <span class='ocrx_word' id='word_1_89' title='bbox 669 608 720 642; x_wconf 86' lang='lat' dir='ltr'>amici</span> <span class='ocrx_word' id='word_1_90' title='bbox 730 609 771 648; x_wconf 90' lang='lat' dir='ltr'>mei,</span> 
     </span>
     <span class='ocr_line' id='line_1_10' title="bbox 69 656 770 702; baseline 0.006 -14"><span class='ocrx_word' id='word_1_91' title='bbox 69 656 129 689; x_wconf 85' lang='lat' dir='ltr'>salutis</span> <span class='ocrx_word' id='word_1_92' title='bbox 143 657 250 699; x_wconf 89' lang='lat' dir='ltr'>propositum</span> <span class='ocrx_word' id='word_1_93' title='bbox 263 658 360 691; x_wconf 83' lang='lat' dir='ltr'>retardare:</span> <span class='ocrx_word' id='word_1_94' title='bbox 377 657 487 694; x_wconf 79' lang='lat' dir='ltr'>festinantem</span> <span class='ocrx_word' id='word_1_95' title='bbox 500 658 546 691; x_wconf 90' lang='lat' dir='ltr'>enim</span> <span class='ocrx_word' id='word_1_96' title='bbox 558 669 569 690; x_wconf 87' lang='lat' dir='ltr'>a</span> <span class='ocrx_word' id='word_1_97' title='bbox 582 659 631 691; x_wconf 88' lang='lat' dir='ltr'>terris</span> <span class='ocrx_word' id='word_1_98' title='bbox 644 660 662 691; x_wconf 91' lang='lat' dir='ltr'>in</span> <span class='ocrx_word' id='word_1_99' title='bbox 675 660 730 692; x_wconf 91' lang='lat' dir='ltr'>celum</span> <span class='ocrx_word' id='word_1_100' title='bbox 741 659 770 702; x_wconf 91' lang='lat' dir='ltr'>qui</span> 
     </span>
     <span class='ocr_line' id='line_1_11' title="bbox 69 706 799 749; baseline 0.001 -12"><span class='ocrx_word' id='word_1_101' title='bbox 69 706 157 738; x_wconf 88' lang='lat' dir='ltr'>modicum</span> <span class='ocrx_word' id='word_1_102' title='bbox 164 706 234 747; x_wconf 85' lang='lat' dir='ltr'>detinet,</span> <span class='ocrx_word' id='word_1_103' title='bbox 242 707 334 749; x_wconf 86' lang='lat' dir='ltr'>plurimum</span> <span class='ocrx_word' id='word_1_104' title='bbox 341 709 402 740; x_wconf 68' lang='lat' dir='ltr'>nocet!</span> <span class='ocrx_word' id='word_1_105' title='bbox 422 707 500 740; x_wconf 87' lang='lat' dir='ltr'>Abiectis</span> <span class='ocrx_word' id='word_1_106' title='bbox 512 707 563 748; x_wconf 86' lang='lat' dir='ltr'>igitur</span> <span class='ocrx_word' id='word_1_107' title='bbox 573 707 626 740; x_wconf 89' lang='lat' dir='ltr'>armis</span> <span class='ocrx_word' id='word_1_108' title='bbox 637 708 746 748; x_wconf 84' lang='lat' dir='ltr'>secularibus,</span> <span class='ocrx_word' id='word_1_109' title='bbox 753 716 770 741; x_wconf 83' lang='lat' dir='ltr'>ct</span> <span class='ocrx_word' id='word_1_110' title='bbox 780 717 799 738; x_wconf 88' lang='lat' dir='ltr'>ro</span> 
     </span>
     <span class='ocr_line' id='line_1_12' title="bbox 69 756 772 800; baseline 0.003 -12"><span class='ocrx_word' id='word_1_111' title='bbox 69 756 152 789; x_wconf 85' lang='lat' dir='ltr'>recedens</span> <span class='ocrx_word' id='word_1_112' title='bbox 164 757 228 798; x_wconf 86' lang='lat' dir='ltr'>abeis,</span> <span class='ocrx_word' id='word_1_113' title='bbox 241 757 276 790; x_wconf 90' lang='lat' dir='ltr'>iam</span> <span class='ocrx_word' id='word_1_114' title='bbox 289 768 324 790; x_wconf 90' lang='lat' dir='ltr'>non</span> <span class='ocrx_word' id='word_1_115' title='bbox 337 758 401 799; x_wconf 83' lang='lat' dir='ltr'>cogitat</span> <span class='ocrx_word' id='word_1_116' title='bbox 413 757 446 790; x_wconf 90' lang='lat' dir='ltr'>nisi</span> <span class='ocrx_word' id='word_1_117' title='bbox 459 767 508 789; x_wconf 80' lang='lat' dir='ltr'>arma</span> <span class='ocrx_word' id='word_1_118' title='bbox 519 756 583 790; x_wconf 86' lang='lat' dir='ltr'>milicie</span> <span class='ocrx_word' id='word_1_119' title='bbox 596 756 666 796; x_wconf 88' lang='lat' dir='ltr'>Christi,</span> <span class='ocrx_word' id='word_1_120' title='bbox 678 758 772 800; x_wconf 89' lang='lat' dir='ltr'>dequibus</span> 
     </span>
     <span class='ocr_line' id='line_1_13' title="bbox 69 806 772 852; baseline 0.004 -13"><span class='ocrx_word' id='word_1_121' title='bbox 69 807 157 848; x_wconf 88' lang='lat' dir='ltr'>apostolus</span> <span class='ocrx_word' id='word_1_122' title='bbox 172 807 195 841; x_wconf 87' lang='lat' dir='ltr'>ad</span> <span class='ocrx_word' id='word_1_123' title='bbox 214 807 311 843; x_wconf 88' lang='lat' dir='ltr'>Corinthios</span> <span class='ocrx_word' id='word_1_124' title='bbox 328 809 406 851; x_wconf 89' lang='lat' dir='ltr'>loquens,</span> <span class='ocrx_word' id='word_1_125' title='bbox 422 809 490 850; x_wconf 85' lang='lat' dir='ltr'>¹Arma,</span> <span class='ocrx_word' id='word_1_126' title='bbox 505 807 566 852; x_wconf 89' lang='lat' dir='ltr'>inquit,</span> <span class='ocrx_word' id='word_1_127' title='bbox 580 806 643 843; x_wconf 90' lang='lat' dir='ltr'>milicie</span> <span class='ocrx_word' id='word_1_128' title='bbox 660 814 719 842; x_wconf 89' lang='lat' dir='ltr'>nostre</span> <span class='ocrx_word' id='word_1_129' title='bbox 737 818 772 843; x_wconf 89' lang='lat' dir='ltr'>non</span> 
     </span>
     <span class='ocr_line' id='line_1_14' title="bbox 69 857 772 901; baseline 0.004 -12"><span class='ocrx_word' id='word_1_130' title='bbox 69 857 150 899; x_wconf 89' lang='lat' dir='ltr'>carnalia,</span> <span class='ocrx_word' id='word_1_131' title='bbox 158 858 189 891; x_wconf 87' lang='lat' dir='ltr'>sed</span> <span class='ocrx_word' id='word_1_132' title='bbox 198 858 278 901; x_wconf 88' lang='lat' dir='ltr'>potencia</span> <span class='ocrx_word' id='word_1_133' title='bbox 286 871 297 892; x_wconf 92' lang='lat' dir='ltr'>a</span> <span class='ocrx_word' id='word_1_134' title='bbox 304 859 337 893; x_wconf 90' lang='lat' dir='ltr'>deo</span> <span class='ocrx_word' id='word_1_135' title='bbox 344 859 367 892; x_wconf 87' lang='lat' dir='ltr'>ad</span> <span class='ocrx_word' id='word_1_136' title='bbox 376 858 511 893; x_wconf 85' lang='lat' dir='ltr'>destructionem</span> <span class='ocrx_word' id='word_1_137' title='bbox 518 858 640 899; x_wconf 87' lang='lat' dir='ltr'>municionum,</span> <span class='ocrx_word' id='word_1_138' title='bbox 648 858 671 892; x_wconf 89' lang='lat' dir='ltr'>ad</span> <span class='ocrx_word' id='word_1_139' title='bbox 682 859 772 896; x_wconf 72' lang='lat' dir='ltr'>destruen7</span> 
     </span>
     <span class='ocr_line' id='line_1_15' title="bbox 69 907 772 943; baseline 0.006 -4"><span class='ocrx_word' id='word_1_140' title='bbox 69 907 110 939; x_wconf 85' lang='lat' dir='ltr'>dam</span> <span class='ocrx_word' id='word_1_141' title='bbox 125 908 142 940; x_wconf 91' lang='lat' dir='ltr'>in</span> <span class='ocrx_word' id='word_1_142' title='bbox 155 909 206 941; x_wconf 91' lang='lat' dir='ltr'>nobis</span> <span class='ocrx_word' id='word_1_143' title='bbox 218 920 287 942; x_wconf 86' lang='lat' dir='ltr'>omnem</span> <span class='ocrx_word' id='word_1_144' title='bbox 302 909 410 943; x_wconf 83' lang='lat' dir='ltr'>altitudinem</span> <span class='ocrx_word' id='word_1_145' title='bbox 425 909 534 943; x_wconf 85' lang='lat' dir='ltr'>extollentem</span> <span class='ocrx_word' id='word_1_146' title='bbox 549 920 568 943; x_wconf 91' lang='lat' dir='ltr'>se</span> <span class='ocrx_word' id='word_1_147' title='bbox 583 910 666 943; x_wconf 90' lang='lat' dir='ltr'>aduersus</span> <span class='ocrx_word' id='word_1_148' title='bbox 679 909 772 943; x_wconf 81' lang='lat' dir='ltr'>scienciam</span> 
     </span>
     <span class='ocr_line' id='line_1_16' title="bbox 69 956 799 1001; baseline 0.004 -13"><span class='ocrx_word' id='word_1_149' title='bbox 69 956 109 997; x_wconf 83' lang='lat' dir='ltr'>dei;</span> <span class='ocrx_word' id='word_1_150' title='bbox 120 957 226 999; x_wconf 87' lang='lat' dir='ltr'>captiuantes</span> <span class='ocrx_word' id='word_1_151' title='bbox 234 969 303 992; x_wconf 91' lang='lat' dir='ltr'>omnem</span> <span class='ocrx_word' id='word_1_152' title='bbox 314 958 419 992; x_wconf 88' lang='lat' dir='ltr'>intellectum</span> <span class='ocrx_word' id='word_1_153' title='bbox 428 959 446 992; x_wconf 93' lang='lat' dir='ltr'>in</span> <span class='ocrx_word' id='word_1_154' title='bbox 457 958 559 1001; x_wconf 87' lang='lat' dir='ltr'>obsequium</span> <span class='ocrx_word' id='word_1_155' title='bbox 569 958 643 993; x_wconf 64' lang='lat' dir='ltr'>Christi)</span> <span class='ocrx_word' id='word_1_156' title='bbox 665 958 772 1001; x_wconf 89' lang='lat' dir='ltr'>Relinquens</span> <span class='ocrx_word' id='word_1_157' title='bbox 781 968 799 1000; x_wconf 83' lang='lat'>¹5</span> 
     </span>
     <span class='ocr_line' id='line_1_17' title="bbox 70 1007 772 1052; baseline 0.006 -13"><span class='ocrx_word' id='word_1_158' title='bbox 70 1017 110 1049; x_wconf 86' lang='lat' dir='ltr'>ergo</span> <span class='ocrx_word' id='word_1_159' title='bbox 117 1007 187 1050; x_wconf 90' lang='lat' dir='ltr'>pallium</span> <span class='ocrx_word' id='word_1_160' title='bbox 195 1018 235 1042; x_wconf 83' lang='lat' dir='ltr'>cunr</span> <span class='ocrx_word' id='word_1_161' title='bbox 243 1009 312 1051; x_wconf 92' lang='lat' dir='ltr'>Ioseph,</span> <span class='ocrx_word' id='word_1_162' title='bbox 319 1008 419 1043; x_wconf 89' lang='lat' dir='ltr'>theloneum</span> <span class='ocrx_word' id='word_1_163' title='bbox 426 1019 466 1043; x_wconf 90' lang='lat' dir='ltr'>cum</span> <span class='ocrx_word' id='word_1_164' title='bbox 474 1007 550 1050; x_wconf 87' lang='lat' dir='ltr'>Matheo,</span> <span class='ocrx_word' id='word_1_165' title='bbox 558 1008 641 1052; x_wconf 71' lang='lat' dir='ltr'>ydriatm]</span> <span class='ocrx_word' id='word_1_166' title='bbox 649 1020 688 1043; x_wconf 90' lang='lat' dir='ltr'>cum</span> <span class='ocrx_word' id='word_1_167' title='bbox 696 1008 772 1043; x_wconf 86' lang='lat' dir='ltr'>Samari-</span> 
     </span>
     <span class='ocr_line' id='line_1_18' title="bbox 70 1059 772 1103; baseline 0.004 -12"><span class='ocrx_word' id='word_1_168' title='bbox 70 1065 116 1100; x_wconf 88' lang='lat' dir='ltr'>tana,</span> <span class='ocrx_word' id='word_1_169' title='bbox 124 1060 228 1102; x_wconf 85' lang='lat' dir='ltr'>sepulturam</span> <span class='ocrx_word' id='word_1_170' title='bbox 235 1059 289 1103; x_wconf 87' lang='lat' dir='ltr'>patris</span> <span class='ocrx_word' id='word_1_171' title='bbox 296 1071 335 1093; x_wconf 90' lang='lat' dir='ltr'>cum</span> <span class='ocrx_word' id='word_1_172' title='bbox 342 1060 412 1093; x_wconf 89' lang='lat' dir='ltr'>homine</span> <span class='ocrx_word' id='word_1_173' title='bbox 423 1059 527 1102; x_wconf 83' lang='lat' dir='ltr'>coangelico,</span> <span class='ocrx_word' id='word_1_174' title='bbox 535 1059 626 1093; x_wconf 87' lang='lat' dir='ltr'>sindonem</span> <span class='ocrx_word' id='word_1_175' title='bbox 635 1071 675 1093; x_wconf 91' lang='lat' dir='ltr'>cum</span> <span class='ocrx_word' id='word_1_176' title='bbox 684 1060 760 1094; x_wconf 87' lang='lat' dir='ltr'>Iohanne</span> <span class='ocrx_word' id='word_1_177' title='bbox 767 1071 772 1093; x_wconf 73' lang='grc' dir='ltr'>ε</span> 
     </span>
     <span class='ocr_line' id='line_1_19' title="bbox 69 1108 732 1153; baseline 0.005 -13"><span class='ocrx_word' id='word_1_178' title='bbox 69 1108 126 1141; x_wconf 89' lang='lat' dir='ltr'>nudus</span> <span class='ocrx_word' id='word_1_179' title='bbox 134 1109 204 1151; x_wconf 78' lang='lat' dir='ltr'>aufugit,</span> <span class='ocrx_word' id='word_1_180' title='bbox 212 1111 317 1152; x_wconf 80' lang='lat' dir='ltr'>gratulanter</span> <span class='ocrx_word' id='word_1_181' title='bbox 324 1111 402 1143; x_wconf 87' lang='lat' dir='ltr'>exultans</span> <span class='ocrx_word' id='word_1_182' title='bbox 410 1111 497 1143; x_wconf 83' lang='lat' dir='ltr'>Christum</span> <span class='ocrx_word' id='word_1_183' title='bbox 504 1120 598 1153; x_wconf 83' lang='lat' dir='ltr'>pauperem</span> <span class='ocrx_word' id='word_1_184' title='bbox 605 1121 671 1153; x_wconf 86' lang='lat' dir='ltr'>pauper</span> <span class='ocrx_word' id='word_1_185' title='bbox 678 1110 732 1153; x_wconf 87' lang='lat' dir='ltr'>sequi.</span> 
     </span>
    </p>
   </div>
   <div class='ocr_carea' id='block_1_3' title="bbox 71 1215 772 1309">
    <p class='ocr_par' dir='ltr' id='par_1_4' title="bbox 71 1215 772 1309">
     <span class='ocr_line' id='line_1_20' title="bbox 71 1215 772 1257; baseline 0.003 -8"><span class='ocrx_word' id='word_1_186' title='bbox 71 1215 173 1257; x_wconf 64' lang='lat' dir='ltr'>Quamuis</span> <span class='ocrx_word' id='word_1_187' title='bbox 184 1224 210 1250; x_wconf 81' lang='grc' dir='ltr'>ΑΒ</span> <span class='ocrx_word' id='word_1_188' title='bbox 222 1223 318 1256; x_wconf 83' lang='lat' dir='ltr'><strong>QUODDAM</strong></span> <span class='ocrx_word' id='word_1_189' title='bbox 330 1224 473 1252; x_wconf 71' lang='lat' dir='ltr'>ntottnsrulttuln</span> <span class='ocrx_word' id='word_1_190' title='bbox 487 1225 509 1252; x_wconf 79' lang='lat' dir='ltr'>SE</span> <span class='ocrx_word' id='word_1_191' title='bbox 522 1224 620 1252; x_wconf 64' lang='lat' dir='ltr'>consuetu</span> <span class='ocrx_word' id='word_1_192' title='bbox 630 1224 772 1252; x_wconf 69' lang='lat' dir='ltr'>attonsorum</span> 
     </span>
     <span class='ocr_line' id='line_1_21' title="bbox 99 1274 742 1309; baseline 0.005 -10"><span class='ocrx_word' id='word_1_193' title='bbox 99 1274 221 1301; x_wconf 79' lang='lat' dir='ltr'><strong>CLERICALEM</strong></span> <span class='ocrx_word' id='word_1_194' title='bbox 231 1275 322 1309; x_wconf 78' lang='lat' dir='ltr'>ncesP1T3</span> <span class='ocrx_word' id='word_1_195' title='bbox 337 1276 362 1301; x_wconf 81' lang='lat' dir='ltr'>ET</span> <span class='ocrx_word' id='word_1_196' title='bbox 373 1276 470 1308; x_wconf 82' lang='lat' dir='ltr'>QUOMODO</span> <span class='ocrx_word' id='word_1_197' title='bbox 481 1276 503 1301; x_wconf 85' lang='lat' dir='ltr'>IN</span> <span class='ocrx_word' id='word_1_198' title='bbox 515 1275 605 1302; x_wconf 73' lang='lat' dir='ltr'>sclun&#39;cla</span> <span class='ocrx_word' id='word_1_199' title='bbox 616 1275 742 1303; x_wconf 72' lang='lat' dir='ltr'>Pnorucnttlt’.</span> 
     </span>
    </p>
   </div>
   <div class='ocr_carea' id='block_1_4' title="bbox 70 1334 801 2082">
    <p class='ocr_par' dir='ltr' id='par_1_5' title="bbox 70 1334 801 2082">
     <span class='ocr_line' id='line_1_22' title="bbox 118 1334 772 1377; baseline 0.002 -10"><span class='ocrx_word' id='word_1_200' title='bbox 118 1334 178 1367; x_wconf 91' lang='lat' dir='ltr'>Abens</span> <span class='ocrx_word' id='word_1_201' title='bbox 188 1334 239 1376; x_wconf 82' lang='lat' dir='ltr'>igitur</span> <span class='ocrx_word' id='word_1_202' title='bbox 248 1334 266 1368; x_wconf 93' lang='lat' dir='ltr'>in</span> <span class='ocrx_word' id='word_1_203' title='bbox 276 1335 355 1368; x_wconf 88' lang='lat' dir='ltr'>manibus</span> <span class='ocrx_word' id='word_1_204' title='bbox 366 1334 401 1369; x_wconf 90' lang='lat' dir='ltr'>suis</span> <span class='ocrx_word' id='word_1_205' title='bbox 412 1334 488 1368; x_wconf 88' lang='lat' dir='ltr'>animam</span> <span class='ocrx_word' id='word_1_206' title='bbox 495 1345 549 1377; x_wconf 87' lang='lat' dir='ltr'>suam,</span> <span class='ocrx_word' id='word_1_207' title='bbox 557 1334 643 1377; x_wconf 82' lang='lat' dir='ltr'>egreditur</span> <span class='ocrx_word' id='word_1_208' title='bbox 650 1341 709 1369; x_wconf 90' lang='lat' dir='ltr'>noster</span> <span class='ocrx_word' id='word_1_209' title='bbox 715 1335 772 1369; x_wconf 81' lang='lat' dir='ltr'>Abra-</span> 
     </span>
     <span class='ocr_line' id='line_1_23' title="bbox 140 1384 801 1427; baseline 0.002 -9"><span class='ocrx_word' id='word_1_210' title='bbox 140 1385 181 1417; x_wconf 91' lang='lat' dir='ltr'>ham</span> <span class='ocrx_word' id='word_1_211' title='bbox 192 1385 215 1418; x_wconf 92' lang='lat' dir='ltr'>de</span> <span class='ocrx_word' id='word_1_212' title='bbox 225 1391 270 1418; x_wconf 88' lang='lat' dir='ltr'>terra</span> <span class='ocrx_word' id='word_1_213' title='bbox 280 1391 297 1418; x_wconf 94' lang='lat' dir='ltr'>et</span> <span class='ocrx_word' id='word_1_214' title='bbox 305 1384 327 1418; x_wconf 91' lang='lat' dir='ltr'>de</span> <span class='ocrx_word' id='word_1_215' title='bbox 335 1385 437 1427; x_wconf 84' lang='lat' dir='ltr'>cognatione</span> <span class='ocrx_word' id='word_1_216' title='bbox 444 1395 480 1425; x_wconf 85' lang='lat' dir='ltr'>sua,</span> <span class='ocrx_word' id='word_1_217' title='bbox 488 1385 511 1418; x_wconf 90' lang='lat' dir='ltr'>de</span> <span class='ocrx_word' id='word_1_218' title='bbox 518 1385 543 1418; x_wconf 90' lang='lat' dir='ltr'>Vr</span> <span class='ocrx_word' id='word_1_219' title='bbox 552 1385 677 1425; x_wconf 69' lang='lat' dir='ltr'>chaldeorum</span> <span class='ocrx_word' id='word_1_220' title='bbox 688 1386 772 1419; x_wconf 88' lang='lat' dir='ltr'>muudum</span> <span class='ocrx_word' id='word_1_221' title='bbox 781 1392 801 1416; x_wconf 62' lang='grc' dir='ltr'>πο</span> 
     </span>
     <span class='ocr_line' id='line_1_24' title="bbox 70 1434 772 1479; baseline 0.001 -11"><span class='ocrx_word' id='word_1_222' title='bbox 70 1434 103 1468; x_wconf 91' lang='lat' dir='ltr'>sibi</span> <span class='ocrx_word' id='word_1_223' title='bbox 112 1435 216 1469; x_wconf 85' lang='lat' dir='ltr'>arridentem</span> <span class='ocrx_word' id='word_1_224' title='bbox 226 1434 304 1475; x_wconf 88' lang='lat' dir='ltr'>irridens,</span> <span class='ocrx_word' id='word_1_225' title='bbox 312 1434 409 1479; x_wconf 86' lang='lat' dir='ltr'>propriique</span> <span class='ocrx_word' id='word_1_226' title='bbox 420 1435 496 1478; x_wconf 88' lang='lat' dir='ltr'>corporis</span> <span class='ocrx_word' id='word_1_227' title='bbox 505 1435 565 1468; x_wconf 86' lang='lat' dir='ltr'>florem</span> <span class='ocrx_word' id='word_1_228' title='bbox 575 1435 650 1468; x_wconf 81' lang='lat' dir='ltr'>calcans.</span> <span class='ocrx_word' id='word_1_229' title='bbox 672 1435 706 1477; x_wconf 86' lang='lat' dir='ltr'>Qui</span> <span class='ocrx_word' id='word_1_230' title='bbox 718 1436 772 1478; x_wconf 89' lang='lat' dir='ltr'>predo</span> 
     </span>
     <span class='ocr_line' id='line_1_25' title="bbox 71 1484 773 1528; baseline 0.001 -10"><span class='ocrx_word' id='word_1_231' title='bbox 71 1484 190 1528; x_wconf 85' lang='lat' dir='ltr'>temporalium</span> <span class='ocrx_word' id='word_1_232' title='bbox 197 1485 256 1526; x_wconf 83' lang='lat' dir='ltr'>fuerat,</span> <span class='ocrx_word' id='word_1_233' title='bbox 262 1486 317 1518; x_wconf 79' lang='lat' dir='ltr'>sactus</span> <span class='ocrx_word' id='word_1_234' title='bbox 324 1491 350 1518; x_wconf 89' lang='lat' dir='ltr'>est</span> <span class='ocrx_word' id='word_1_235' title='bbox 358 1486 412 1527; x_wconf 89' lang='lat' dir='ltr'>predo</span> <span class='ocrx_word' id='word_1_236' title='bbox 419 1485 456 1519; x_wconf 84' lang='lat' dir='ltr'>celi.</span> <span class='ocrx_word' id='word_1_237' title='bbox 479 1485 504 1518; x_wconf 90' lang='lat' dir='ltr'>‘A</span> <span class='ocrx_word' id='word_1_238' title='bbox 513 1484 574 1518; x_wconf 88' lang='lat' dir='ltr'>diebus</span> <span class='ocrx_word' id='word_1_239' title='bbox 581 1485 627 1517; x_wconf 90' lang='lat' dir='ltr'>enim</span> <span class='ocrx_word' id='word_1_240' title='bbox 635 1485 718 1518; x_wconf 86' lang='lat' dir='ltr'>Iohannis</span> <span class='ocrx_word' id='word_1_241' title='bbox 726 1487 773 1528; x_wconf 90' lang='lat' dir='ltr'>Bap-</span> 
     </span>
     <span class='ocr_line' id='line_1_26' title="bbox 71 1533 772 1577; baseline 0 -9"><span class='ocrx_word' id='word_1_242' title='bbox 71 1535 121 1577; x_wconf 80' lang='lat' dir='ltr'>tiste,’</span> <span class='ocrx_word' id='word_1_243' title='bbox 130 1534 177 1568; x_wconf 89' lang='lat' dir='ltr'>cuius</span> <span class='ocrx_word' id='word_1_244' title='bbox 187 1534 241 1568; x_wconf 91' lang='lat' dir='ltr'>uitam</span> <span class='ocrx_word' id='word_1_245' title='bbox 250 1545 318 1568; x_wconf 88' lang='lat' dir='ltr'>summo</span> <span class='ocrx_word' id='word_1_246' title='bbox 327 1536 420 1577; x_wconf 88' lang='lat' dir='ltr'>appetebat</span> <span class='ocrx_word' id='word_1_247' title='bbox 428 1533 514 1568; x_wconf 87' lang='lat' dir='ltr'>desiderio</span> <span class='ocrx_word' id='word_1_248' title='bbox 522 1534 584 1568; x_wconf 88' lang='lat' dir='ltr'>imitari</span> <span class='ocrx_word' id='word_1_249' title='bbox 589 1534 601 1575; x_wconf 68' lang='lat'>⁹,</span> <span class='ocrx_word' id='word_1_250' title='bbox 609 1534 690 1577; x_wconf 84' lang='lat' dir='ltr'>‘regnum</span> <span class='ocrx_word' id='word_1_251' title='bbox 698 1535 772 1568; x_wconf 86' lang='lat' dir='ltr'>celorum</span> 
     </span>
     <span class='ocr_line' id='line_1_27' title="bbox 71 1584 773 1629; baseline 0 -10"><span class='ocrx_word' id='word_1_252' title='bbox 71 1585 106 1620; x_wconf 86' lang='lat' dir='ltr'>vim</span> <span class='ocrx_word' id='word_1_253' title='bbox 118 1585 186 1629; x_wconf 86' lang='lat' dir='ltr'>patitur,</span> <span class='ocrx_word' id='word_1_254' title='bbox 198 1590 215 1618; x_wconf 86' lang='lat' dir='ltr'>et</span> <span class='ocrx_word' id='word_1_255' title='bbox 228 1584 298 1619; x_wconf 91' lang='lat' dir='ltr'>uiolenti</span> <span class='ocrx_word' id='word_1_256' title='bbox 311 1584 380 1629; x_wconf 90' lang='lat' dir='ltr'>rapiunt</span> <span class='ocrx_word' id='word_1_257' title='bbox 393 1584 445 1619; x_wconf 70' lang='lat' dir='ltr'>illud!</span> <span class='ocrx_word' id='word_1_258' title='bbox 467 1586 490 1619; x_wconf 90' lang='lat' dir='ltr'>Et</span> <span class='ocrx_word' id='word_1_259' title='bbox 502 1595 536 1628; x_wconf 86' lang='lat' dir='ltr'>que</span> <span class='ocrx_word' id='word_1_260' title='bbox 546 1584 606 1627; x_wconf 88' lang='lat' dir='ltr'>maior,</span> <span class='ocrx_word' id='word_1_261' title='bbox 618 1595 677 1629; x_wconf 91' lang='lat' dir='ltr'>queso,</span> <span class='ocrx_word' id='word_1_262' title='bbox 689 1585 773 1619; x_wconf 86' lang='lat' dir='ltr'>uiolencia</span> 
     </span>
     <span class='ocr_line' id='line_1_28' title="bbox 70 1635 801 1679; baseline -0.003 -10"><span class='ocrx_word' id='word_1_263' title='bbox 70 1642 101 1677; x_wconf 87' lang='lat' dir='ltr'>est,</span> <span class='ocrx_word' id='word_1_264' title='bbox 116 1648 168 1679; x_wconf 88' lang='lat' dir='ltr'>quarn</span> <span class='ocrx_word' id='word_1_265' title='bbox 182 1637 239 1669; x_wconf 85' lang='lat' dir='ltr'>facere</span> <span class='ocrx_word' id='word_1_266' title='bbox 254 1641 272 1670; x_wconf 90' lang='lat' dir='ltr'>ut</span> <span class='ocrx_word' id='word_1_267' title='bbox 288 1646 328 1669; x_wconf 86' lang='lat' dir='ltr'>caro</span> <span class='ocrx_word' id='word_1_268' title='bbox 343 1636 376 1669; x_wconf 85' lang='lat' dir='ltr'>fiat·</span> <span class='ocrx_word' id='word_1_269' title='bbox 388 1635 462 1678; x_wconf 86' lang='lat' dir='ltr'>spiritus,</span> <span class='ocrx_word' id='word_1_270' title='bbox 478 1636 518 1668; x_wconf 83' lang='lat' dir='ltr'>illuc</span> <span class='ocrx_word' id='word_1_271' title='bbox 532 1637 626 1669; x_wconf 86' lang='lat' dir='ltr'>ascendere</span> <span class='ocrx_word' id='word_1_272' title='bbox 640 1636 686 1670; x_wconf 89' lang='lat' dir='ltr'>unde</span> <span class='ocrx_word' id='word_1_273' title='bbox 701 1637 773 1679; x_wconf 81' lang='lat' dir='ltr'>angelus</span> <span class='ocrx_word' id='word_1_274' title='bbox 782 1644 801 1676; x_wconf 80' lang='lat'>²5</span> 
     </span>
     <span class='ocr_line' id='line_1_29' title="bbox 71 1685 773 1729; baseline 0.001 -10"><span class='ocrx_word' id='word_1_275' title='bbox 71 1687 138 1728; x_wconf 89' lang='lat' dir='ltr'>cecidit,</span> <span class='ocrx_word' id='word_1_276' title='bbox 146 1697 178 1720; x_wconf 92' lang='lat' dir='ltr'>nec</span> <span class='ocrx_word' id='word_1_277' title='bbox 187 1687 242 1719; x_wconf 90' lang='lat' dir='ltr'>solum</span> <span class='ocrx_word' id='word_1_278' title='bbox 251 1696 329 1728; x_wconf 83' lang='lat' dir='ltr'>regnunt,</span> <span class='ocrx_word' id='word_1_279' title='bbox 337 1686 368 1719; x_wconf 91' lang='lat' dir='ltr'>sed</span> <span class='ocrx_word' id='word_1_280' title='bbox 376 1697 408 1728; x_wconf 93' lang='lat' dir='ltr'>per</span> <span class='ocrx_word' id='word_1_281' title='bbox 417 1685 514 1728; x_wconf 89' lang='lat' dir='ltr'>penitencie</span> <span class='ocrx_word' id='word_1_282' title='bbox 522 1685 635 1720; x_wconf 86' lang='lat' dir='ltr'>humilitatem</span> <span class='ocrx_word' id='word_1_283' title='bbox 644 1696 705 1728; x_wconf 88' lang='lat' dir='ltr'>rapere</span> <span class='ocrx_word' id='word_1_284' title='bbox 714 1697 773 1729; x_wconf 84' lang='lat' dir='ltr'>regem</span> 
     </span>
     <span class='ocr_line' id='line_1_30' title="bbox 70 1735 773 1779; baseline -0.001 -10"><span class='ocrx_word' id='word_1_285' title='bbox 70 1736 113 1769; x_wconf 80' lang='lat' dir='ltr'>celi?</span> <span class='ocrx_word' id='word_1_286' title='bbox 136 1738 174 1769; x_wconf 90' lang='lat' dir='ltr'>Iam</span> <span class='ocrx_word' id='word_1_287' title='bbox 185 1736 243 1779; x_wconf 84' lang='lat' dir='ltr'>itaque</span> <span class='ocrx_word' id='word_1_288' title='bbox 253 1735 317 1768; x_wconf 90' lang='lat' dir='ltr'>mundo</span> <span class='ocrx_word' id='word_1_289' title='bbox 330 1735 385 1776; x_wconf 85' lang='lat' dir='ltr'>altior,</span> <span class='ocrx_word' id='word_1_290' title='bbox 397 1735 432 1768; x_wconf 90' lang='lat' dir='ltr'>iam</span> <span class='ocrx_word' id='word_1_291' title='bbox 442 1746 453 1768; x_wconf 89' lang='lat' dir='ltr'>a</span> <span class='ocrx_word' id='word_1_292' title='bbox 466 1745 537 1777; x_wconf 88' lang='lat' dir='ltr'>corpore</span> <span class='ocrx_word' id='word_1_293' title='bbox 548 1735 662 1777; x_wconf 82' lang='lat' dir='ltr'>peregrinans¹</span> <span class='ocrx_word' id='word_1_294' title='bbox 675 1742 691 1769; x_wconf 92' lang='lat' dir='ltr'>et</span> <span class='ocrx_word' id='word_1_295' title='bbox 702 1736 773 1769; x_wconf 90' lang='lat' dir='ltr'>omnino</span> 
     </span>
     <span class='ocr_line' id='line_1_31' title="bbox 71 1785 774 1830; baseline -0.001 -10"><span class='ocrx_word' id='word_1_296' title='bbox 71 1787 207 1830; x_wconf 84' lang='lat' dir='ltr'>‘complantatus</span> <span class='ocrx_word' id='word_1_297' title='bbox 217 1785 324 1819; x_wconf 90' lang='lat' dir='ltr'>similitudini</span> <span class='ocrx_word' id='word_1_298' title='bbox 334 1786 394 1819; x_wconf 90' lang='lat' dir='ltr'>mortis</span> <span class='ocrx_word' id='word_1_299' title='bbox 402 1785 486 1819; x_wconf 85' lang='lat' dir='ltr'>Christi¹:</span> <span class='ocrx_word' id='word_1_300' title='bbox 498 1785 541 1819; x_wconf 92' lang='lat' dir='ltr'>sicut</span> <span class='ocrx_word' id='word_1_301' title='bbox 549 1785 648 1819; x_wconf 65' lang='lat' dir='ltr'>exhibuerat</span> <span class='ocrx_word' id='word_1_302' title='bbox 656 1786 734 1819; x_wconf 83' lang='lat' dir='ltr'>membra</span> <span class='ocrx_word' id='word_1_303' title='bbox 741 1797 774 1820; x_wconf 85' lang='lat' dir='ltr'>sua</span> 
     </span>
     <span class='ocr_line' id='line_1_32' title="bbox 70 1834 773 1877; baseline -0.001 -6"><span class='ocrx_word' id='word_1_304' title='bbox 70 1839 134 1872; x_wconf 88' lang='lat' dir='ltr'>seruire</span> <span class='ocrx_word' id='word_1_305' title='bbox 144 1837 216 1870; x_wconf 84' lang='lat' dir='ltr'>uanitati</span> <span class='ocrx_word' id='word_1_306' title='bbox 226 1837 249 1870; x_wconf 91' lang='lat' dir='ltr'>ad</span> <span class='ocrx_word' id='word_1_307' title='bbox 259 1836 358 1877; x_wconf 88' lang='lat' dir='ltr'>uanitatem,</span> <span class='ocrx_word' id='word_1_308' title='bbox 367 1836 392 1870; x_wconf 87' lang='lat' dir='ltr'>sic</span> <span class='ocrx_word' id='word_1_309' title='bbox 404 1847 424 1869; x_wconf 87' lang='lat' dir='ltr'>ea</span> <span class='ocrx_word' id='word_1_310' title='bbox 433 1835 509 1869; x_wconf 90' lang='lat' dir='ltr'>exhihuit</span> <span class='ocrx_word' id='word_1_311' title='bbox 519 1835 583 1869; x_wconf 80' lang='lat' dir='ltr'>seruire</span> <span class='ocrx_word' id='word_1_312' title='bbox 594 1834 660 1869; x_wconf 91' lang='lat' dir='ltr'>iusticie</span> <span class='ocrx_word' id='word_1_313' title='bbox 670 1835 688 1870; x_wconf 90' lang='lat' dir='ltr'>in</span> <span class='ocrx_word' id='word_1_314' title='bbox 698 1836 773 1870; x_wconf 85' lang='lat' dir='ltr'>sanctifi·</span> 
     </span>
     <span class='ocr_line' id='line_1_33' title="bbox 71 1886 801 1931; baseline -0.001 -8"><span class='ocrx_word' id='word_1_315' title='bbox 71 1888 161 1923; x_wconf 87' lang='lat' dir='ltr'>cationem.</span> <span class='ocrx_word' id='word_1_316' title='bbox 177 1889 230 1922; x_wconf 81' lang='lat' dir='ltr'>Porro</span> <span class='ocrx_word' id='word_1_317' title='bbox 237 1887 278 1931; x_wconf 91' lang='lat' dir='ltr'>quia</span> <span class='ocrx_word' id='word_1_318' title='bbox 285 1887 350 1922; x_wconf 89' lang='lat' dir='ltr'>sciebat</span> <span class='ocrx_word' id='word_1_319' title='bbox 358 1897 419 1922; x_wconf 91' lang='lat' dir='ltr'>sensus</span> <span class='ocrx_word' id='word_1_320' title='bbox 426 1886 501 1921; x_wconf 87' lang='lat' dir='ltr'>hominis</span> <span class='ocrx_word' id='word_1_321' title='bbox 509 1897 573 1930; x_wconf 89' lang='lat' dir='ltr'>pronos</span> <span class='ocrx_word' id='word_1_322' title='bbox 581 1897 619 1921; x_wconf 89' lang='lat' dir='ltr'>esse</span> <span class='ocrx_word' id='word_1_323' title='bbox 627 1888 649 1921; x_wconf 84' lang='lat' dir='ltr'>ab</span> <span class='ocrx_word' id='word_1_324' title='bbox 657 1887 773 1922; x_wconf 88' lang='lat' dir='ltr'>adolescentia</span> <span class='ocrx_word' id='word_1_325' title='bbox 782 1896 801 1927; x_wconf 74' lang='lat'>30</span> 
     </span>
     <span class='ocr_line' id='line_1_34' title="bbox 71 1938 773 1980; baseline -0.001 -7"><span class='ocrx_word' id='word_1_326' title='bbox 71 1940 88 1973; x_wconf 90' lang='lat' dir='ltr'>in</span> <span class='ocrx_word' id='word_1_327' title='bbox 96 1941 159 1973; x_wconf 85' lang='lat' dir='ltr'>malum</span> <span class='ocrx_word' id='word_1_328' title='bbox 167 1939 199 1972; x_wconf 92' lang='lat' dir='ltr'>nisi</span> <span class='ocrx_word' id='word_1_329' title='bbox 208 1939 320 1972; x_wconf 89' lang='lat' dir='ltr'>cohibeantur</span> <span class='ocrx_word' id='word_1_330' title='bbox 327 1939 440 1972; x_wconf 76' lang='lat' dir='ltr'>obseruantia</span> <span class='ocrx_word' id='word_1_331' title='bbox 449 1938 528 1979; x_wconf 85' lang='lat' dir='ltr'>regulari,</span> <span class='ocrx_word' id='word_1_332' title='bbox 537 1938 631 1980; x_wconf 85' lang='lat' dir='ltr'>Ripadium</span> <span class='ocrx_word' id='word_1_333' title='bbox 639 1938 692 1979; x_wconf 92' lang='lat' dir='ltr'>uenit,</span> <span class='ocrx_word' id='word_1_334' title='bbox 699 1938 728 1972; x_wconf 90' lang='lat' dir='ltr'>ubi</span> <span class='ocrx_word' id='word_1_335' title='bbox 736 1945 773 1972; x_wconf 89' lang='lat' dir='ltr'>erat</span> 
     </span>
     <span class='ocr_line' id='line_1_35' title="bbox 71 1987 774 2030; baseline 0 -8"><span class='ocrx_word' id='word_1_336' title='bbox 71 1987 194 2022; x_wconf 87' lang='lat' dir='ltr'>monasterium</span> <span class='ocrx_word' id='word_1_337' title='bbox 206 1988 261 2021; x_wconf 90' lang='lat' dir='ltr'>sancti</span> <span class='ocrx_word' id='word_1_338' title='bbox 273 1987 318 2021; x_wconf 91' lang='lat' dir='ltr'>Petri</span> <span class='ocrx_word' id='word_1_339' title='bbox 330 1988 446 2030; x_wconf 89' lang='lat' dir='ltr'>apostolorum</span> <span class='ocrx_word' id='word_1_340' title='bbox 459 1987 547 2029; x_wconf 90' lang='lat' dir='ltr'>principis.</span> <span class='ocrx_word' id='word_1_341' title='bbox 570 1988 611 2030; x_wconf 91' lang='lat' dir='ltr'>lpse</span> <span class='ocrx_word' id='word_1_342' title='bbox 621 1998 662 2030; x_wconf 86' lang='lat' dir='ltr'>ergo</span> <span class='ocrx_word' id='word_1_343' title='bbox 672 1989 695 2021; x_wconf 91' lang='lat' dir='ltr'>ad</span> <span class='ocrx_word' id='word_1_344' title='bbox 706 1998 774 2022; x_wconf 85' lang='lat' dir='ltr'>monas-</span> 
     </span>
     <span class='ocr_line' id='line_1_36' title="bbox 71 2037 774 2082; baseline -0.001 -9"><span class='ocrx_word' id='word_1_345' title='bbox 71 2039 132 2074; x_wconf 90' lang='lat' dir='ltr'>terium</span> <span class='ocrx_word' id='word_1_346' title='bbox 142 2039 184 2072; x_wconf 88' lang='lat' dir='ltr'>illud</span> <span class='ocrx_word' id='word_1_347' title='bbox 196 2049 215 2071; x_wconf 92' lang='lat' dir='ltr'>se</span> <span class='ocrx_word' id='word_1_348' title='bbox 226 2038 292 2082; x_wconf 85' lang='lat' dir='ltr'>optulit,</span> <span class='ocrx_word' id='word_1_349' title='bbox 302 2039 393 2072; x_wconf 89' lang='lat' dir='ltr'>etelectus</span> <span class='ocrx_word' id='word_1_350' title='bbox 403 2037 421 2071; x_wconf 90' lang='lat' dir='ltr'>in</span> <span class='ocrx_word' id='word_1_351' title='bbox 431 2044 494 2072; x_wconf 90' lang='lat' dir='ltr'>sortem</span> <span class='ocrx_word' id='word_1_352' title='bbox 503 2037 580 2078; x_wconf 88' lang='lat' dir='ltr'>Domini,</span> <span class='ocrx_word' id='word_1_353' title='bbox 590 2044 695 2072; x_wconf 86' lang='lat' dir='ltr'>caracterem</span> <span class='ocrx_word' id='word_1_354' title='bbox 704 2044 774 2073; x_wconf 81' lang='lat' dir='ltr'>tonsure</span> 
     </span>
    </p>
   </div>
   <div class='ocr_carea' id='block_1_5' title="bbox 70 2138 802 2434">
    <p class='ocr_par' dir='ltr' id='par_1_6' title="bbox 70 2138 802 2434">
     <span class='ocr_line' id='line_1_37' title="bbox 70 2138 801 2183; baseline -0.001 -9"><span class='ocrx_word' id='word_1_355' title='bbox 70 2151 132 2183; x_wconf 90' lang='lat' dir='ltr'>corpus</span> <span class='ocrx_word' id='word_1_356' title='bbox 146 2150 195 2173; x_wconf 91' lang='lat' dir='ltr'>suurn</span> <span class='ocrx_word' id='word_1_357' title='bbox 209 2139 285 2173; x_wconf 90' lang='lat' dir='ltr'>hostiam</span> <span class='ocrx_word' id='word_1_358' title='bbox 302 2145 380 2172; x_wconf 85' lang='lat' dir='ltr'>sanctam</span> <span class='ocrx_word' id='word_1_359' title='bbox 398 2139 490 2180; x_wconf 87' lang='lat' dir='ltr'>uiuentem,</span> <span class='ocrx_word' id='word_1_360' title='bbox 505 2138 601 2181; x_wconf 84' lang='lat' dir='ltr'>placentem</span> <span class='ocrx_word' id='word_1_361' title='bbox 616 2138 655 2180; x_wconf 90' lang='lat' dir='ltr'>deo,</span> <span class='ocrx_word' id='word_1_362' title='bbox 669 2139 801 2180; x_wconf 79' lang='lat' dir='ltr'>racionabileas</span> 
     </span>
     <span class='ocr_line' id='line_1_38' title="bbox 71 2188 775 2233; baseline -0.003 -9"><span class='ocrx_word' id='word_1_363' title='bbox 71 2190 172 2233; x_wconf 90' lang='lat' dir='ltr'>obsequium</span> <span class='ocrx_word' id='word_1_364' title='bbox 180 2189 240 2223; x_wconf 72' lang='lat' dir='ltr'>suum!</span> <span class='ocrx_word' id='word_1_365' title='bbox 263 2190 287 2222; x_wconf 85' lang='lat' dir='ltr'>Et</span> <span class='ocrx_word' id='word_1_366' title='bbox 295 2189 335 2232; x_wconf 88' lang='lat' dir='ltr'>quia</span> <span class='ocrx_word' id='word_1_367' title='bbox 342 2189 389 2222; x_wconf 84' lang='lat' dir='ltr'>iuxta</span> <span class='ocrx_word' id='word_1_368' title='bbox 397 2189 492 2222; x_wconf 86' lang='lat' dir='ltr'>doctrinam</span> <span class='ocrx_word' id='word_1_369' title='bbox 502 2188 574 2230; x_wconf 88' lang='lat' dir='ltr'>upostoli</span> <span class='ocrx_word' id='word_1_370' title='bbox 582 2189 649 2222; x_wconf 86' lang='lat' dir='ltr'>‘omnis</span> <span class='ocrx_word' id='word_1_371' title='bbox 656 2188 685 2231; x_wconf 92' lang='lat' dir='ltr'>qui</span> <span class='ocrx_word' id='word_1_372' title='bbox 694 2190 711 2222; x_wconf 90' lang='lat' dir='ltr'>in</span> <span class='ocrx_word' id='word_1_373' title='bbox 719 2200 775 2232; x_wconf 79' lang='lat' dir='ltr'>agone</span> 
     </span>
     <span class='ocr_line' id='line_1_39' title="bbox 71 2238 774 2282; baseline -0.003 -7"><span class='ocrx_word' id='word_1_374' title='bbox 71 2240 164 2282; x_wconf 85' lang='lat' dir='ltr'>contendit,</span> <span class='ocrx_word' id='word_1_375' title='bbox 172 2240 194 2273; x_wconf 93' lang='lat' dir='ltr'>ab</span> <span class='ocrx_word' id='word_1_376' title='bbox 203 2239 283 2273; x_wconf 91' lang='lat' dir='ltr'>omuibus</span> <span class='ocrx_word' id='word_1_377' title='bbox 295 2249 313 2273; x_wconf 92' lang='lat' dir='ltr'>se</span> <span class='ocrx_word' id='word_1_378' title='bbox 324 2238 419 2272; x_wconf 80' lang='lat' dir='ltr'>abstinet¹t</span> <span class='ocrx_word' id='word_1_379' title='bbox 431 2239 454 2272; x_wconf 89' lang='lat' dir='ltr'>ab</span> <span class='ocrx_word' id='word_1_380' title='bbox 465 2248 486 2272; x_wconf 92' lang='lat' dir='ltr'>eo</span> <span class='ocrx_word' id='word_1_381' title='bbox 497 2244 574 2282; x_wconf 88' lang='lat' dir='ltr'>tempore</span> <span class='ocrx_word' id='word_1_382' title='bbox 585 2238 638 2273; x_wconf 89' lang='lat' dir='ltr'>nichil</span> <span class='ocrx_word' id='word_1_383' title='bbox 649 2240 720 2273; x_wconf 91' lang='lat' dir='ltr'>omnino</span> <span class='ocrx_word' id='word_1_384' title='bbox 731 2240 774 2274; x_wconf 92' lang='lat' dir='ltr'>bibit</span> 
     </span>
     <span class='ocr_line' id='line_1_40' title="bbox 71 2289 774 2335; baseline -0.004 -9"><span class='ocrx_word' id='word_1_385' title='bbox 71 2293 118 2335; x_wconf 89' lang='lat' dir='ltr'>quod</span> <span class='ocrx_word' id='word_1_386' title='bbox 131 2302 169 2326; x_wconf 90' lang='lat' dir='ltr'>esse</span> <span class='ocrx_word' id='word_1_387' title='bbox 182 2296 241 2335; x_wconf 86' lang='lat' dir='ltr'>posset</span> <span class='ocrx_word' id='word_1_388' title='bbox 253 2289 340 2324; x_wconf 89' lang='lat' dir='ltr'>ebrietatis</span> <span class='ocrx_word' id='word_1_389' title='bbox 351 2289 424 2324; x_wconf 89' lang='lat' dir='ltr'>occasio.</span> <span class='ocrx_word' id='word_1_390' title='bbox 448 2290 468 2323; x_wconf 92' lang='lat' dir='ltr'>In</span> <span class='ocrx_word' id='word_1_391' title='bbox 482 2289 587 2323; x_wconf 90' lang='lat' dir='ltr'>monasterio</span> <span class='ocrx_word' id='word_1_392' title='bbox 600 2295 658 2324; x_wconf 91' lang='lat' dir='ltr'>autem</span> <span class='ocrx_word' id='word_1_393' title='bbox 670 2291 745 2333; x_wconf 90' lang='lat' dir='ltr'>psalmos</span> <span class='ocrx_word' id='word_1_394' title='bbox 756 2296 774 2324; x_wconf 93' lang='lat' dir='ltr'>et</span> 
     </span>
     <span class='ocr_line' id='line_1_41' title="bbox 71 2340 772 2387; baseline -0.003 -12"><span class='ocrx_word' id='word_1_395' title='bbox 71 2354 133 2387; x_wconf 86' lang='lat' dir='ltr'>ymnos</span> <span class='ocrx_word' id='word_1_396' title='bbox 147 2341 213 2381; x_wconf 86' lang='lat' dir='ltr'>didicit,</span> <span class='ocrx_word' id='word_1_397' title='bbox 228 2347 279 2384; x_wconf 91' lang='lat' dir='ltr'>atque</span> <span class='ocrx_word' id='word_1_398' title='bbox 295 2341 313 2374; x_wconf 94' lang='lat' dir='ltr'>in</span> <span class='ocrx_word' id='word_1_399' title='bbox 330 2340 406 2374; x_wconf 87' lang='lat' dir='ltr'>sciencia</span> <span class='ocrx_word' id='word_1_400' title='bbox 422 2346 521 2374; x_wconf 87' lang='lat' dir='ltr'>sanctorum</span> <span class='ocrx_word' id='word_1_401' title='bbox 538 2341 582 2374; x_wconf 79' lang='lat' dir='ltr'>infra</span> <span class='ocrx_word' id='word_1_402' title='bbox 597 2340 684 2374; x_wconf 88' lang='lat' dir='ltr'>biennium</span> <span class='ocrx_word' id='word_1_403' title='bbox 699 2340 772 2374; x_wconf 86' lang='lat' dir='ltr'>mirabili</span> 
     </span>
     <span class='ocr_line' id='line_1_42' title="bbox 71 2390 802 2434; baseline -0.003 -8"><span class='ocrx_word' id='word_1_404' title='bbox 71 2393 153 2426; x_wconf 80' lang='lat' dir='ltr'>facilitate</span> <span class='ocrx_word' id='word_1_405' title='bbox 160 2392 236 2434; x_wconf 80' lang='lat' dir='ltr'>profecit.</span> <span class='ocrx_word' id='word_1_406' title='bbox 256 2393 300 2425; x_wconf 86' lang='lat' dir='ltr'>Cum</span> <span class='ocrx_word' id='word_1_407' title='bbox 308 2392 355 2425; x_wconf 90' lang='lat' dir='ltr'>enim</span> <span class='ocrx_word' id='word_1_408' title='bbox 363 2397 408 2424; x_wconf 89' lang='lat' dir='ltr'>esset</span> <span class='ocrx_word' id='word_1_409' title='bbox 417 2390 495 2424; x_wconf 90' lang='lat' dir='ltr'>docibilis</span> <span class='ocrx_word' id='word_1_410' title='bbox 503 2390 616 2431; x_wconf 87' lang='lat' dir='ltr'>deo,‘unctio</span> <span class='ocrx_word' id='word_1_411' title='bbox 623 2391 696 2423; x_wconf 86' lang='lat' dir='ltr'>docebat</span> <span class='ocrx_word' id='word_1_412' title='bbox 704 2401 743 2422; x_wconf 91' lang='lat' dir='ltr'>eum</span> <span class='ocrx_word' id='word_1_413' title='bbox 751 2391 773 2422; x_wconf 93' lang='lat' dir='ltr'>de</span> <span class='ocrx_word' id='word_1_414' title='bbox 781 2403 802 2432; x_wconf 76' lang='lat'>40</span> 
     </span>
    </p>
   </div>
   <div class='ocr_carea' id='block_1_6' title="bbox 71 2439 774 2534">
    <p class='ocr_par' dir='ltr' id='par_1_7' title="bbox 71 2439 774 2534">
     <span class='ocr_line' id='line_1_43' title="bbox 71 2439 773 2488; baseline -0.006 -12"><span class='ocrx_word' id='word_1_415' title='bbox 71 2442 160 2482; x_wconf 86' lang='lat' dir='ltr'>omnibus,&#39;</span> <span class='ocrx_word' id='word_1_416' title='bbox 166 2447 247 2484; x_wconf 86' lang='lat' dir='ltr'>utposset</span> <span class='ocrx_word' id='word_1_417' title='bbox 252 2441 309 2475; x_wconf 88' lang='lat' dir='ltr'>dicere</span> <span class='ocrx_word' id='word_1_418' title='bbox 314 2452 354 2475; x_wconf 89' lang='lat' dir='ltr'>curn</span> <span class='ocrx_word' id='word_1_419' title='bbox 360 2442 454 2488; x_wconf 85' lang='lat' dir='ltr'>propheta:</span> <span class='ocrx_word' id='word_1_420' title='bbox 463 2440 501 2474; x_wconf 90' lang='lat' dir='ltr'>‘Dc</span> <span class='ocrx_word' id='word_1_421' title='bbox 506 2441 573 2474; x_wconf 89' lang='lat' dir='ltr'>excelso</span> <span class='ocrx_word' id='word_1_422' title='bbox 579 2441 624 2474; x_wconf 90' lang='lat' dir='ltr'>misit</span> <span class='ocrx_word' id='word_1_423' title='bbox 630 2439 709 2473; x_wconf 90' lang='lat' dir='ltr'>domiuus</span> <span class='ocrx_word' id='word_1_424' title='bbox 715 2440 773 2482; x_wconf 86' lang='lat' dir='ltr'>ignem</span> 
     </span>
     <span class='ocr_line' id='line_1_44' title="bbox 72 2490 774 2534; baseline -0.001 -8"><span class='ocrx_word' id='word_1_425' title='bbox 72 2492 90 2526; x_wconf 90' lang='lat' dir='ltr'>in</span> <span class='ocrx_word' id='word_1_426' title='bbox 101 2492 168 2526; x_wconf 92' lang='lat' dir='ltr'>ossibus</span> <span class='ocrx_word' id='word_1_427' title='bbox 180 2490 223 2525; x_wconf 88' lang='lat' dir='ltr'>meis</span> <span class='ocrx_word' id='word_1_428' title='bbox 234 2496 251 2525; x_wconf 91' lang='lat' dir='ltr'>et</span> <span class='ocrx_word' id='word_1_429' title='bbox 262 2491 336 2525; x_wconf 89' lang='lat' dir='ltr'>erudiuit</span> <span class='ocrx_word' id='word_1_430' title='bbox 347 2492 386 2525; x_wconf 67' lang='lat' dir='ltr'>me?</span> <span class='ocrx_word' id='word_1_431' title='bbox 409 2492 502 2534; x_wconf 87' lang='lat' dir='ltr'>Propterea</span> <span class='ocrx_word' id='word_1_432' title='bbox 513 2500 575 2524; x_wconf 87' lang='lat' dir='ltr'>munus</span> <span class='ocrx_word' id='word_1_433' title='bbox 586 2490 705 2524; x_wconf 88' lang='lat' dir='ltr'>inestimabilis</span> <span class='ocrx_word' id='word_1_434' title='bbox 715 2490 774 2532; x_wconf 87' lang='lat' dir='ltr'>gracie</span> 
     </span>
    </p>
   </div>
   <div class='ocr_carea' id='block_1_7' title="bbox 231 2580 613 2622">
    <p class='ocr_par' dir='ltr' id='par_1_8' title="bbox 231 2580 613 2622">
     <span class='ocr_line' id='line_1_45' title="bbox 231 2580 613 2622; baseline 0 -10"><span class='ocrx_word' id='word_1_435' title='bbox 231 2581 237 2601; x_wconf 87' lang='lat'>¹</span> <span class='ocrx_word' id='word_1_436' title='bbox 247 2581 266 2613; x_wconf 88' lang='lat' dir='ltr'>T.</span> <span class='ocrx_word' id='word_1_437' title='bbox 275 2582 294 2613; x_wconf 87' lang='lat' dir='ltr'>E.</span> <span class='ocrx_word' id='word_1_438' title='bbox 301 2590 359 2622; x_wconf 79' lang='lat' dir='ltr'>sequar.</span> <span class='ocrx_word' id='word_1_439' title='bbox 500 2580 507 2601; x_wconf 77' lang='lat'>²</span> <span class='ocrx_word' id='word_1_440' title='bbox 517 2580 550 2612; x_wconf 87' lang='lat' dir='ltr'>MS.</span> <span class='ocrx_word' id='word_1_441' title='bbox 558 2580 613 2612; x_wconf 79' lang='lat' dir='ltr'>irritari.</span> 
     </span>
    </p>
   </div>
   <div class='ocr_carea' id='block_1_8' title="bbox 0 0 888 2803">
    <p class='ocr_par' dir='ltr' id='par_1_9' title="bbox 0 0 888 2803">
     <span class='ocr_line' id='line_1_46' title="bbox 0 0 888 2803; baseline 0 0"><span class='ocrx_word' id='word_1_442' title='bbox 0 0 888 2803; x_wconf 95' lang='lat' dir='ltr'> </span> 
     </span>
    </p>
   </div>
  </div>
 </body>
</html>
