1762 2803
97 147 139 177 202
287 135 367 187 suono
382 132 499 195 tonante
514 132 606 194 annito.

97 259 179 288 mortuus
191 253 210 287 in
221 259 289 288 terram
300 255 370 289 cecidit.
424 248 447 289 ln
456 255 550 300 prouincia
558 255 650 288 Pictorum
658 254 750 298 quendam
759 254 798 298 ple-

97 308 152 342 beum
164 318 206 343 curn
219 319 252 342 sua
265 308 333 342 familia
345 309 364 342 in
377 309 413 343 fide
425 310 519 343 instruens
531 309 639 352 baptizauit;
651 318 684 351 pro
697 308 748 342 cuius
761 308 798 341 filio

97 366 169 395 mortuo
180 362 256 405 genibus
266 361 320 395 flexis
330 362 385 394 deum
397 363 484 404 exorauit,
493 368 510 396 et
522 372 601 406 surgens
610 362 633 395 ad
642 366 733 394 mortuum
742 360 798 394 dixit:

98 414 130 448 ‘ln
144 415 218 449 nomine
232 414 300 448 domini
313 414 368 448 ihesu
382 415 455 458 Christi,
468 426 522 460 surge
535 420 553 449 et
569 420 597 449 sta
609 425 665 459 super
676 415 734 458 pedes
747 414 799 447 tuos!

81 480 89 511 5
99 467 122 501 Et
131 469 219 501 redeunte
228 468 289 500 anima
298 469 320 501 ad
330 478 401 511 corpuS,
412 470 470 502 tenuit
478 470 507 503 vir
516 470 546 502 dei
555 479 629 502 manum
639 468 684 510 eius,
692 473 710 501 et
721 467 799 501 reddidit

98 531 140 553 eum
155 520 203 562 patri
218 531 256 554 suo.
317 514 387 563 Magus
403 522 477 563 quidam
492 521 537 554 dixit
552 523 575 554 ad
591 522 710 554 Columbam:
729 520 799 553 ‘Dicito

98 571 158 614 michi,
171 570 264 614 Columba,
277 582 313 615 quo
327 577 410 615 tempore
426 573 514 616 proponis
529 574 627 616 nauigare!
650 572 728 614 ‘Tertia
741 571 799 615 inquit

97 624 134 667 ille,
145 626 174 658 die
186 625 221 657 deo
234 625 307 658 volente
320 636 403 668 propono
416 627 514 669 nauigare!
537 626 589 659 ‘Non
603 625 678 669 poteris,
690 626 713 659 ait
729 635 800 667 magus,

98 687 141 711 nam
154 687 188 721 ego
201 682 276 711 ventum
292 679 324 711 tibi
340 679 451 712 contrarium
465 679 530 721 iacere,
546 679 679 722 caliginemque
694 679 799 712 vmbrosam

72 743 91 765 10
98 731 241 775 superinducere
255 733 342 775 possum?
371 731 518 776 ‘Omnipotentia
528 731 563 775 dei,
574 731 619 766 dixit
629 737 709 774 sanetus,
718 731 800 764 omnium

98 784 217 827 dominatur¹‚
229 785 247 818 in
260 785 311 819 cuius
323 785 398 819 nomine
409 797 474 820 omnes
489 785 547 820 nostri
560 791 621 819 motus
634 785 675 829 ipso
686 785 800 829 gubernante

98 839 196 882 reguntur!
219 838 282 872 Tertia
288 849 332 872 vero
341 840 370 872 die
378 840 426 883 magi
434 840 514 883 gaudere
522 843 615 883 ceperunt,
624 849 710 883 magnam
715 838 800 872 videntes

99 892 248 934 superinductam
263 892 364 935 caliginem,
380 897 399 926 et
415 893 525 926 contrarium
543 903 585 926 cum
603 896 713 935 tempestate
732 891 800 925 ilatum.

100 944 189 977 Columba
201 948 263 976 tamen
276 945 359 978 inuocato
372 945 402 978 dei
413 946 487 978 nomine
499 956 566 978 nauem
577 945 653 986 intrans,
664 945 726 977 velum
738 949 801 976 contra

73 1000 175 1041 15ventum
186 996 231 1039 erigi
241 996 303 1031 iussit:
315 1001 334 1030 et
345 1002 408 1031 contra
420 997 473 1031 ssatus
485 998 573 1031 aduersos
585 997 631 1030 mira
642 996 694 1030 nauis
706 995 800 1029 velocitate

100 1049 184 1090 cucurrit,
194 1048 292 1092 ventique²
303 1050 388 1083 contrarii
399 1051 422 1083 ad
431 1055 494 1083 votum
505 1055 627 1084 reuertuntur.
672 1042 730 1082 Facta
740 1053 801 1081 autem

100 1101 180 1135 siccitate
191 1112 262 1145 magna,
272 1102 337 1136 fratres
347 1102 405 1136 sancti
417 1103 505 1136 Columbe
518 1103 562 1136 inito
574 1102 650 1136 consilio
663 1112 722 1145 nuper
731 1106 801 1134 aratum

99 1159 117 1188 et
131 1155 242 1188 seminatum
254 1166 338 1199 eampum
351 1167 392 1189 curn
403 1156 437 1189 viri
449 1156 479 1189 dei
491 1156 568 1189 candida
578 1155 640 1189 tunica
651 1160 669 1188 et
681 1155 732 1188 libris
744 1155 767 1187 ab
779 1165 801 1187 eo

100 1208 172 1252 scriptis
184 1207 298 1250 circuierunt,
310 1208 366 1242 libros
378 1208 417 1242 eius
429 1214 539 1252 aperuerunt
551 1214 569 1242 et
581 1208 665 1252 legerunt
676 1207 694 1241 in
707 1207 801 1241 ‘colliculo

73 1261 217 1306 zoangelorum,’
230 1260 260 1295 vbi
275 1261 372 1306 aliquando
388 1262 461 1296 celestis
478 1262 536 1306 patrie
553 1262 603 1296 ciues
620 1262 643 1295 ad
658 1261 802 1295 consolationem

99 1315 147 1348 beati
162 1313 251 1349 Columbe
265 1315 378 1349 descendere
394 1315 483 1349 solebant.
506 1315 529 1349 Et
547 1326 590 1349 ecce
609 1315 673 1349 eadem
692 1314 722 1348 die
740 1314 802 1357 pluuia

100 1378 166 1411 magna
178 1367 200 1400 de
212 1367 251 1400 celo
263 1368 363 1410 descendit,
375 1373 394 1402 et
405 1368 473 1402 siciens
484 1367 536 1411 prius
549 1373 598 1401 terra
610 1372 693 1411 tempore
705 1378 738 1401 suo
752 1366 802 1400 dedit

99 1420 178 1454 fructum
193 1431 252 1454 suum.
301 1413 372 1455 Tribus
387 1422 437 1454 enim
451 1422 527 1463 vicibus,
542 1420 626 1454 inuocato
641 1421 699 1454 sancti
714 1420 802 1454 Columbe

100 1474 180 1515 nomine,
192 1473 277 1506 iratribus
292 1484 343 1506 mare
357 1474 461 1508 transituris
472 1473 533 1507 venti³
545 1475 629 1507 contrarii
643 1474 666 1506 ad
677 1478 740 1507 votum
751 1483 802 1516 pros-

74 1540 92 1569 ²5
101 1525 178 1568 perum⁴
186 1530 229 1558 sunt
237 1519 467 1559 conuersi.·——-Presbiter
475 1527 549 1568 quidam
556 1527 634 1559 nutritor
642 1526 700 1558 sancti
708 1525 802 1566 Columbe‚

101 1583 144 1623 post
157 1578 233 1612 missam
248 1579 271 1612 ad
286 1578 385 1623 hospitium
400 1578 500 1621 diuertens‚
510 1584 567 1613 totam
579 1578 649 1613 inuenit
663 1579 738 1612 domum
751 1589 803 1613 suam

103 1633 151 1666 clara
167 1631 207 1666 luce
221 1632 336 1667 irradiatam:
356 1632 435 1667 Globum
450 1633 518 1676 quippe
534 1633 609 1676 igneum
624 1643 680 1676 super
694 1631 746 1675 pueri
761 1633 803 1666 dor-

103 1685 177 1719 mientis
191 1685 255 1717 taciem
269 1690 348 1718 stantem
361 1686 410 1719 vidit.
434 1686 474 1726 Quo
486 1686 531 1727 viso,
545 1686 606 1719 statim
619 1685 717 1726 intremuit,
729 1690 747 1718 et
761 1695 803 1728 pro·

103 1743 159 1773 strato
169 1737 187 1773 in
196 1742 264 1771 terram
272 1738 322 1772 vultu
332 1738 407 1782 spiritus
416 1738 473 1773 sancti
481 1738 558 1782 gratiam
568 1748 625 1781 super
632 1738 740 1781 alumpnum
749 1748 803 1772 suum

75 1805 94 1833 30
103 1791 167 1825 celitus
176 1790 253 1824 effusam
261 1790 355 1825 intellexit.
400 1784 451 1826 Cum
459 1801 469 1825 a
477 1791 555 1835 quadam
563 1791 634 1834 synodo
642 1789 709 1824 iniuste
716 1790 804 1824 Columba

102 1843 295 1886 excommunicaretur,
308 1844 331 1878 ad
346 1845 424 1878 eandem
439 1845 599 1888 congregationem
613 1842 674 1886 venit;
692 1854 747 1887 quem
762 1854 803 1877 cum

102 1897 174 1932 eminus
185 1897 362 1941 appropinquantem
374 1903 449 1932 sanctus
460 1897 537 1932 vidisset
549 1897 664 1939 Brendanus,
674 1896 691 1931 ei
703 1908 804 1940 assurgens

102 1951 188 1983 inclinata
196 1950 241 1983 facie
249 1960 291 1982 eum
298 1956 396 1983 veneratus
404 1951 501 1983 osculatur.
530 1951 590 1991 Quem
602 1960 643 1982 cum
655 1950 710 1991 aliqui
721 1950 804 1982 seniores

103 2004 234 2047 redarguerent
248 2003 296 2046 quod
310 2003 479 2036 excommunicato⁶
493 2002 616 2036 reuerentiam
629 2002 685 2036 talem
697 2002 804 2036 exhiberet:

64 2068 66 2071 ’
76 2068 94 2099 55
104 2056 134 2091 ‘Si
145 2065 184 2098 vos,
196 2055 225 2098 ait,
237 2055 323 2089 videretis
335 2066 357 2090 ea
368 2063 404 2099 que
414 2056 469 2090 michi
479 2057 565 2090 dominus
577 2056 600 2090 de
611 2055 646 2090 isto
657 2066 696 2098 suo,
706 2065 761 2099 quem
773 2056 804 2089 de·

73 2133 75 2137 s
103 2108 213 2150 honoratisl,
225 2108 283 2141 electo
295 2109 412 2143 manifestare
425 2110 510 2152 dignatus
526 2114 559 2151 est,
572 2119 666 2152 nunquam
680 2109 805 2142 excommuni-

103 2161 180 2197 cassetis
191 2172 246 2206 quem
255 2162 306 2205 deus,
314 2167 394 2197 vestram
407 2162 519 2197 sententiam
530 2174 567 2197 non
579 2161 703 2206 approbando,
714 2161 772 2206 magis
784 2172 805 2196 ac

103 2216 162 2260 magis
179 2215 294 2259 magnificat:
315 2215 390 2260 igneam
405 2221 423 2250 et
437 2216 490 2250 valde
505 2215 615 2250 luminosam
631 2215 748 2259 columpnam
763 2226 805 2249 eum

104 2270 234 2314 precedentem
247 2268 289 2311 vidi,
301 2274 319 2302 et
332 2269 408 2313 angelos
420 2275 493 2303 sanctos
506 2270 581 2303 comites
596 2268 667 2302 itineris
682 2268 726 2301 eius.
750 2267 806 2301 Hunc

76 2335 96 2365 40
104 2323 165 2366 itaque
184 2332 273 2365 spernere
292 2333 329 2355 non
348 2323 412 2365 audeo,
428 2333 483 2366 quern
501 2323 611 2366 populorum
627 2322 693 2354 ducem
710 2321 733 2354 ad
749 2321 806 2355 vitam

104 2380 187 2409 eternam
206 2374 343 2418 preordinatum
361 2375 425 2410 video'
456 2375 491 2409 His
512 2375 583 2417 auditis,
599 2379 682 2408 sanctum
699 2372 806 2407 Columbam

105 2439 170 2461 omnes
180 2428 264 2460 venerari
276 2433 370 2471 ceperunt.
426 2421 515 2462 Morante
529 2433 592 2461 sancto
606 2426 695 2460 Columba
705 2425 724 2459 in
738 2426 807 2471 Himba

105 2480 170 2523 insula,
179 2481 257 2523 quadam
268 2485 321 2515 nocte
333 2481 419 2525 angelum
431 2481 465 2524 dei,
474 2482 497 2515 ad
509 2492 529 2515 se
541 2480 624 2521 missum,
632 2479 676 2513 vidit
687 2478 706 2512 in
718 2480 806 2523 sompnis,

126 2557 161 2587 1Ε,
169 2558 261 2589 dominator.
311 2558 425 2598 ²T.queque.
477 2559 607 2590 ³E.T.ventus.
660 2556 807 2597 *ninprospcros

106 2599 112 2617 ⁵
124 2599 141 2630 E.
148 2600 271 2630 excomunicato.
311 2599 317 2617 ⁶
328 2601 346 2630 E.
355 2601 460 2630 dehoneratis.
