1762 2803
243 157 289 214 bt
304 155 391 210 aaut
406 155 460 213 bei
476 155 589 209 attritu.
722 169 765 212 491

66 276 146 313 thesauri
158 277 214 313 vestri
224 279 247 313 sit
255 280 273 313 in
281 279 383 323 perditione
391 278 497 321 vobiscum:
505 284 523 313 et
531 283 599 314 terram
613 287 667 322 quarn
680 276 768 311 effoderat

66 331 129 365 reiecit
140 332 159 365 in
171 332 249 366 foueam.
271 332 301 366 Ab
313 332 343 366 illo
354 333 384 366 die
395 343 489 376 nunquam
501 333 540 367 auri
551 331 581 366 vel
592 331 663 375 argenti
675 330 768 375 quippiam

66 384 101 418 sibi
107 384 163 419 voluit
171 395 281 419 conseruare
286 384 297 419 ¹.
334 378 429 430 “Quidam
435 386 464 420 vir
471 385 553 420 sterilem
562 385 720 425 habensvxorem,
727 393 769 427 pro-

67 436 125 472 fectus
136 443 164 472 est
176 438 268 473 advirum
279 438 314 481 dei,
325 443 343 473 et
355 449 396 472 cum
408 438 507 483 lachrymis
519 449 593 474 causatu
605 448 638 472 sue
650 436 725 471 tristicie
737 447 769 470 ex·

67 491 133 534 posuit.
156 491 192 533 Qui
207 491 322 534 compatiens
337 491 470 535 lachrymanti:
485 493 535 534 ‘hoc,
550 493 580 533 ait,
595 502 644 526 anno
661 490 693 525 tibi
710 489 769 534 pariet
778 502 789 532 5.

67 553 113 576 vxor
120 549 151 576 tua
159 543 227 584 filium;
239 554 294 586 quern
301 543 375 577 vocabis
383 544 457 578 nomine
465 555 507 579 meo
515 544 623 579 Godrieum!
646 543 679 577 ille
687 543 769 586 gaudeus

67 596 115 638 abiit,
126 602 144 630 et
155 597 220 630 eodem
231 607 280 630 anno
290 595 348 629 filium
359 596 383 630 de
392 608 449 630 vxore
461 596 547 640 suscepit,
555 602 574 631 et
582 596 687 638 Godricutn,
695 595 742 631 sicut
752 595 769 630 ei

68 648 138 683 iussum
148 648 212 691 fuerat,
220 648 324 693 appellauit.
347 649 383 691 Qui
395 655 437 693 post
447 651 504 683 breue
513 656 586 693 tempus
596 650 643 694 cepit
653 648 742 683 infirmari
751 653 770 682 et

68 702 91 736 ad
99 707 181 736 extrema
192 701 273 746 perduci.
295 701 348 736 Tunc
358 708 445 746 parentes
455 702 556 737 contristati
566 703 589 736 ad
597 702 656 737 virum
665 702 695 736 dei
703 711 769 745 corpus

68 754 177 797 detulerunt,
186 766 227 789 curn
236 755 335 798 lachrymis
343 755 431 789 auxilium
439 755 479 789 eius
486 757 605 799 postulantes.
621 754 769 799 ‘Curploratisi'
780 763 799 788 ro·

68 807 126 851 inquit
144 807 186 842 ille:
202 807 240 841 ‘Ne
259 808 327 851 putetis
346 818 424 852 puerum
440 807 558 842 defunctum:
570 808 633 851 ponite
647 808 697 841 illum
713 817 771 851 super

69 860 130 900 altare,
146 866 164 894 et
181 870 252 894 mecum
269 859 324 894 flexis
340 860 418 904 genibus
435 861 490 894 deum
507 871 541 904 pro
556 860 614 894 salute
629 861 669 894 eius
683 861 770 894 exorate’

70 912 157 947 Oratione
169 913 265 957 completa,
277 923 324 957 puer
335 913 400 947 vinens
414 918 432 947 et
445 913 508 947 ridens
521 912 619 947 inuenitur.
661 905 771 948 ³sedente*

68 966 108 1001 viro
121 967 151 1000 dei
166 966 210 1008 solo,
222 966 273 1000 affuit
284 965 351 1000 mulier
366 976 422 1010 super
436 977 501 1001 omnes
513 966 561 1000 filias
574 967 669 1000 hominum
683 965 771 1011 speciosa,

70 1020 147 1054 delicata
160 1019 215 1054 nimis
227 1025 246 1054 et
260 1025 327 1054 tenera.
351 1019 391 1062 Que
404 1020 473 1055 sedens
485 1020 567 1065 propius,
579 1025 597 1055 et
609 1030 651 1054 eum
663 1019 730 1054 blande
743 1030 771 1054 re·
781 1029 800 1060 ¹5

70 1072 160 1116 spiciens;
173 1073 203 1106 illo
217 1073 282 1106 silente
293 1072 367 1115 diutius,
379 1073 439 1107 taliter
450 1080 478 1107 est
490 1084 567 1108 exorsa:
580 1073 637 1107 ‘Ecce
650 1072 676 1106 mi
689 1072 772 1113 Godrice,

70 1131 168 1170 postquam
176 1126 216 1170 cepi
227 1126 300 1161 dulcem
311 1126 337 1160 tui
347 1126 427 1161 nominis
437 1126 505 1162 habere
516 1126 604 1169 notitiam,
612 1126 688 1160 iuuenes
698 1124 772 1159 diuites·

71 1190 106 1222 que
117 1184 258 1222 contempnens,
266 1185 307 1213 tuos
315 1180 412 1223 amplexus
420 1190 454 1222 pre
462 1180 527 1214 ceteris
539 1179 640 1223 concupiui.
660 1179 699 1213 Nee
708 1184 773 1222 potero

72 1231 167 1275 quiescere
178 1231 237 1265 donee
248 1231 315 1264 amoris
326 1232 362 1265 mei
373 1232 485 1265 desiderium
494 1232 548 1265 fuerit
557 1237 575 1265 te
585 1232 711 1265 consentiente
722 1242 773 1265 com-

72 1284 152 1328 pletum.¹
175 1284 227 1318 Tune
235 1284 277 1319 ille:
290 1284 322 1318 ‘Si
331 1284 383 1319 talis¹
392 1284 437 1318 dixit
445 1286 509 1319 ‘esses
518 1284 576 1329 qualis
587 1295 670 1329 appares,
678 1293 771 1327 nunquam
781 1294 801 1316 ro

73 1338 141 1381 spretis
156 1337 271 1380 magnatibus
286 1338 403 1381 complexum
418 1338 490 1372 Godrici
501 1338 552 1372 senis
567 1343 585 1372 et
598 1335 661 1371 rustici
674 1338 773 1381 quesisses.

73 1390 190 1435 Quapropter
197 1390 260 1425 adiuro
268 1394 286 1425 te
294 1400 329 1435 per
336 1400 404 1425 nomen
412 1390 481 1425 domini
490 1390 545 1425 lhesu
550 1390 623 1433 Christi,
629 1395 648 1424 vt
654 1390 689 1424 cito
695 1390 772 1434 fugiens¹

73 1443 208 1477 michivlterius
214 1454 251 1476 non
260 1443 331 1483 illudas,
339 1449 357 1477 et
364 1450 382 1477 te
390 1450 474 1487 patenter
482 1445 579 1478 ostendas!
596 1443 640 1479 Mox
648 1444 678 1478 illa
686 1443 773 1477 deformis

73 1496 143 1538 effecta,
154 1496 216 1529 relicto
229 1496 254 1528 ibi
265 1496 323 1529 fetore
335 1496 428 1540 disparuit,
473 1488 580 1531 “Godricus
591 1496 665 1530 tandem
677 1496 713 1530 itan
725 1501 774 1530 etate

73 1548 172 1591 confectus,
183 1555 203 1583 vt
216 1548 276 1583 alieno
287 1549 388 1593 erigeretur
399 1549 471 1592 auxilio,
483 1560 549 1594 graues
560 1549 659 1583 demonum
670 1547 774 1592 perferebat
783 1560 801 1591 ²5

73 1602 158 1636 insultus.
180 1601 286 1646 Aliquando
299 1613 320 1636 se
331 1602 417 1637 inimicus
428 1603 510 1637 vertebat
522 1603 541 1637 in
553 1613 623 1644 vrsum,
634 1603 744 1647 quandoque
755 1602 774 1636 in

73 1666 154 1697 coruum,
168 1661 199 1688 aut
214 1655 298 1699 aquilam,
312 1654 391 1696 simiam,
403 1655 484 1696 arietem,
497 1661 515 1689 et
528 1655 600 1689 similia.
622 1655 701 1697 Quidam
716 1655 776 1699 capita

74 1718 130 1753 super
143 1708 205 1742 trabes
220 1708 285 1743 domus
301 1708 389 1750 attollunt,
401 1708 476 1753 quidam
489 1709 512 1743 ad
526 1708 585 1743 celum
600 1707 646 1742 colla
659 1708 776 1753 protendunt,

74 1762 148 1804 quidam
157 1772 194 1796 vno
205 1763 252 1805 pede
262 1761 355 1796 incedunt.
382 1762 497 1805 Quandoque
509 1772 573 1796 saccus
584 1762 679 1796 videbatur
688 1760 776 1796 stramine

74 1813 160 1857 repletus,
176 1813 251 1847 omnino
266 1814 349 1848 membra
360 1823 398 1848 nou
415 1814 490 1848 habens.
512 1814 627 1858 Quandoque
641 1820 704 1846 contra
716 1814 775 1847 virum
784 1826 804 1853 30

75 1867 104 1900 dei
123 1866 218 1910 puluerem
238 1865 371 1908 dispergebat³‚
390 1871 408 1900 et
427 1867 537 1910 quandoque
555 1866 626 1909 lapides
646 1866 711 1910 parieti
730 1867 776 1901 celle

75 1918 156 1953 exterius
171 1918 256 1952 allidebat
262 1919 273 1951 ⁵.
296 1918 410 1962 Frequenter
422 1917 441 1952 in
452 1929 531 1962 vespere
543 1918 665 1962 malignorum
679 1919 776 1962 spirituum

75 1972 146 2007 infinita
157 1972 253 2007 multitudo
265 1971 330 2006 cellam
339 1972 378 2006 eius
386 1971 477 2014 introibat,
485 1977 503 2006 et
510 1976 562 2006 erant
570 1971 670 2015 nigerrimi,
679 1977 697 2005 et
707 1977 776 2006 statura

75 2025 181 2069 permodici.
204 2025 283 2067 Quidam
296 2023 394 2059 cachinnos
405 2025 424 2059 in
436 2035 479 2059 eum
490 2026 594 2067 mouebant,
604 2024 677 2069 quidam
688 2025 777 2060 stridente

76 2078 129 2112 sibilo
141 2077 241 2119 seuiebant,
254 2077 328 2121 quidam
340 2088 382 2111 eurn
395 2077 436 2111 telis
445 2077 551 2111 ardentibus
562 2078 678 2121 appetebant.
701 2078 777 2112 Dicebat
786 2089 805 2118 ³5

76 2136 137 2165 autem
148 2131 177 2164 vir
191 2136 271 2171 sauctus,
282 2129 338 2164 nichil
351 2129 378 2165 eis
391 2140 433 2165 esse
448 2130 543 2164 molestius
554 2140 609 2174 quam
620 2131 669 2174 quod
682 2137 777 2173 aspectum

77 2185 170 2218 auertebat
178 2184 201 2217 ab
209 2183 246 2224 eis;
257 2194 291 2217 nec
301 2184 363 2227 aliquo
372 2183 503 2224 modemelius
513 2194 576 2217 eorum
583 2183 676 2217 vesaniam
685 2183 778 2225 declinari,

76 2236 155 2282 quamsi
164 2237 230 2271 clausis
241 2237 334 2272 oculorum
345 2236 439 2282 palpebris
450 2241 606 2281 contempnantur.
629 2235 718 2278 ‘Quando
728 2236 778 2271 enirn

77 2290 194 2335 aspiciuntur,
202 2291 225 2323 de
233 2290 280 2324 facili
288 2291 311 2324 ad
319 2291 387 2324 malum
395 2290 456 2324 anime
464 2300 531 2325 sensus
538 2289 646 2323 inflectitur!
670 2289 720 2323 Dixit
728 2289 778 2324 enim

77 2343 105 2378 vir
117 2343 152 2382 dei,
163 2354 183 2377 se
192 2344 282 2377 munitum
292 2344 345 2387 signo
355 2342 420 2384 crucis,
429 2354 466 2378 non
477 2342 536 2387 magis
547 2342 619 2376 illorum
629 2341 712 2376 fremitus
723 2353 778 2386 quani
787 2354 808 2385 40

77 2396 145 2430 factum
153 2396 200 2430 eirca
206 2406 226 2430 se
233 2402 303 2430 motum
311 2396 467 2431 acrissormidare.
512 2388 563 2431 Cum
569 2395 597 2429 vir
602 2402 676 2429 sanctus
684 2395 752 2431 iaceret
760 2397 779 2431 in

78 2450 130 2490 lecto,
135 2449 223 2489 dyabolus
229 2449 289 2489 astitit,
296 2453 314 2481 et
322 2449 403 2482 clamans
411 2450 505 2483 ardentem
513 2448 601 2482 frameam
606 2448 689 2482 vibrabat
694 2448 701 2467 l
706 2448 724 2482 in
731 2459 779 2485 eum.

97 2528 131 2557 1Ε.
139 2527 227 2558 obseruare.
292 2528 349 2565 ²Reg.
358 2537 373 2566 p.
383 2529 417 2566 41⁸·
477 2526 598 2566 ⁸Reg.p.354.
658 2526 693 2558 ¹T.
701 2527 780 2559 Bedente.

77 2567 84 2585 ⁶
94 2568 134 2605 Reg.
144 2568 176 2604 198.
250 2568 256 2586 θ
266 2577 296 2597 om,
304 2568 320 2597 in
327 2568 345 2598 T.
418 2566 424 2584 ¹
435 2567 454 2597 E.
461 2567 576 2605 dispergebant.
648 2565 654 2584 ³
665 2566 682 2598 E.
690 2567 781 2598 alfidebant.

78 2608 83 2625 ⁹
94 2607 112 2638 E.
120 2608 191 2638 uibrauit.
