1762 2803
123 112 182 181 '160
224 193 226 200 χ
328 135 407 189 intua
422 133 539 196 termut
554 132 646 197 unalia

91 272 93 275 >
136 258 168 303 qui
179 258 248 292 sororis
261 257 342 292 animam
355 268 392 292 non
404 256 452 292 odit¹
464 257 498 291 sed
511 259 612 301 peccatum,
625 267 690 301 preces
703 256 726 292 ad
738 256 793 292 deum
804 268 839 303 pro

137 312 179 356 ipsa
186 310 236 345 fudit,
260 310 301 344 Non
309 310 366 344 multo
376 314 419 353 post
426 309 465 343 visa
473 315 501 343 est
509 310 535 343 illi
542 310 650 353 peruenisse
659 311 681 344 ad
690 309 746 344 limen
756 311 839 354 ecclesie,

138 364 218 398 necdum
233 369 295 398 tamen
314 373 370 406 posse
384 362 458 403 intrare,
473 373 564 406 apparere
582 363 637 397 etiam
653 363 672 397 in
687 369 739 398 veste
756 363 839 407 pul[l]a².

138 418 222 460 Cumque
236 417 267 450 ille
279 416 298 449 in
310 416 391 449 oratione
404 420 537 458 perseueraret,
550 414 595 449 vidit
609 426 650 450 eam
664 417 745 450 secundo
756 415 775 449 in
788 422 840 451 veste

122 470 251 512 5subcandida
268 468 367 517 admissam
384 468 459 512 quidem
477 468 538 502 intra³
553 468 655 512 eeclesiam,
671 469 704 504 sed
721 470 778 503 altare
797 481 840 504 con·

139 524 210 567 tingere
224 533 261 555 non
277 521 362 566 permitti.
393 521 455 556 Tertio
474 522 548 555 tandem
565 522 604 556 visa
623 528 651 557 est
666 522 774 566 aggregari*
792 523 840 557 cetui

139 575 281 618 candidatorum,
290 580 308 609 et
316 574 334 608 in
342 579 394 609 veste
404 573 491 612 candida,
527 567 564 608 Vir
573 574 625 609 diues
636 580 654 609 et
664 580 731 619 potens
739 574 770 619 qui
780 574 840 610 locum

140 630 213 662 Bencor
222 634 240 661 et
250 628 378 670 possessiones
391 627 431 660 eius
442 627 522 669 tenebat,
530 627 630 670 inspiratus
642 640 653 661 a
666 629 701 660 deo
713 628 809 661 confestim
822 629 841 662 in

140 691 205 716 manus
212 680 301 715 Malachie
310 691 343 715 sua
351 679 412 714 omnia
419 680 470 714 dedit
475 684 494 713 et
502 691 522 714 se
530 691 603 724 quoque
611 692 615 723 3
627 686 646 714 et
653 680 669 714 is
677 680 777 714 auunculus
783 679 790 699 ⁶
796 681 841 715 eius.

113 744 132 769 ro
141 735 177 770 Hic
183 733 234 768 locus
241 733 314 768 Bencor
321 732 455 768 nobilissimum
461 737 504 767 ante
512 732 597 767 extiterat
604 734 735 768 monasterium
740 734 774 768 sub
782 734 842 779 primo

140 795 193 833 patre
201 789 294 832 Congello,
300 789 357 822 multa
365 787 415 821 milia
422 787 553 821 monachorum
561 798 658 832 generans,
666 788 764 822 multorum
770 798 842 822 monas-

140 843 228 877 teriorum
236 847 295 884 caput.
324 840 366 875 Non
373 841 433 875 solum
441 841 460 874 in
469 840 586 883 [Hiberniam
594 840 718 884 scotiamque]
724 841 735 882 ⁸,
741 841 774 874 sed
782 840 801 874 in
809 852 842 875 ex·

141 900 191 929 teras
198 894 252 928 etiam
258 893 348 937 regiones,
355 893 407 938 quasi
414 893 533 928 inundatione
539 893 590 935 sacta,
597 893 627 927 illa
632 904 652 928 se
659 899 763 928 sanctorum
769 893 843 938 agmina

141 947 249 980 effuderunt.
273 947 288 980 E
306 946 372 989 quibus
389 947 412 979 ad
431 946 529 989 gallicanas
548 951 610 988 partes
629 951 702 980 sanctus
719 946 843 980 Columbanus

115 1010 133 1042 ¹5
142 1000 245 1034 ascendens
257 998 365 1033 luxouiense
376 998 508 1033 monasterium
519 998 625 1041 construxit,
637 998 695 1033 faetus
705 998 730 1033 ibi
740 998 759 1032 in
769 1003 843 1042 gentem

142 1063 234 1097 magnam.
262 1052 319 1087 Aiunt
334 1057 371 1087 tam
386 1062 474 1097 magnum
488 1051 545 1086 fuisse
560 1051 604 1086 illud
620 1052 756 1094 monasterium,
769 1056 788 1086 vt
803 1063 844 1087 suc·

142 1107 249 1141 cedentibus
261 1106 296 1140 sibi
306 1105 385 1140 inuicem
393 1106 454 1139 choris
465 1105 616 1140 continuarentur
625 1106 727 1149 solempnia
735 1105 843 1148 diuinorum,

142 1159 167 1194 ita
180 1163 199 1192 vt
211 1158 257 1192 nec⁷
273 1164 387 1193 momentum
399 1158 473 1202 quidem
489 1158 525 1192 diei
537 1168 558 1191 ac
573 1158 631 1192 noctis
646 1164 719 1193 vacaret
732 1169 743 1192 a
755 1159 843 1193 laudibus.

144 1213 185 1247 Hoc
196 1222 276 1256 namque
286 1222 297 1246 a
308 1211 371 1255 piratis
382 1212 494 1246 destructum
507 1212 565 1246 suerat
577 1212 713 1253 monasterium,
725 1217 743 1247 et
756 1212 844 1257 nongenti

116 1275 135 1294 ao
144 1265 228 1297 monachi
241 1264 332 1297 interfecti
345 1269 392 1296 sunt.
416 1264 459 1296 Erat
472 1266 541 1306 quippe
553 1264 619 1306 ingens
631 1265 679 1297 illius
692 1265 726 1297 loci
738 1266 843 1307 possessio:

144 1318 177 1352 sed
190 1316 289 1350 Malachiae
305 1316 344 1350 solo
358 1320 456 1350 contentus
471 1316 511 1350 loco
526 1322 594 1357 sancto,
607 1326 672 1351 omnes
685 1316 814 1361 possessiones
827 1322 845 1350 et

144 1376 203 1404 terras
210 1369 262 1403 alteri
270 1369 330 1411 cessit,
339 1375 357 1403 et
365 1369 496 1404 monasterium
504 1368 599 1404 edificauit.
644 1363 690 1415 Quo
697 1369 716 1403 in
724 1370 763 1404 loco
771 1370 845 1413 quidam

144 1424 280 1458 infirmabatur:
295 1422 323 1457 cui
337 1423 426 1457 assistens
439 1423 523 1457 diabolus
535 1428 598 1465 aperte
610 1422 687 1466 loquens
700 1423 810 1467 suggerebat
822 1434 845 1457 ne

145 1486 225 1520 unquam
236 1477 320 1511 crederet
331 1475 432 1520 mon[it]is⁸
443 1475 538 1518 Malachie,
547 1476 586 1518 sed,
594 1474 609 1510 si
621 1474 697 1510 intraret
705 1476 729 1511 ad
739 1486 765 1518 se,
773 1475 845 1511 cultello

119 1540 137 1570 25
146 1540 188 1563 eum
201 1530 297 1563 occideret.
320 1529 361 1570 Quo
371 1529 443 1572 cognito
455 1528 481 1561 illi
492 1529 523 1573 qui
534 1528 661 1563 ministrabant
670 1530 711 1573 ipso
720 1530 794 1564 infirmo
804 1540 847 1573 pro-

146 1583 201 1616 dente
207 1582 219 1623 ⁹,
228 1582 306 1615 verbum
317 1581 406 1614 Malachie
418 1582 527 1615 detulerunt.
556 1582 582 1614 At
593 1582 624 1615 ille
635 1583 687 1615 solita
699 1592 750 1616 arma
761 1582 846 1615 orationis

146 1633 243 1678 arripiens,
254 1633 352 1678 inpauidus
367 1633 440 1668 hostem
455 1633 577 1678 aggressus¹⁰,
590 1638 608 1669 et
623 1633 749 1669 infirmitatem
764 1634 814 1680 sugat
829 1638 847 1669 et

146 1687 257 1722 demonium.
301 1680 385 1721 Vacabat
398 1692 440 1721 tunc
453 1686 562 1730 episcopalis
574 1688 629 1721 sedes
641 1688 726 1731 quedam,
739 1693 758 1722 et
770 1688 846 1722 iamdiu

146 1740 242 1782 vacarat¹¹,
262 1740 352 1774 Malachia
374 1741 448 1775 nolente
473 1740 568 1783 assentire,
591 1751 646 1784 quem
667 1741 766 1786 elegerant.
804 1741 847 1775 Per-

120 1803 140 1834 30
148 1793 254 1828 sistentibus
269 1799 331 1827 tamen
343 1792 379 1827 illis
391 1795 466 1827 tandem
478 1793 538 1835 cessit,
551 1795 649 1828 accedente
661 1795 684 1827 ad
697 1794 734 1828 vim
747 1795 847 1829 faciendam

147 1847 233 1881 mandato
244 1845 327 1889 magistri
341 1846 374 1887 sui,
389 1856 461 1879 necnon
475 1850 493 1878 et
505 1846 640 1890 metropolitani
647 1858 653 1881 ι4
663 1851 681 1881 et
692 1847 784 1881 tricesimo
796 1846 848 1881 etatis

148 1910 181 1934 sue
196 1909 244 1933 anno
257 1904 375 1933 consecratus
390 1904 418 1932 est
430 1899 527 1943 episcopus
540 1899 650 1933 Connereth.
673 1899 757 1945 Cumque
770 1899 849 1944 cepisset

148 1963 182 1997 pro
193 1952 252 1986 officio
265 1962 298 1986 suo
309 1963 369 1996 agere,
380 1957 423 1987 tunc
433 1952 523 1987 intellexit
533 1953 588 1987 homo
602 1952 632 1987 dei
643 1964 663 1988 se
674 1964 711 1987 non
724 1955 747 1988 ad
759 1954 849 1993 homines,

148 2006 182 2041 sed
190 2006 213 2039 ad
220 2005 290 2051 bestias
296 2005 420 2039 destinatum:
433 2006 532 2049 Nunquam
538 2005 551 2025 ¹²
563 2006 622 2040 adhuc
633 2007 679 2041 tales
690 2012 778 2051 expertus
790 2007 848 2041 fuerat

121 2070 139 2101 ‚³⁵
149 2060 167 2092 in
179 2064 318 2100 quantacunque
329 2058 419 2097 barbarie,
431 2069 522 2100 nusquam
534 2064 629 2100 repererat
641 2059 699 2102 [εἰοΓΒ
714 2066 812 2102 proteruos
827 2058 849 2091 ad

149 2121 217 2153 mores,
225 2110 251 2153 sic
259 2109 325 2144 ferales
333 2110 356 2143 ad
364 2110 415 2151 ritus,
423 2110 449 2144 sic
457 2110 480 2143 ad
488 2111 544 2144 fidem
552 2109 651 2155 imperitos,
662 2112 685 2144 ad
696 2111 748 2156 leges
757 2112 849 2151 barbaros,

150 2162 253 2197 ceruicosos
266 2164 289 2197 ad
305 2163 425 2207 disciplinam,
437 2164 520 2207 impuros
535 2165 558 2197 ad
573 2164 635 2198 vitam.
659 2165 758 2199 Christiani
771 2164 850 2203 nomine,

150 2227 171 2250 re
184 2215 256 2259 pagani.
279 2216 320 2249 Non
334 2216 415 2249 decimas
430 2218 481 2258 dare,
496 2228 534 2250 nun
548 2217 643 2260 primitias,
657 2229 694 2252 non
709 2218 790 2263 legitima
805 2217 850 2251 inire

151 2267 239 2312 coniugia,
253 2278 291 2301 non
304 2268 364 2302 iacere
375 2268 511 2311 consessiones;
525 2269 635 2313 penitentias
646 2281 680 2304 nec
693 2272 724 2315 qui
735 2276 806 2316 peteret
817 2278 851 2303 nec

123 2334 143 2365 4⁰
152 2321 183 2367 qui
198 2323 250 2355 daret
265 2321 448 2365 penitusrinuenit¹⁴.
471 2322 509 2357 Sed
524 2334 558 2357 nec
572 2322 591 2357 in
606 2323 688 2359 ecclesiis
699 2330 730 2359 aut
740 2321 851 2369 predicantis

151 2386 188 2411 vox
203 2379 233 2408 aut
249 2374 337 2408 cantantis
353 2374 464 2409 audiebatur.
492 2376 541 2418 Quid
556 2376 623 2411 iaceret
640 2378 708 2411 athleta
723 2378 803 2411 domini?
821 2379 851 2409 aut

171 2468 176 2486 ¹
187 2468 219 2499 Vn.
227 2469 287 2499 oderat.
337 2467 343 2485 ²
353 2469 370 2499 T.
379 2469 396 2498 E.
404 2469 474 2506 pulchra.
524 2469 530 2487 ³
540 2469 554 2500 T
566 2470 583 2501 Ε.
591 2471 611 2501 ad
618 2471 680 2502 missam
688 2481 703 2509 q.
710 2472 773 2502 intrare.
818 2466 852 2496 ⁴T·

152 2509 228 2548 agregari.
276 2509 309 2539 ᾗΤ.
317 2508 335 2539 E.
343 2509 444 2539 aduunculus.
493 2508 633 2548 tranctans.
677 2510 773 2542 '0m.inT.
817 2507 851 2536 'T-

153 2549 263 2581 Emonachis.
310 2549 587 2587 ⁹T,precedente,Eprecedentes.
646 2552 658 2570 ¹⁰
669 2552 686 2582 E.
694 2560 773 2589 agressus.
813 2548 824 2567 ¹¹
834 2554 852 2575 ⁵⁰

152 2591 175 2627 T„
184 2590 201 2621 E.
210 2593 298 2620 vacauerat.
355 2589 367 2607 ¹²
377 2589 408 2619 Vit⁴
417 2589 501 2627 Nusquam
542 2590 554 2608 ¹³
564 2592 582 2622 T.
590 2591 607 2621 E.
615 2595 654 2624 tarn.
693 2589 826 2623 “vitinuenirt
