1762 2803
254 202 255 206 Ἰ
306 135 386 188 mota
401 131 518 195 lacman
532 132 625 196 annito.

115 258 156 302 ipso
168 257 240 293 defectu
251 262 327 291 nouerat
340 266 407 300 augere
419 255 531 300 profectum!
555 255 598 291 Suis
611 256 665 289 etiam
679 253 786 289 senescallis
800 258 819 288 et

115 310 192 355 balliuis,
204 311 238 347 sub
249 309 330 355 periculo
343 309 446 345 animarum
458 315 476 346 et
487 309 543 346 diuini
556 308 616 345 iudicii
627 308 754 351 obtestatione,
765 307 818 342 terri·

116 365 177 399 biliter
190 364 268 399 inhibuit
280 376 304 398 ne
319 363 417 408 quicquam
432 364 499 398 iniuste
511 365 534 398 ab
556 363 635 408 liquibus
648 363 671 396 ad
687 373 708 396 se
723 361 817 406 pertinen·

116 419 164 452 tibus
179 419 279 461 exigerent,
294 418 325 451 vel
338 417 425 451 indebitis
444 417 556 452 actionibus¹
575 421 669 451 vexarent.
698 416 742 460 Ipse
756 420 817 450 autem

100 476 191 511 5sanctns
202 471 300 513 aliquando
314 470 369 505 etiam
380 481 401 505 ea
414 481 450 513 que
461 472 484 504 de
494 472 533 504 iure
544 469 560 503 ei
571 470 703 512 competebant,
713 469 819 512 petentibus

116 522 258 558 misericorditer
264 522 362 557 relaxabat.
378 523 529 567 Consanguineos
535 522 609 566 quidem
615 531 664 563 suos,
669 522 724 556 etiam
731 526 818 563 maturos,

117 577 139 611 ad
152 575 241 612 beneficia
256 575 380 611 ecclesiastica
393 576 443 611 nullo
458 578 512 611 modo
526 575 621 610 admittere
632 575 699 619 voluit;
714 574 818 619 intelligens

117 631 165 674 quod
174 631 261 675 princeps
269 636 364 674 pastorum
372 630 463 674 dominus,
472 642 508 665 non
517 632 570 664 beato
579 629 655 664 Iohanni
664 629 777 674 euangelista
785 639 818 663 suo

117 683 259 726 consanguineo,
268 683 316 726 [sed]
328 683 382 715 Petro
393 683 467 724 seniori,
478 683 497 715 in
508 682 558 715 nullo
569 682 666 715 carnaliter
677 692 720 715 eum
729 681 818 721 attinenti,

91 744 110 766 10
118 736 180 770 claues
191 734 264 770 tradidit
275 735 361 770 celorum.
383 736 442 770 Tante
453 746 525 780 quoque
536 733 682 769 mansuetudinis
694 733 758 776 extitit,
765 739 785 768 vt
796 734 819 767 ad

118 789 217 824 matutinas
227 789 286 823 solem
296 793 392 832 ortumque
403 788 439 823 diei
446 788 562 833 preueniens,
571 787 586 822 si
598 787 674 822 clericos
686 798 734 830 suos,
742 792 762 821 vt
773 786 820 821 solet

118 842 232 887 contingere,
240 853 318 886 sompno
330 848 416 886 granatos
427 842 521 887 reperiret,
529 842 594 876 iterum
606 851 627 876 se
638 842 661 875 ad
673 840 764 875 orationes
776 851 819 874 con-

118 896 181 930 ferens
196 895 293 940 priuatas2,
308 895 359 939 ipsos
377 895 397 929 in
412 906 457 939 pace
472 895 565 939 quiescere
584 894 658 937 sineret,
673 899 760 939 tanquam
774 893 819 928 illud

119 948 230 982 dominicum
237 947 313 981 dulciter
318 947 403 990 inquiens
410 960 414 982 :
424 948 516 982 ‘Dormite
522 948 558 981 iam
564 953 582 982 et
588 947 707 990 requiescite)
726 947 820 988 Quantum

93 1009 110 1039 15
119 999 181 1034 enim³
196 1010 248 1035 sacre
261 1000 349 1034 orationis
365 1001 431 1034 deuota
444 999 529 1034 libamina
542 1000 576 1034 deo
590 999 649 1034 oblata
661 999 713 1033 beato
726 998 819 1032 Richardo

119 1055 232 1099 placuerunt,
245 1054 265 1088 in
280 1053 315 1088 hoc
328 1053 416 1088 duntaxat
429 1053 532 1088 ostenditur
543 1053 591 1097 quod
605 1064 647 1087 curn
658 1052 708 1087 viros
723 1052 820 1097 religiosos

118 1107 201 1141 visitaret
215 1107 245 1140 vel
260 1108 283 1139 ad
299 1116 320 1140 se
334 1108 430 1140 venientes
445 1107 464 1140 in
480 1107 541 1141 osculo
556 1111 619 1141 sancto
636 1107 743 1150 susciperet,
758 1107 820 1140 dicere

119 1160 200 1194 solebat:
217 1158 301 1193 ‘Bonum
314 1164 343 1193 est
358 1159 461 1193 deosculari
476 1159 522 1194 labia
535 1159 646 1193 thimiamate
659 1163 763 1193 sanctarum
780 1168 820 1192 ora-

119 1214 189 1246 tionum
202 1213 237 1245 deo
250 1222 291 1245 cum
304 1213 402 1245 deuotione
415 1212 531 1245 incensarum
542 1212 660 1256 sragrantia':
676 1212 711 1245 hoc
722 1212 784 1255 ipsum
796 1222 821 1245 ex

92 1276 111 1297 ao
119 1264 168 1300 beati
177 1264 269 1299 Edmundi
280 1264 418 1306 consuetudine,
426 1271 445 1299 vt
456 1274 502 1308 sepe
513 1265 578 1308 retulit,
586 1275 738 1298 commemorans.
761 1264 820 1306 Quam

119 1318 209 1353 laboriose
222 1318 277 1352 etiam
292 1317 327 1352 iste
339 1319 404 1352 beatus
418 1318 522 1352 Richardus
535 1318 615 1352 officium
628 1317 758 1362 predicationis
771 1328 821 1352 com-

119 1372 199 1417 pleuit⁴;
214 1370 269 1405 etiam
283 1372 302 1404 in
318 1370 382 1405 alienis
397 1370 528 1414 dioce[sibus]⁶
544 1382 598 1415 quam
613 1371 719 1414 gratanter⁶
733 1370 821 1405 contritos

120 1425 208 1468 refouet⁷,
221 1424 329 1458 confitentes
343 1424 393 1458 audit
408 1428 426 1458 et
439 1424 518 1467 instruit,
531 1424 634 1468 penitentes
649 1424 732 1467 absoluit,
749 1424 821 1459 consul-

120 1479 200 1513 tantibus
216 1477 332 1522 respondet⁸‚
349 1478 470 1522 desperantes
486 1477 588 1521 reformat⁹,
604 1477 673 1512 alacres
692 1477 821 1520 adhortatum,

93 1543 112 1572 ²5
120 1536 221 1565 trementes
233 1531 311 1571 roborat,
323 1529 402 1574 denique
414 1531 492 1573 qualiter
503 1531 588 1565 omnibus
599 1531 660 1564 omnia
671 1531 728 1565 factus
740 1532 768 1573 sit,
780 1531 821 1575 quis

121 1582 199 1617 sufficiet
211 1584 309 1616 enarrare?
332 1582 368 1616 Pro
380 1581 462 1617 subsidio
473 1587 521 1617 terre
533 1587 595 1617 sancte·
607 1584 666 1617 crucis
677 1584 821 1627 predicationem

121 1637 207 1681 suscepit,
214 1647 278 1680 apapa
284 1636 387 1680 delegatam
392 1635 409 1669 ¹¹.
424 1635 610 1679 Ideoacicestren[si]
618 1637 720 1671 sanctuario
726 1636 821 1681 incipiens,

121 1702 155 1735 per
166 1691 205 1725 loca
216 1689 307 1723 maritima
318 1691 414 1731 transiens,
422 1691 445 1724 ad
455 1688 545 1724 ciuitatem
556 1689 701 1725 cantuariensem
711 1701 769 1735 vsque
780 1701 822 1735 per-

122 1744 177 1777 uenit.
190 1744 213 1777 Et
219 1743 290 1776 decima
295 1742 325 1776 die
330 1747 427 1786 antequam
433 1743 456 1776 ad
461 1742 512 1776 illurn
517 1743 684 1787 famosumportum
690 1743 721 1787 qui
726 1743 823 1787 Douer[i]a

94 1797 192 1838 godicitur,
205 1795 326 1839 peruenisset,
340 1795 388 1837 cepit
403 1794 488 1837 egrotari.
511 1795 549 1829 Nec
564 1801 626 1829 tamen
639 1796 658 1829 in
672 1806 716 1839 agro
731 1796 822 1830 dominico

121 1850 204 1883 laborare
216 1847 288 1889 omisit;
301 1848 334 1881 sed
346 1846 423 1891 singulis
435 1847 499 1881 diebus
511 1846 626 1891 predicando,
636 1847 761 1883 confessiones
773 1848 823 1882 audi-

121 1904 175 1945 endo,
187 1912 256 1947 pueros
269 1901 401 1943 confirmando,
414 1905 432 1933 et
446 1900 501 1934 etiam
515 1900 589 1935 ordines
602 1901 716 1944 celebrando,
727 1912 786 1946 vsque
800 1902 823 1936 ad

121 1954 264 1990 exinanitionem
276 1954 348 1989 virtutis
360 1953 442 1998 corporis
453 1954 481 1987 sui
492 1953 619 1989 indesinenter
630 1955 724 1989 laborauit.
746 1956 776 1990 Ad
785 1955 823 1990 Do·

121 2011 191 2044 uen'am
202 2007 257 2052 igitur
267 2007 383 2052 perueniens,
391 2007 411 2041 in
422 2008 501 2052 quadam
512 2008 566 2042 domo
579 2008 629 2052 [que]
639 2013 713 2043 vocatur
725 2008 823 2053 hospitale-

95 2075 113 2105 35
122 2063 157 2105 dei,
169 2061 273 2105 hospitauit.
302 2061 422 2104 Rogatusque
435 2073 446 2095 a
459 2061 546 2105 magistro
558 2061 600 2096 dieti
612 2062 711 2105 hospitalis,
725 2063 822 2098 ecclesiam

122 2117 215 2159 quandam
222 2124 264 2147 cum
271 2113 364 2155 cimiterio,
371 2124 474 2157 pauperum
485 2113 578 2157 sepulture
588 2119 716 2157 constructam,
723 2115 742 2148 in
753 2116 823 2150 honore

122 2169 214 2211 quondam
226 2165 295 2199 domini
307 2167 335 2200 sui
347 2166 395 2200 beati
407 2165 505 2207 Edmundi,
518 2166 590 2209 patroni
603 2167 636 2209 sui,
648 2167 768 2211 solempniter
780 2178 824 2202 con-

123 2221 212 2262 secrau1t3
224 2219 288 2253 dicens
298 2219 409 2262 predicando
417 2220 483 2252 eodem
491 2219 526 2260 die,
534 2219 583 2262 quod
593 2230 668 2264 semper
678 2231 688 2254 a
696 2225 779 2264 ternpore
787 2232 824 2265 quo

123 2284 190 2308 munus
201 2271 343 2306 consecrationis
355 2277 485 2315 assumpserat,
496 2271 565 2316 optauit
575 2277 594 2307 et
605 2273 652 2307 votis
664 2273 749 2307 omnibus
760 2272 825 2318 exqui-

95 2341 115 2370 40
123 2327 170 2368 siuit,
178 2331 203 2367 vt,
211 2329 309 2368 antequam
316 2324 366 2359 diem
374 2325 466 2359 clauderet
474 2331 583 2368 extremum,
590 2336 645 2360 vnarn
656 2326 722 2361 saltem
730 2327 824 2361 basilicam

123 2379 142 2413 in
154 2379 225 2413 honore
236 2378 279 2411 dicti
288 2377 357 2411 domini
371 2378 418 2411 sni¹²
429 2377 477 2411 beati
491 2377 584 2411 Edmundi
596 2384 659 2422 posset
670 2390 790 2422 consecrare3
806 2385 825 2413 et

122 2432 190 2467 deinde
197 2429 254 2466 dixit:
266 2429 317 2464 ‘Deo
327 2430 395 2474 gratias
405 2429 470 2473 refero,
478 2430 510 2474 qui
521 2429 582 2465 anime
592 2441 633 2466 mec
643 2430 735 2466 desiderio
745 2442 776 2467 me
786 2442 824 2466 non

142 2521 147 2539 ¹
159 2521 181 2553 Sl.
190 2520 304 2552 exactionibus.
355 2519 361 2536 ²
371 2520 389 2550 E.
396 2520 471 2558 priuatos.
522 2518 528 2536 ³
539 2519 557 2550 Β.
564 2525 621 2551 autem.
672 2520 677 2539 ⁴
689 2522 708 2553 Β,
715 2519 823 2561 compleuerit

122 2562 128 2581 ⁵
135 2563 153 2593 Β,
160 2561 279 2592 alienadiocesi.
319 2559 325 2578 ⁶
332 2560 350 2590 E.
356 2564 441 2598 gratenter.
486 2559 493 2577 ἵ
500 2561 518 2592 Β.
524 2561 598 2591 refouerit
603 2566 633 2593 etc.
680 2561 686 2579 ⁸
693 2563 712 2593 B.
721 2561 824 2600 responderit.

123 2603 129 2622 ⁹
140 2603 158 2633 Β.
166 2602 259 2633 reformarit.
303 2600 314 2619 ¹⁰
325 2601 343 2631 Β,
351 2601 443 2631 adhortatus
450 2601 502 2631 suerit.
542 2601 554 2620 ¹¹
565 2602 583 2632 E.
591 2602 679 2640 deligatam.
721 2602 734 2622 ¹¹¹
744 2611 774 2632 om.
781 2602 798 2631 in
805 2601 825 2632 B.
