1762 2803
278 108 324 163 De
339 106 439 159 eunuc
454 105 567 163 uncum
727 109 771 162 ³65

70 235 88 264 et
96 228 153 264 multo
161 235 203 273 post
210 235 294 274 tempore
307 228 356 273 ligna
363 234 382 263 et
389 228 424 262 alia
432 230 536 263 necessaria
543 227 654 263 monasterio
662 226 773 262 deserebant.

72 275 128 317 Misit
143 289 204 317 autern
219 282 304 316 dominus
319 281 405 326 angelum
423 291 477 316 suum
493 282 561 315 sanctis
577 280 643 322 Dauid,
657 279 740 322 Theliao,
755 285 774 313 et

72 335 156 375 Paterno,
164 334 195 379 qui
208 334 326 369 Hierusalem
337 344 416 378 peregre
427 334 525 378 proticisci,
533 339 551 368 et
560 333 646 368 donatiua
655 332 680 367 ibi
691 333 775 376 recipere

72 388 99 422 eis
106 387 194 431 precepit.
217 386 269 421 Tunc
281 386 306 420 illi
318 386 359 421 sine
370 396 415 431 pera
426 391 445 420 et
455 386 525 429 baculo,
533 386 552 420 in
563 385 639 421 domino
649 390 720 420 tantum
731 395 775 420 con·

72 440 156 481 fidentes,
171 440 206 474 iter
219 439 313 484 arripiunt,
328 444 347 473 et
361 449 396 483 per
411 439 494 473 diuersas
507 437 612 483 prouincias
627 449 660 473 sue
676 437 792 482 sanctitatis5

72 492 149 538 vestigia
168 493 299 538 relinquentes,
315 492 448 527 occurrentium
465 492 552 527 debilium
569 492 643 528 dolores
661 492 776 527 alleuiabant.

73 547 156 591 Cumque
163 546 259 590 [latrones]
266 546 272 567 ¹
279 545 298 581 in
306 546 335 581 via
343 546 459 587 obsisterent,
468 556 504 580 non
512 551 582 580 tantum
590 545 649 590 spolia
656 545 692 580 illis
700 544 776 589 pacifice

73 600 203 640 concedebant,
215 600 249 633 sed
260 599 276 632 si
288 599 331 643 quid
343 599 401 642 prede
412 598 531 631 immemores
542 598 577 642 ipsi
590 598 721 642 relinquerent,
734 608 775 641 pre-

73 651 167 686 datoribus
180 651 233 685 hilari
244 651 295 686 vultu
307 650 431 696 porrigebant.
454 650 482 686 Illi
497 656 558 686 autem
573 651 708 695 simplicitatem
724 660 776 685 sanc·

74 710 134 740 torum
141 706 283 744 considerantes¹
290 704 366 739 redditis
371 703 435 748 spoliis
440 704 512 738 veniam
518 704 541 737 de
546 703 651 738 commissis
655 704 777 748 postulabant,
787 715 806 737 ro

74 763 92 792 et
101 758 123 792 ad
131 763 169 792 tuta
177 758 217 792 loca
224 757 272 802 [eos]
281 758 412 792 conducebant.
436 756 528 802 Ingressis
539 763 600 792 autem
609 757 645 791 illis
654 757 778 796 Hierusalem,

75 811 154 846 occurrit
168 812 228 846 omnis
243 812 323 857 populus
337 811 419 856 psallens
434 811 452 845 in
468 811 542 846 canticis
557 816 575 846 et
590 811 671 855 hymnis,
684 810 778 855 usquead

74 864 165 907 templum
173 864 241 897 domini
249 875 282 897 eos
290 864 389 897 deducens.
408 863 522 897 Continuatis
530 863 579 898 enim
588 863 648 898 triduo
655 863 680 897 ibi
688 862 778 908 precibus,

75 918 122 951 adeo
137 927 260 961 supernorum
275 916 423 961 contemplationi
438 917 527 951 vacabant
543 916 591 960 quod
610 921 725 951 terrenorum
744 915 778 951 irn-

76 980 169 1004 memores
183 971 258 1014 penitus
274 975 331 1004 erant.
354 969 467 1013 Expectabat
484 969 555 1004 interea
569 974 618 1004 totus
633 969 694 1004 clerus
709 974 778 1004 attente
788 981 806 1013 ¹⁵

76 1022 204 1058 considerans'
210 1023 251 1068 quis
259 1029 364 1058 sanctorum
371 1033 425 1068 quam
434 1024 498 1057 sedern
506 1023 541 1058 sibi
549 1023 630 1058 oratione
638 1022 690 1058 finita
698 1023 778 1068 eligeret,

76 1081 101 1119 vt,
109 1076 155 1112 sicut
163 1076 227 1112 celitus
235 1088 269 1121 per
276 1076 362 1121 angelum
370 1076 418 1111 docti
426 1082 483 1119 erant,
491 1076 510 1111 in
518 1076 589 1111 sedium
598 1077 686 1112 electione
694 1082 779 1111 notarent

77 1140 133 1173 quem
148 1130 214 1164 ceteris
229 1129 301 1164 illorum
318 1129 410 1174 prelatum
425 1129 562 1164 constituerent.
593 1130 650 1164 Erant
670 1129 745 1173 [enimP
760 1129 779 1163 in

77 1182 148 1226 templo
159 1188 197 1216 tres
211 1182 297 1216 cathedre
309 1182 412 1216 senioribus
423 1183 446 1215 ab
459 1181 539 1225 antiquis
550 1181 665 1226 temporibus
677 1181 779 1216 constitute.

78 1235 161 1277 Quarum
172 1235 278 1269 inferiorem
291 1240 310 1269 et
321 1234 381 1278 magis
392 1233 480 1268 humilem
491 1234 579 1268 'ibelinus
592 1234 669 1278 eligens,
680 1234 780 1270 nobiliores
789 1250 808 1271 ιο

79 1287 165 1323 iratribus
176 1293 252 1333 propter
259 1288 382 1323 reuerentiam
393 1287 465 1322 dimisit.
488 1287 529 1329 Quo
536 1287 581 1330 viso,
589 1298 654 1322 omnes
662 1288 693 1333 qui
704 1289 781 1323 aderant

78 1341 97 1375 in
105 1340 161 1376 iacies
169 1352 212 1376 suas
220 1341 273 1386 proni
281 1342 368 1376 cadentes
375 1351 437 1376 coram
444 1342 484 1376 viro
492 1341 522 1376 dei
530 1341 629 1377 dixerunt:
641 1341 707 1376 ‘Salue
718 1348 781 1377 sancte

79 1395 109 1428 dei
120 1394 202 1436 Theliae,
209 1399 228 1428 et
235 1400 254 1428 vt
263 1395 311 1438 apud
322 1394 417 1428 dominum
426 1393 480 1429 nobis
490 1394 563 1429 valeant
573 1405 640 1439 preces
648 1400 679 1429 tue
691 1395 781 1440 propitius

79 1448 164 1490 concede,
176 1448 218 1492 quia
231 1448 286 1481 hodie
301 1448 343 1491 plus
358 1448 424 1481 ceteris
439 1447 561 1481 confratribus
576 1447 613 1481 tuis
628 1447 737 1482 sublimatus
755 1459 782 1490 es,

79 1500 164 1535 residens
173 1502 192 1535 in
204 1502 248 1536 sede
258 1501 328 1535 domini
337 1501 395 1535 nostri
403 1501 459 1534 ihesu
467 1500 541 1544 Christi,
548 1501 567 1535 in
576 1511 612 1546 qua
622 1501 705 1546 patribus
715 1502 783 1537 nostris
792 1517 810 1547 ²5

80 1554 186 1598 predicabat
197 1565 274 1598 regnum
286 1555 326 1589 dei.'
350 1554 391 1588 Hoc
402 1554 478 1589 audiens
490 1554 519 1588 vir
530 1553 566 1595 dei,
574 1565 616 1588 curn
627 1564 694 1598 magno
705 1560 782 1599 stupore

80 1607 165 1648 surrexit,
174 1612 192 1642 et
200 1618 221 1642 se
228 1607 247 1642 in
255 1612 322 1642 terram
334 1606 438 1653 prostrauit,
446 1608 521 1643 dicens:
533 1606 612 1643 ‘beatus
619 1607 648 1643 vir
655 1608 686 1653 qui
694 1618 731 1643 non
739 1608 783 1643 abiit

80 1660 100 1694 in
112 1662 187 1695 consilio
198 1661 297 1705 impiorum
308 1661 355 1695 etin
362 1661 392 1695 via
401 1667 518 1705 peccatorum
530 1671 567 1694 non
579 1662 629 1695 stetit
637 1666 655 1695 et
666 1661 685 1695 in
697 1661 783 1695 cathedra

81 1713 186 1757 pestilentie
197 1723 234 1747 non
245 1713 292 1747 sedit
299 1713 310 1747 ⁴.
334 1713 356 1747 Et
368 1714 476 1747 benedictus
489 1712 570 1747 saluator
581 1713 611 1757 qui
623 1714 687 1748 sedem
700 1713 735 1748 sibi
744 1713 784 1748 fieri

81 1766 136 1810 elegit
148 1767 172 1801 de
182 1765 237 1811 ligno,
245 1766 276 1810 qui
287 1777 321 1811 per
332 1765 403 1810 lignum
418 1778 526 1801 succurrere
538 1765 594 1801 voluit
608 1767 693 1812 pereunti
705 1768 785 1802 mundo!
793 1783 813 1815 3⁰

82 1819 202 1865 Rogauerunt
214 1831 258 1865 ergo
270 1832 313 1855 eum
325 1832 390 1855 omnes
404 1821 489 1864 quatinus
504 1821 528 1855 ad
543 1820 682 1855 instructionem
697 1822 784 1856 virtutum

81 1874 187 1918 parabolam
201 1874 228 1908 eis
241 1874 264 1908 de
278 1874 352 1908 Christo
366 1875 440 1917 diceret,
452 1879 471 1908 vt
483 1874 530 1908 sicut
540 1873 592 1908 illum
604 1873 684 1910 imitatus
695 1873 754 1909 iuerat
765 1874 784 1909 in

83 1928 170 1962 cathedra
184 1928 288 1969 residendo,
300 1938 343 1962 eum
355 1926 458 1961 imitaretur
470 1928 547 1962 verbum
563 1927 593 1961 dei
608 1928 726 1970 predicando.
749 1928 785 1971 Qui

82 1981 148 2015 videns
160 1991 242 2014 amorem
254 1980 311 2014 diuini
318 1980 369 2015 verbi
381 1979 459 2023 flagrare
470 1980 489 2013 in
501 1979 588 2013 cordibus
595 1990 665 2021 eorum,
674 1991 715 2014 cum
723 1979 786 2024 lingue

84 2032 185 2077 [illorumP
192 2032 266 2077 penitus
273 2042 342 2076 expers
352 2031 390 2074 luit,
398 2031 445 2067 miro
452 2032 507 2067 modo
515 2031 617 2067 sollicitudo
626 2037 644 2067 et
652 2032 736 2077 angustia
743 2044 786 2078 pre·
794 2053 814 2083 ³5

84 2087 159 2121 mebant
163 2097 211 2121 eum.
223 2086 248 2120 Vt
255 2090 317 2120 tamen
323 2086 392 2130 populo
398 2084 508 2130 supplicanti
513 2091 532 2121 et
539 2085 612 2120 illorum
617 2091 660 2120 voto
668 2086 787 2128 satIsiaceret,

84 2150 147 2173 sacras
160 2139 261 2188 scripturas
273 2149 367 2183 exponere
379 2140 438 2183 cepit:
454 2143 473 2173 et
484 2139 611 2183 uuusquisque
623 2140 721 2174 astantium
736 2139 787 2173 illum

85 2202 119 2226 sua
126 2192 188 2236 lingua
195 2192 301 2236 loquentem
311 2191 385 2227 audiuit.
407 2191 491 2237 Cumque
503 2202 569 2227 omnes
580 2197 630 2226 tanta
642 2192 738 2228 dulcedine
750 2203 788 2228 ser-

85 2246 145 2280 monis
157 2245 205 2279 illius
218 2250 281 2279 essent
292 2245 358 2287 affecti,
371 2250 391 2281 vt
403 2251 472 2289 quanto
485 2256 528 2280 eum
542 2245 610 2280 diutius
625 2246 715 2286 audirent,
729 2245 788 2291 magis

85 2298 135 2333 illum
151 2298 215 2333 audire
229 2298 368 2341 desiderarent3
388 2309 412 2333 ne
424 2298 531 2343 predicandi
545 2300 625 2333 officium
638 2299 731 2334 videretur
745 2310 789 2343 pre·
796 2316 817 2348 40

86 2361 160 2386 sumere
170 2352 186 2386 si
198 2351 248 2385 solus
261 2351 380 2396 predicasset,
393 2352 462 2396 populo
473 2352 530 2386 dixit:
542 2351 621 2386 ‘Audite
632 2351 669 2387 iam
681 2363 692 2386 a
702 2352 790 2387 iratribus

86 2406 133 2439 meis
141 2405 197 2439 verba
204 2404 247 2447 vite,
255 2404 286 2450 qui
297 2416 327 2439 me
337 2405 457 2450 perfectiores
469 2404 488 2440 in
499 2406 536 2440 vita
547 2406 602 2440 sunt⁸
609 2411 628 2440 et
635 2405 760 2451 diligentiores
770 2406 789 2441 in

87 2458 180 2494 doctrina!
202 2459 326 2494 Surrexerunt
339 2470 384 2504 ergo
396 2464 472 2495 sanctus
488 2459 548 2495 Dauid
560 2465 578 2495 et
592 2460 687 2502 Paternus,
698 2465 717 2494 et
728 2460 790 2505 predi·

108 2542 319 2580 'soT;om.inE.;Vit
327 2549 443 2581 persecutores.
502 2542 576 2575 *atam
630 2543 790 2580 ’sonnerunt

88 2581 147 2612 ‘Psi
156 2592 169 2613 1.
230 2583 332 2613 ‘beorum
391 2582 488 2614 ‘amnt
