1762 2803
95 74 97 80 ⁴
131 101 197 162 5301
323 85 403 167 nona
418 82 535 146 troanno
550 82 643 145 unottt.

131 220 199 253 scopus
214 208 295 253 grauiter
308 207 411 248 infamatus,
423 211 531 242 accusantes
544 217 587 241 eum
600 207 647 240 clam
660 204 746 250 corrupit,
757 210 776 239 et
786 210 835 242 tanta

131 262 204 297 dicendi
216 267 255 296 arte
271 261 347 296 callebat
360 265 379 295 vt
395 259 449 295 nullis
464 259 577 304 argumentis
593 259 681 294 confutari
694 263 762 303 posset.
785 259 835 296 Tunc

132 316 202 359 legatus
213 314 249 349 ait:
261 315 336 349 ‘Cesset
348 314 448 347 humanum
459 313 545 347 iudicium
557 314 664 356 frequenter
673 311 754 353 sallibile‚
765 317 783 345 et
794 323 835 355 pro-

132 368 209 402 ducatur
226 366 308 401 diuinum
325 366 424 400 oraculum.
456 365 531 400 Certum
548 370 577 399 est
592 365 641 409 quod
656 364 765 408 episcopalis
779 367 836 408 gratia

115 420 207 466 5spiritus
226 419 284 454 sancti
303 420 372 455 donum
388 424 422 460 est,
437 422 456 453 et
471 417 502 463 qui
519 419 645 463 episcopatum
661 416 724 463 precio
741 421 836 461 mercatur,

132 475 200 508 donum
212 472 270 507 sancti
282 471 358 516 spiritus
370 472 473 516 comparari
484 482 540 516 posse
551 472 630 516 pecunia
641 470 729 514 opinatur.
752 470 773 504 Si
783 470 836 514 igitur

132 532 157 569 tu,
168 525 261 570 episcope,
273 530 336 559 contra
347 523 432 569 spiritum
444 529 527 559 sanctum
538 535 575 558 non
587 523 651 565 fecisti,
663 523 692 557 dic
703 523 764 566 palam
776 523 836 559 Gloria

132 578 180 622 patri
194 583 212 613 et
223 578 260 612 filio
272 583 290 613 et
301 577 373 622 spiritui
385 579 459 612 saneto!
483 578 516 611 Set
529 576 571 610 licet
582 575 696 620 frequentius
709 574 808 619 incepisset
819 583 837 611 et

133 636 246 676 temptasset,
253 641 348 675 nunquam
356 629 436 675 ‘spiritui
446 631 519 665 sancto'
527 629 610 673 prolerre
619 628 687 673 potuit;
700 634 729 664 set
738 629 761 663 ab
769 628 837 673 episco-

107 693 125 716 10
133 689 176 730 patu
184 685 271 727 deiectus,
279 685 333 729 plane
342 684 387 719 dixit
392 683 403 718 ¹.
427 684 506 728 Explicit
510 683 529 718 Ἀθ

247 817 262 852 ii
275 808 308 851 DE
319 825 390 850 SANCTO
402 808 485 850 EDGARO
497 825 546 849 REGE
558 825 581 849 ET
592 815 726 849 commonia&

135 902 150 938 tl
161 899 203 933 Vita
214 899 262 933 beati
273 899 323 942 regis
336 899 404 942 Edgari
417 899 493 934 minime
505 899 538 933 fuit
551 899 626 934 inuenta
637 909 733 943 quousque
746 898 793 932 liber
804 897 837 933 iste

179 954 281 996 impressus
293 951 326 986 fuit
333 952 381 986 vltra
392 951 471 987 litteram
483 952 504 995 E,
515 952 540 986 ita
551 952 600 996 quod
611 952 630 985 in
642 952 682 986 loco
692 962 726 986 suo
738 951 838 986 secundum

180 1006 264 1040 ordinem
279 1005 371 1049 alphabeti
386 1006 435 1039 nullo
454 1006 509 1039 modo
528 1005 597 1050 imponi
615 1005 685 1050 potuit:
705 1004 746 1039 ideo
765 1003 784 1037 in
802 1004 838 1038 fine

180 1058 272 1101 presentis
280 1058 322 1091 libri
330 1057 434 1101 imponitur,
442 1064 461 1093 et
471 1058 490 1092 in
499 1059 561 1092 tabula
571 1059 672 1093 secundum
683 1058 767 1092 ordinem
777 1057 838 1100 alpha·

110 1112 127 1141 1⁵
179 1110 217 1144 beti
224 1110 284 1144 locum
292 1120 346 1144 suum
355 1110 429 1144 tenebit.
497 1114 499 1117 ’

144 1185 257 1262 EDgarus,
272 1195 306 1218 rex
321 1184 425 1228 Anglorum
440 1183 523 1227 insignis,
538 1184 594 1218 frater
609 1183 688 1226 Edwini,
700 1182 748 1227 cepit
763 1193 839 1227 regnare

200 1247 249 1271 anno
258 1236 336 1271 Othonis
345 1237 461 1281 imperatoris
468 1237 558 1282 vigesimo
569 1237 656 1279 secundo,
665 1237 709 1270 dum
720 1236 779 1270 adhuc
791 1241 839 1270 esset

137 1289 245 1323 iuuenculus
260 1301 350 1323 annorum
363 1289 456 1324 sedecim:
475 1301 511 1333 quo
524 1295 616 1332 nascente,
630 1290 738 1324 Dunstanus
752 1289 839 1332 archiepi-

138 1352 205 1384 scopus
215 1341 347 1376 cantuariensis
358 1342 427 1376 andiuit
436 1353 501 1377 vocem
511 1343 534 1376 de
546 1343 585 1376 celo
597 1343 668 1385 anglice
677 1342 779 1382 dicentem:
792 1340 839 1375 ‘Pan

110 1403 129 1424 20
139 1394 210 1439 Anglie‚
223 1394 310 1439 quamdiu
323 1405 370 1440 puer
383 1394 418 1429 iste
432 1394 521 1439 regnabit,
533 1400 551 1429 et
566 1394 673 1430 Dunstanus
689 1399 752 1429 noster
764 1393 839 1428 vixerit.¹

140 1448 234 1492 Regnauit
248 1452 310 1482 autem
326 1448 379 1483 annis
391 1449 428 1491 xvi,
442 1454 460 1483 et
475 1449 556 1493 quolibet
568 1459 616 1483 anno
629 1459 697 1483 nouum
710 1447 840 1482 monasterium

140 1501 227 1542 fundauit,
240 1506 333 1544 totamque
346 1501 424 1534 insulam
437 1501 456 1534 in
470 1512 543 1535 summa
555 1512 601 1544 pace
614 1507 633 1535 et
645 1501 716 1535 iusticia
729 1500 840 1544 gubernauit.

141 1552 189 1587 Nam
200 1562 263 1596 regem
275 1553 371 1587 Scotorum
383 1553 504 1594 Cinandum⁶‚
513 1553 642 1587 Cambiorum⁶
654 1553 777 1593 Malcolinum,
785 1552 840 1586 arehi-

140 1610 226 1650 pyratam
242 1605 372 1647 Mascosium⁷‚
384 1616 485 1650 omnesque
496 1616 551 1650 reges
562 1605 683 1649 walensium,
695 1616 772 1641 numero
783 1604 811 1648 vl,
819 1605 840 1639 ad

112 1664 131 1696 ²5
141 1658 210 1695 curiam
223 1664 300 1701 coactos,
308 1659 409 1704 ⁹perpetu0
421 1665 534 1693 sacramento
546 1658 580 1693 sibi
592 1658 682 1704 obligauit.
727 1652 782 1705 Quos
794 1658 840 1703 apud

141 1711 247 1757 [ciuitatem]
254 1712 268 1731 ¹⁰
275 1712 377 1756 Legionum
385 1712 421 1746 sibi
429 1718 551 1756 occurrentes,
560 1713 593 1757 [in]
600 1713 612 1733 ¹¹
618 1723 705 1758 pompam
713 1712 801 1756 triumphi
809 1721 841 1757 per

141 1764 218 1798 fluuium
226 1763 307 1805 deduxit,
315 1775 351 1799 vna
358 1764 401 1798 naui
411 1764 513 1809 impositos,
521 1775 576 1809 qnam
583 1765 609 1799 illi
617 1766 735 1808 remigabant,
743 1771 762 1800 et
773 1766 813 1809 ipse
823 1764 841 1797 in

141 1827 197 1862 prora
207 1817 288 1851 sedebat.
311 1816 445 1860 Compatriotas
458 1828 502 1852 suos
514 1828 525 1852 a
536 1818 592 1852 nimia
604 1817 697 1862 potatione
708 1817 773 1852 timore
786 1822 805 1851 et
816 1816 841 1850 in-

141 1870 211 1905 dustria
218 1869 329 1910 refrenauit3
341 1875 360 1904 et
369 1871 414 1904 adeo
425 1881 502 1905 seuerus
510 1870 543 1905 fuit
551 1871 600 1915 quod
611 1870 636 1904 ibi
646 1870 706 1905 nullus
718 1870 750 1905 t'uit
762 1869 841 1914 priuatus

113 1934 133 1964 30
141 1922 192 1966 latro,
199 1923 260 1958 nullus
266 1923 360 1968 popularis
365 1924 428 1967 predo,
434 1923 470 1958 nisi
476 1923 507 1968 qui
513 1923 568 1959 vellet
574 1923 657 1958 amittere
661 1924 723 1958 vitain.
734 1922 841 1967 Quinetiam

141 1976 201 2013 omnis
206 1976 279 2021 generis
284 1976 333 2011 seras
338 1977 433 2021 sanguinis
438 1977 501 2012 auidas
506 1988 530 2012 ex
535 1988 592 2022 regno
597 1977 730 2012 exterminabit.
742 1973 842 2012 Guidua10¹²

141 2030 181 2072 regi
194 2030 343 2064 Gualdensium¹³
353 2030 419 2064 indixit
426 2036 446 2065 vt
454 2030 488 2065 sibi
496 2033 546 2065 omni
558 2042 606 2065 anno
616 2030 704 2065 tributum
712 2042 752 2065 ¹ecc.
760 2031 842 2074 luporum

143 2081 232 2125 solueret5
244 2082 293 2127 quod
301 2082 345 2116 dum
352 2081 383 2117 ille
391 2081 473 2126 pluribus
480 2082 533 2116 annis
541 2082 620 2126 fecisset,
625 2083 695 2117 nullum
704 2093 724 2117 se
732 2082 811 2126 amplius
818 2081 842 2114 in·

163 2175 168 2191 ¹
179 2175 201 2205 al.
207 2174 240 2204 VB.
322 2175 328 2192 ²
338 2185 368 2204 om.
376 2177 392 2205 in
399 2177 417 2207 T.

163 2214 169 2232 ³
179 2215 216 2245 Ant.
225 2215 314 2252 destroyed.
336 2216 412 2247 Collect.:

164 2254 251 2298 (Spiritum
262 2260 285 2299 in)
298 2260 349 2297 nobis,
362 2261 431 2298 domine,
443 2265 470 2290 tue
482 2262 551 2291 caritatis
565 2261 634 2297 infunde,
647 2266 664 2291 ut
676 2262 786 2292 intercedente
798 2261 842 2289 beato

143 2299 221 2328 Vulstano
231 2299 323 2328 consessore
333 2304 360 2328 tuo
370 2305 417 2336 atque
427 2302 507 2337 pontifice,
515 2306 557 2330 tuam
564 2311 651 2331 mereamur
658 2302 756 2331 dulcedinem
766 2301 782 2331 in
792 2305 844 2330 eterna

144 2338 219 2368 felicitate
227 2342 295 2374 gustare,
302 2347 331 2374 per
338 2339 412 2368 eiusdem.
435 2339 469 2377 (ΒΓ.
477 2340 519 2378 Sar.)

164 2376 171 2395 ⁴
181 2377 220 2407 This
227 2377 254 2407 life
261 2377 275 2407 is
282 2388 312 2408 om.
321 2378 338 2407 in
343 2378 361 2408 T.
367 2377 434 2409 Tanner.
455 2379 484 2410 Ed.
492 2380 509 2409 in
515 2379 535 2409 Αλ
543 2380 572 2411 SS.
578 2379 619 2411 Boll.
627 2380 654 2411 Iul.
664 2380 684 2411 11.
692 2389 707 2418 p.
715 2381 753 2417 664:
763 2380 791 2410 the
798 2377 824 2409 lise
831 2375 843 2405 is

144 2419 192 2449 taken
200 2419 240 2448 from
248 2419 304 2448 Petrus
314 2420 334 2449 de
344 2419 431 2457 Natalibus,
439 2420 474 2449 who
482 2421 540 2458 mostly
547 2421 620 2458 abridges
627 2420 670 2451 Will.
678 2420 730 2451 Malm.
738 2421 778 2459 Reg.
833 2454 836 2462 Ι

164 2458 325 2489 ⁵Wll.1<inadium.
363 2457 540 2490 ⁵WM.Cumbrorum.
575 2460 743 2492 ¹WM.Mascusium,
783 2458 844 2487 'Thfflr

144 2498 273 2529 namesinWM.
335 2497 478 2537 'WM.vnoetp.
540 2500 551 2519 ¹⁰
561 2510 591 2531 orn.
653 2500 664 2519 ¹¹
675 2501 721 2531 E.et.
780 2493 844 2528 “Wlff-

145 2538 214 2569 Iudualo.
277 2538 287 2557 ¹¹
296 2537 341 2568 WM.
348 2538 454 2569 Gualensium.
