1762 2803
126 171 128 177 ’
151 166 181 206 80
342 163 422 214 mona
438 160 554 222 bentona
569 162 662 224 annila

152 283 211 319 cedidi
224 284 243 318 in
256 289 335 318 terram:
355 289 373 319 et
387 289 453 318 tenens
465 294 539 318 manum
555 295 615 319 meam
629 284 707 319 eleuauit
722 295 752 318 me
767 281 790 318 de
805 288 854 318 terra

153 338 256 382 [rosaque]¹
265 337 345 381 perfudit
352 349 387 379 me,
396 342 415 372 et
422 342 521 380 extergens
531 338 596 373 faciem
608 349 674 378 meam,
682 338 775 372 osculatus
782 342 811 372 est
818 348 854 378 me,

152 396 170 425 et
178 391 223 425 dixit
231 391 287 425 mihi:
300 391 358 424 “Noli
366 390 436 432 timere,
445 390 523 434 Ioseph:
536 391 608 435 respice
616 391 635 424 in
644 402 680 433 me,
688 396 706 425 et
717 391 759 425 vide
768 390 810 434 quia
820 401 854 434 ego

153 447 211 479 sum.”
235 445 258 478 Et
266 445 344 488 respexi,
351 449 369 477 et
378 444 428 477 dixi:
440 446 450 462 “
457 444 529 478 Raboni
538 445 619 478 Helias.”
643 445 665 477 Et
674 445 719 478 dixit
727 444 783 478 mihi:
796 444 854 477 “Non

136 508 144 539 5
153 510 195 533 sum
201 498 270 539 Helias,
275 498 308 532 sed
314 497 384 539 lhesus,
390 508 445 541 quem
451 502 471 531 tu
479 497 577 541 sepelisti.’'
589 498 612 532 Et
618 497 656 531 dixi
662 498 685 531 ad
691 508 745 532 eum:
756 497 855 531 “Ostende

154 551 199 585 mihi
210 555 348 585 monumentum
357 549 388 585 vbi
398 549 452 594 posui
462 550 495 583 te.''
518 551 542 584 Et
551 556 617 584 tenens
627 560 701 584 manum
710 561 771 584 meam
779 548 855 583 deduxit

154 615 184 640 me
192 604 211 638 in
219 605 278 638 locum
286 602 317 637 vbi
327 603 405 646 sepeliui
417 614 471 637 eum:
484 608 502 637 et
512 603 592 638 ostendit
601 603 645 637 mihi
655 602 757 645 sindonem,
766 608 784 637 et
792 602 855 637 faciale

154 657 173 690 in
181 667 217 700 quo
225 660 278 699 caput
286 655 326 689 eius
334 654 407 689 inuolui.
430 655 482 688 Tunc
494 656 560 699 agnoui
572 656 614 699 quia
624 655 690 689 ihesus
700 660 739 690 est:
752 661 770 689 et
781 655 856 689 adoraui

154 716 172 744 et
188 709 235 744 dixi:
254 708 382 742 “Benedictus
397 708 428 752 qui
442 708 493 742 venit
509 708 529 742 in
547 709 621 743 nomine
636 709 720 743 domini.’¹
751 708 775 742 Et
789 713 856 743 tenens

128 778 146 798 ιο
154 775 228 798 manum
239 773 299 796 meam
309 763 361 796 duxit
370 773 400 796 me
410 763 429 796 in
439 763 559 804 Armathiam,
570 763 589 796 in
598 764 673 796 domum
682 773 747 797 meam.
775 763 798 795 Et
810 761 856 796 dixit

154 816 209 851 mihi:
219 816 274 849 “Pax
282 815 324 858 tibi;
336 826 395 860 vsque
403 816 426 849 ad
434 816 594 859 quadragesimum
603 815 652 849 diem
660 826 697 849 non
705 825 761 849 exeas
769 816 792 848 de
800 815 855 849 domo

154 875 190 904 tua.
203 869 242 913 Ego
248 873 309 903 autem
314 870 380 903 vadam
387 870 410 903 ad
416 868 516 913 discipulos
521 871 587 903 meos.’¹
600 869 622 902 Et
630 868 665 902 hiis
673 868 726 902 dictis
734 867 857 912 disparuit.’—-

154 915 213 956 2Ροεῐ
225 923 258 955 hec
269 921 313 955 fidei
324 921 396 955 feruore
408 922 503 962 animatus,
511 922 578 955 nobilis
590 921 658 965 Ioseph
670 922 692 955 ab
700 921 797 954 Armathia
808 921 857 954 beati

156 974 236 1019 Philippi
249 974 327 1019 apostoli
339 974 472 1019 disciplinatui³
485 985 506 1008 se
519 974 592 1008 tradidit
605 980 660 1018 atque
672 974 711 1008 eius
724 973 792 1008 salubri
804 972 857 1007 disci·

129 1041 147 1072 ³5
155 1027 217 1073 plina*
224 1029 320 1063 affluenter
330 1028 413 1071 refertus,
422 1029 445 1061 ab
454 1028 495 1072 ipso
503 1039 545 1062 cum
553 1027 590 1062 filio
600 1039 633 1062 suo
643 1027 702 1062 iosese
711 1027 814 1071 baptizatus
823 1031 857 1061 est.

156 1082 223 1115 Postea
238 1092 282 1115 vero
295 1092 306 1114 a
317 1081 370 1114 beato
382 1081 464 1114 Iohanne
475 1082 557 1124 apostolo
570 1082 614 1114 dum
626 1081 667 1124 ipse
680 1080 799 1124 predicationi
815 1080 857 1112 Ese-

156 1146 219 1169 sorum
234 1134 334 1176 insudaret,
346 1135 399 1168 beate
414 1140 542 1178 perpetueque
552 1133 629 1177 virginis
642 1132 700 1167 Marie
713 1131 858 1177 paranimphusl

156 1188 250 1231 delegatus
263 1192 296 1229 est,
308 1186 428 1230 eiusdemque
439 1187 518 1230 gloriose
529 1186 606 1230 virginis
616 1186 790 1231 assumptionicum
804 1185 857 1219 beato

157 1240 242 1284 Philippo
251 1239 354 1283 ceterisque
366 1239 459 1283 discipulis
469 1239 555 1273 interluit.
571 1239 633 1283 Atque
644 1249 666 1272 ea
676 1250 712 1283 que
721 1239 745 1273 de
755 1237 829 1272 domino
837 1249 858 1272 ac

130 1305 149 1325 20
157 1295 180 1327 de
185 1293 224 1327 eius
230 1292 317 1336 genitrice
322 1293 404 1326 audierat
411 1298 429 1326 et
437 1292 511 1333 viderat,
518 1292 635 1326 constanter⁶
643 1302 677 1334 per
683 1292 766 1325 diuersas
774 1291 858 1333 regiones

157 1344 261 1390 predicauit.
292 1345 398 1389 Multosque
416 1349 527 1378 conuertens
546 1350 564 1378 et
582 1343 682 1388 baptizans,
698 1344 777 1385 tandem,
794 1342 858 1387 quinto

157 1399 228 1435 decimo
237 1403 279 1443 post
289 1399 342 1433 beate
350 1398 426 1443 virginis
437 1398 582 1442 assumptionem
593 1409 647 1439 anno,
655 1408 697 1432 cum
708 1402 809 1432 memorato
821 1396 859 1431 filio

157 1465 190 1488 suo
206 1453 271 1496 iosese,
283 1463 338 1497 quem
350 1452 435 1487 dominus
449 1452 514 1486 ihesus
526 1452 578 1497 prius
591 1451 609 1486 in
623 1451 695 1486 ciuitate
709 1451 775 1486 Sarath
788 1450 807 1485 in
821 1450 859 1495 epi-

158 1517 234 1550 scopum
242 1506 355 1540 consecrauit
360 1507 372 1548 ⁷,
379 1507 402 1539 ad
413 1510 496 1539 sanctum
507 1506 610 1549 Philippum
618 1506 720 1548 apostolum
729 1504 796 1538 Gallias
803 1504 859 1539 venit.

132 1567 150 1596 ²5
158 1558 264 1603 ⁸Dispersis
271 1558 319 1592 enim
327 1564 369 1601 post
377 1558 503 1592 ascensionem
510 1558 578 1592 domini
583 1557 675 1601 discipulis
683 1569 717 1602 per
723 1558 795 1591 diuersa
803 1568 860 1600 regna

159 1612 209 1645 orbis
224 1616 320 1650 terrarum,
331 1616 350 1644 vt
365 1615 442 1645 testatur
455 1610 469 1643 F
470 1611 562 1644 reculsus⁹
577 1610 622 1644 libro
635 1621 668 1644 suo
684 1611 770 1652 secundo,
782 1610 860 1653 capitulo

159 1669 229 1707 quarto,
238 1663 332 1706 reg[n]um
337 1662 351 1682 ¹⁰
361 1663 473 1696 Francorum
484 1662 591 1705 predicandi
602 1662 659 1705 gratia
670 1662 734 1697 adiens
747 1662 843 1705 Philippus
848 1662 860 1681 ¹¹

159 1718 223 1761 plures
230 1717 253 1750 ad
261 1716 317 1750 fidem
325 1715 393 1750 Christi
401 1715 491 1750 conuertit
499 1721 517 1750 et
528 1715 631 1760 baptizauit.
653 1715 723 1751 Volens
734 1714 789 1760 igitur
796 1716 860 1751 beatus

159 1770 253 1814 apostolus
263 1770 340 1803 verbum
351 1769 381 1803 dei
388 1768 464 1810 dilatari,
472 1769 568 1803 duodecim
580 1781 603 1802 ex
615 1768 709 1812 discipulis
720 1769 758 1803 suis
769 1769 792 1802 ad
804 1780 860 1802 euan-

132 1837 152 1866 30
160 1824 275 1868 gelizandum
287 1822 323 1856 vite
335 1824 412 1856 verbum
423 1823 442 1855 in
454 1821 567 1856 Britanniam
578 1822 640 1856 misit:
656 1822 722 1866 quibus
733 1822 860 1856 charissimum

160 1878 238 1911 amicum
250 1887 304 1909 suum
317 1875 384 1919 Ioseph
396 1876 504 1919 predictum,
518 1876 549 1919 qui
561 1876 646 1919 sepeliuit
659 1876 758 1917 dominum,
770 1887 806 1909 vna
819 1886 861 1909 curn

160 1929 197 1963 filio
209 1939 242 1962 suo
254 1927 333 1961 losele¹²
344 1928 436 1972 presecitl.
459 1928 554 1962 Venerunt
566 1933 626 1962 autem
638 1937 680 1961 eum
692 1928 723 1967 eis,
734 1932 753 1962 vt
765 1928 831 1971 legitur
843 1927 861 1961 in

160 1982 206 2017 libro
218 1981 249 2026 qui
261 1981 359 2015 ‘Sanctum
371 1981 435 2015 Graal'
446 1981 553 2024 appellatur,
565 1981 647 2015 sexcenti
659 1986 677 2014 et
689 1980 767 2025 amplius
779 1986 816 2014 tam
827 1979 862 2014 viri

160 2047 215 2080 quam
223 2035 297 2077 femine,
304 2034 334 2078 qui
342 2046 407 2069 omnes
415 2040 477 2068 votum
484 2040 575 2068 vouerunt
581 2035 594 2054 ¹³
602 2035 650 2078 quod
658 2035 681 2067 ab
686 2035 775 2069 vxoribus
781 2033 861 2078 propriis

134 2097 152 2127 35
161 2090 278 2130 abstinerent,
286 2098 381 2132 quousque
389 2093 457 2121 terram
465 2087 500 2121 sibi
507 2088 610 2131 delegatam
618 2087 697 2131 ingressi
705 2088 788 2121 fuissent.
808 2087 862 2129 Quod

160 2147 224 2177 tamen
237 2140 345 2185 preuaricati
360 2146 408 2175 sunt⁴
418 2152 483 2175 omnes
501 2147 563 2185 preter
582 2146 655 2175 centum
670 2142 812 2185 quinquaginta:
832 2139 862 2183 qui

161 2194 236 2229 iubente
247 2194 321 2227 domino
333 2204 384 2228 mare
393 2205 449 2238 super
460 2194 553 2228 camisiam
563 2194 621 2238 ipsius
632 2193 702 2228 loseses
713 2199 831 2228 transeuntes
843 2193 862 2226 in

162 2252 216 2281 nocte
231 2246 321 2280 dominice
333 2247 477 2289 resurrectionis,
489 2248 616 2292 applicuerunt
627 2247 646 2280 in
658 2257 717 2281 mane.
738 2247 786 2280 Aliis
801 2251 862 2280 autem

162 2299 291 2343 penitentibus,
303 2304 322 2332 et
336 2299 396 2333 Iosefe
408 2311 442 2343 pro
457 2300 484 2333 eis
500 2306 568 2341 orante,
582 2301 638 2333 missa
652 2304 680 2333 est
693 2301 746 2333 nauis
760 2311 770 2333 a
783 2300 863 2339 domino,

134 2360 154 2391 40
162 2363 217 2396 quarn
230 2362 264 2385 rex
276 2351 363 2385 Salomon
376 2352 473 2385 artificiose
486 2362 520 2386 suo
535 2348 619 2396 tempore
632 2351 752 2386 fabricauerat
767 2363 825 2396 vsque
840 2350 863 2384 ad

163 2406 231 2440 Christi
242 2409 325 2448 tempora
336 2405 452 2439 duraturam:
465 2405 483 2439 in
495 2416 531 2449 qua
542 2405 572 2440 die
584 2406 649 2439 eadem
660 2406 684 2440 ad
695 2416 739 2440 suos
751 2405 810 2440 socios
821 2414 863 2449 per-

162 2464 258 2501 uenerunt,
274 2469 316 2492 cum
335 2460 413 2502 quodam
432 2460 479 2493 duce
497 2459 594 2494 Medorum
613 2460 687 2493 nomine
707 2460 793 2501 Naciano,
809 2468 864 2503 quem

182 2520 217 2548 1εο
226 2518 298 2553 H.;om.
306 2517 322 2546 in
331 2516 348 2548 E.
400 2517 499 2547 ²cf.Usher.
546 2518 583 2548 Ἠ,
592 2518 696 2556 discipulatui.
743 2517 781 2549 ίΗ,
789 2518 864 2547 doctrina.

162 2558 324 2596 ⁵E.pa1·arumphus.
372 2556 410 2587 6Η,
418 2558 499 2588 instanter.
546 2558 715 2589 tuconsecrauerat.
762 2558 813 2588 ⁸—ch
821 2556 865 2587 Will.

163 2599 216 2628 Malm.
255 2597 374 2627 ⁹E.lretullus.
412 2596 571 2635 ¹⁰WM.regi0nem.
609 2597 620 2616 ¹¹
631 2598 649 2627 E.
657 2598 770 2637 philosophus;
781 2598 835 2628 orn.in
843 2596 863 2625 H.

162 2638 174 2655 n
184 2639 204 2667 al.
212 2638 294 2674 Iosephes.
356 2636 368 2653 ¹³
379 2637 401 2666 H.
407 2640 489 2666 venerant.
528 2640 530 2644 ⁴
