1762 2803
234 140 279 196 bt
294 138 394 193 &totto
409 138 509 192 ultano.
694 154 722 198 35

21 260 161 306 ragesimonono
166 262 177 296 ¹.
204 255 275 296 Annot
282 266 343 296 autem
352 260 421 295 domini
432 259 596 305 septingentesimo
604 260 724 304 nonagesimo

20 315 73 350 tertio
83 326 116 349 rex
126 314 235 349 Merciorum
246 314 293 358 Ofsa,
305 314 367 349 diuino
379 314 482 348 admonitus
495 313 573 356 oraculo,
585 313 643 348 sancti
656 312 724 348 Albani

20 379 93 412 corpus,
108 368 148 403 luce
161 379 218 413 super
230 370 290 403 locum
305 368 324 402 in
338 379 374 412 quo
387 368 457 402 iacebat
470 367 533 402 celitus
548 366 621 409 emissa,
636 367 660 401 de
675 372 724 401 terra

20 420 92 464 leuauit,
107 426 125 455 et
137 422 269 457 monasterium
286 421 305 456 in
319 421 359 456 eius
372 421 442 455 honore
455 419 562 455 construxit.
610 413 724 464 'Regnante

21 474 128 509 Ethelstano
147 485 196 519 rege,
214 475 262 510 circa
285 485 354 509 annum
374 473 443 508 domini
462 473 622 517 nongentesimum
639 478 741 517 quartum5

20 527 118 569 decimum,
131 527 178 562 Dani
191 528 278 572 Angliam
292 528 337 561 cede
352 533 370 561 et
383 526 468 560 incendio
482 526 596 569 infestantes,
608 537 652 561 ossa
666 526 724 560 sancti

20 580 88 615 Albani
99 579 156 615 fracto
168 580 235 615 scrinio
246 580 344 626 rapientes,
356 580 379 614 ad
392 580 484 625 quoddam
495 580 627 615 monasterium
642 579 661 614 in
674 584 724 614 terra

21 644 54 668 sua
62 628 136 668 nomine
145 634 225 668 Owense
233 645 296 669 secum
303 634 412 675 detulerunt,
420 639 438 668 et
446 644 481 677 per
488 633 555 678 aliquot
563 644 622 668 annos
629 633 648 668 in
656 644 724 677 magno

21 687 91 720 honore
101 686 131 720 illa
142 686 250 721 habuerunt.
271 687 355 721 Tandem
367 692 441 721 sanctus
453 687 538 721 Albanus
550 686 621 721 cuidam
634 686 725 721 monacho

20 749 112 783 apparens
126 739 182 775 dixit:
200 740 250 785 ‘Ego
265 750 306 774 sum
322 741 457 784 prothomartyr
474 739 573 781 Britannie‚
588 749 643 784 quem
658 738 724 784 diligis,
733 747 752 770 10

20 792 116 826 Albanus:
128 804 193 837 preces
198 799 229 827 tue
234 794 257 827 ad
263 793 357 827 dominum
365 794 498 827 ascenderunt:
510 793 561 827 oraui
567 798 632 835 tecum,
637 798 655 826 et
659 803 725 837 preces

21 851 84 879 nostre
92 846 177 879 exaudite
184 852 232 881 sunt.
255 846 323 880 Habita
332 846 381 880 enim
391 845 462 879 abbatis
472 845 498 879 tui
508 845 585 886 licentia,
593 845 679 887 habiturn,
687 856 724 880 non

21 909 82 933 mores
95 899 174 934 mutabis
185 905 203 934 et
215 901 237 934 ad
249 900 374 934 reducendum
386 898 472 943 reliquias
483 909 534 933 meas
545 909 604 942 vsque
616 898 636 933 in
649 899 725 933 Daciam

20 951 112 994 proficisci
123 962 147 985 ne
158 951 256 985 formides.¹
280 951 321 992 Quo
332 951 380 985 dieto
391 957 461 994 martyr
472 950 567 994 disparuit,
578 957 596 984 et
609 950 651 984 miri
664 950 726 985 odoris

21 1003 138 1046 fragrantiam
149 1003 218 1037 ibidem
229 1003 307 1046 reliquit.
330 1002 432 1037 Monachus
440 1001 494 1046 igitur
501 1001 538 1044 ille,
545 1001 620 1036 nomine
632 1001 752 1045 nginus,15

21 1054 39 1089 in
51 1054 113 1090 habitu
125 1055 202 1090 seculari
214 1055 290 1090 Daciam
301 1055 427 1100 proficiscens,
434 1060 476 1100 post
484 1054 563 1100 aliquam
572 1055 621 1089 inter
626 1056 726 1090 monachos

21 1107 62 1141 illos
86 1109 244 1142 conuersationem
267 1109 349 1142 habitum
372 1109 466 1152 religionis
489 1108 570 1152 suscepit
592 1113 610 1144 et
629 1108 726 1143 virtutibus

22 1160 125 1204 proficiens,
138 1166 156 1195 et
172 1161 248 1196 sacrista
261 1162 335 1195 demum
350 1160 431 1204 effectus,
448 1172 490 1196 ossa
504 1166 567 1196 sancta
582 1160 661 1196 extraxit
676 1167 693 1196 et
706 1160 725 1195 in

21 1224 96 1258 capsam
104 1214 195 1249 modicam
203 1214 257 1259 pallis
265 1214 346 1249 inuoluta
354 1215 442 1259 reposuit,
452 1221 470 1250 et
481 1225 522 1250 cum
533 1215 612 1259 quodam
624 1221 725 1250 mercatore

21 1267 92 1311 anglico
102 1269 125 1302 ad
136 1268 268 1303 monasterium
278 1267 342 1302 Sancti
352 1268 419 1302 Albani
430 1268 537 1303 transmisit.
560 1268 653 1303 Postulata
663 1274 724 1304 autem
734 1280 753 1303 zo

21 1326 63 1364 post
74 1321 108 1355 hec
120 1323 143 1355 ab
157 1321 244 1366 episcopo
257 1321 335 1366 patriam
348 1327 366 1356 et
378 1321 447 1355 amicos
459 1320 544 1356 visitandi
558 1321 636 1364 licentia,
648 1321 725 1356 transito

22 1384 110 1416 prospere
122 1374 173 1417 mari,
183 1379 220 1408 tam
230 1374 317 1418 episcopo
329 1384 383 1417 quam
394 1374 488 1408 monachis
499 1384 608 1418 expressam
618 1373 645 1408 rei
657 1374 725 1409 seriem

22 1436 61 1469 per,
67 1425 136 1460 litteras
148 1426 247 1461 intimauit:
264 1426 286 1460 ln
298 1438 334 1470 quo
345 1426 397 1467 iacto,
408 1437 450 1460 curn
460 1426 490 1460 dei
502 1432 520 1461 et
530 1426 616 1470 martyris
628 1427 726 1461 auctoritas

22 1478 116 1513 audaciam
124 1479 208 1523 prestitit,
214 1479 230 1513 si
237 1485 332 1523 peccasset
336 1479 410 1514 veniam
416 1478 522 1523 postulauit.
554 1473 655 1524 Regnante
662 1486 726 1515 sancto

23 1531 114 1565 Edwardo
129 1532 240 1573 consessore,
251 1532 318 1575 Anglis
334 1532 429 1566 Danorum
443 1531 579 1566 infestationem
594 1537 612 1567 et
627 1533 726 1567 aduentum
735 1547 754 1577 ²5

22 1583 132 1626 timentibus,
139 1585 195 1619 abbas
204 1584 267 1618 Sancti
272 1585 338 1618 Albani
344 1584 511 1627 Alfrieus,c0nsciis
517 1584 626 1629 quibusdam
634 1585 727 1627 fratribus,

24 1636 110 1680 reliquias
119 1637 177 1671 sancti
186 1637 254 1671 Albani
264 1648 316 1671 muro
328 1638 407 1682 quodam
418 1638 452 1671 sub
461 1637 513 1672 altari
523 1638 581 1673 sancti
592 1638 674 1673 Nicholai
685 1649 726 1673 cum

22 1688 89 1724 feretro
96 1691 202 1733 recondidit,
208 1696 226 1725 et
232 1690 436 1726 ossacuiusdamsancti
442 1691 526 1726 monachi
532 1691 551 1726 in
558 1691 632 1736 capside
638 1691 727 1737 preciosa,

22 1743 42 1777 in
49 1745 147 1788 panniculo
154 1745 219 1779 villoso
228 1744 310 1779 inuoluta
320 1745 371 1789 quasi
382 1745 401 1779 in
412 1746 470 1779 saneti
481 1745 588 1790 Amphibali
599 1746 692 1787 caracalla,
704 1747 727 1781 ad

23 1798 106 1832 abbatem
114 1798 215 1832 heliensem
223 1809 265 1832 cum
273 1798 335 1832 multis
343 1798 383 1831 aliis
390 1798 468 1832 ecclesie
475 1799 589 1832 ornamentis
596 1799 646 1833 misit
653 1810 728 1834 conser-
736 1813 756 1843 3⁰

23 1852 95 1885 uanda:
110 1856 129 1884 vt
142 1851 158 1884 si
173 1850 220 1885 sorte
235 1861 279 1895 pars
295 1851 390 1885 Danorum
404 1852 512 1894 preua1eret,
526 1852 549 1885 de
564 1851 594 1885 illa
610 1851 727 1896 reliquiarum

23 1903 147 1947 asportatione
158 1903 219 1948 opinio
228 1904 285 1939 relata
295 1903 407 1938 satisfaceret
414 1909 432 1938 et
440 1903 520 1938 furorem
528 1910 658 1948 compesceret.
681 1905 728 1939 Sub—

23 1966 84 1991 merso
98 1962 158 1991 autem
173 1968 217 2001 rege
231 1957 326 1991 Danorum
339 1968 380 1990 cum
393 1957 450 1990 abbas
462 1956 543 1990 Allricus
555 1958 683 1991 commendata
698 1968 726 1991 re·

24 2015 114 2051 posceret,
126 2009 211 2043 monaehi
226 2010 319 2044 helienses
332 2020 375 2044 ossa
388 2010 411 2043 ad
426 2019 458 2044 eos
471 2009 528 2045 missa
541 2009 588 2044 clam
604 2014 727 2053 reseruantes,

24 2072 66 2097 ossa
77 2064 155 2108 quedam
166 2062 268 2098 adulterina
276 2067 418 2107 supposuerunt,
425 2067 444 2098 et
455 2062 513 2098 dolosi
525 2061 551 2097 sic
562 2062 594 2107 pio
605 2063 647 2097 dolo
656 2062 728 2107 decepti
736 2070 755 2102 35

24 2120 72 2150 sunt.
100 2116 141 2158 Quo
160 2121 259 2161 comperte,
277 2115 334 2151 abbas
353 2115 433 2150 Alsricus
449 2115 487 2150 suis
503 2115 588 2150 iratribus
603 2126 642 2151 rem
657 2122 729 2161 gestam

24 2169 100 2212 aperuit,
107 2175 125 2204 et
133 2175 233 2205 extractum
241 2169 329 2204 feretrum
337 2180 378 2204 curn
387 2169 468 2214 reliquiis
474 2170 497 2204 de
503 2180 555 2204 muro
561 2170 580 2203 in
585 2170 646 2204 medio
652 2170 728 2205 ecclesie

24 2223 97 2266 publice
106 2223 205 2258 collocauit.
226 2222 295 2257 Allrico
307 2223 396 2258 successit
407 2223 527 2265 Leosstanus;
543 2228 560 2257 et
570 2222 595 2257 illi
607 2223 728 2265 Frethericus,

25 2285 73 2310 anno
82 2277 152 2310 domini
163 2276 261 2310 millesimo
272 2275 453 2319 sexagesimosexto:
465 2280 483 2309 et
495 2275 537 2320 quia
547 2280 609 2309 contra
618 2285 682 2319 regem
689 2275 729 2309 Vil-

25 2327 99 2363 lelmum
111 2329 202 2364 nobilibus
214 2328 281 2372 Anglie
294 2328 385 2371 refugium
398 2333 417 2362 et
429 2328 517 2363 auxilium
531 2327 616 2372 prestitit,
629 2327 757 2367 formidarem

26 2382 84 2423 cepit:
102 2387 120 2415 et
133 2381 232 2426 assumptis
245 2392 307 2415 secum
319 2381 370 2414 libris
383 2387 401 2414 et
415 2381 481 2424 pannis
493 2386 511 2414 et
524 2380 564 2414 aliis
577 2381 694 2424 necessariis,
706 2382 729 2415 ad

25 2432 104 2469 insulam
117 2434 218 2469 heliensem
233 2434 283 2479 sugit,
297 2438 315 2469 et
330 2433 355 2468 ibi
369 2433 425 2468 finem
440 2432 478 2468 vite
491 2432 546 2467 dedit.
591 2426 649 2470 Circa
660 2444 730 2469 annum

26 2486 95 2522 domini
110 2487 227 2523 millesimum
241 2487 361 2522 centesimum
375 2486 634 2531 quinquagesimumnonum⁴,
645 2488 668 2522 ad
684 2487 730 2532 peti·

45 2559 51 2577 ¹
62 2561 107 2592 Here
114 2571 123 2591 a
130 2572 198 2600 passage
205 2571 257 2592 seems
264 2562 340 2599 wanting,
348 2561 366 2591 ci.
374 2560 418 2590 Beda
426 2560 438 2591 Ι.
447 2561 470 2590 18.
538 2559 545 2578 ²
555 2561 579 2593 Cf.
589 2561 678 2592 Matthaeus
686 2561 731 2593 Paris

26 2598 62 2631 Vita
70 2601 86 2632 S.
94 2602 145 2633 Offae.
186 2601 480 2633 ³Ci.blatth.ParisVitaeAbbatum
488 2601 574 2632 saltant.
611 2602 731 2640 ¹T.quintum.

363 2662 394 2685 Μ
