1762 2803
271 92 316 173 Du
331 90 431 144 &anuo
448 91 554 143 cauato.
724 108 764 151 171

64 214 118 249 tionis
130 220 160 250 tue
171 215 194 249 ad
206 215 261 250 deum
273 215 377 250 ascendens
388 214 485 249 exauditus
497 219 537 249 est:
553 214 598 249 Cras
609 215 658 249 enirn
670 219 768 249 veteranus

65 269 117 313 gigas
130 269 254 311 resuscitatus,
265 274 328 304 vester
339 268 400 303 fossor
413 269 473 312 quoad
484 267 556 309 uixerit,
569 267 614 303 erit.¹
638 267 693 302 Mane
706 273 767 303 autem

65 323 118 364 facto,
130 322 216 357 immanis
228 327 246 357 et
257 321 350 356 horribilis
361 327 431 356 stature
442 322 494 366 gigas
505 321 612 363 adueniens,
620 321 699 365 pedibus
710 320 768 355 sancti

65 375 172 417 prouolutus
188 376 214 408 sic
229 375 299 418 inquit:
319 375 399 408 ‘Sancte
414 374 487 408 Cadoce
504 385 559 408 seruc
573 374 609 415 dei,
624 379 674 408 tuam
689 374 768 417 efflagito

65 426 197 470 benignitatem
208 426 293 471 quatinus
303 427 390 461 miseram
400 426 481 461 animam
491 437 557 469 meam,
565 426 584 461 in
592 425 637 460 diris
648 425 714 460 inserui
725 437 768 470 sup·
777 438 785 468 5

65 479 125 524 pliciis
132 480 220 514 hactenus
226 480 329 522 cruciatam,
334 480 377 513 illuc
383 480 444 514 denuo
450 490 533 514 remeare
539 489 655 524 nequaquam
661 480 769 524 permittas?

67 533 90 566 Et
97 532 220 576 interrogatus
228 532 269 576 quis
279 539 329 567 esset
337 538 355 567 et
364 533 388 567 de
396 544 432 576 qua
439 539 500 576 gente,
508 533 543 568 ait:
552 532 614 567 ‘Vltra
621 532 676 566 talem
686 538 768 567 montem

67 585 177 629 quandoque
188 596 274 629 regnans,
281 596 323 619 cum
335 586 393 620 semel
405 596 447 620 eum
458 585 505 619 meis
516 586 629 631 predonibus
640 585 738 629 diripiendi
750 590 768 620 et

66 639 150 674 vastandi
158 650 212 673 causa
220 639 255 672 huc
263 640 361 681 venissem,
370 650 403 674 rex
413 639 466 674 istius
473 646 522 674 terre
530 650 560 673 me
568 645 586 674 et
596 639 697 673 exercitum
705 649 767 673 meum

68 692 167 726 commisso
175 693 225 735 graui
230 692 289 736 prelio
296 692 402 727 trucidauit.¹
421 692 530 737 Requisitus
537 693 561 726 de
569 691 644 726 nomine
652 703 691 733 suo,
697 692 702 709 ⁴
708 692 755 726 Cau'
762 692 768 712 ¹
778 703 796 724 ro

68 745 130 789 ipsum
145 745 206 779 vocari
221 744 271 780 dixit.
293 745 376 788 ‘Letare,
388 746 446 789 inquit
461 746 489 780 vir
502 745 538 788 dei,
552 750 570 779 et
585 745 645 780 alacer
657 745 683 779 sis
695 746 767 780 animo:

67 809 109 832 nam
118 798 173 832 michi
183 810 194 832 a
202 800 237 833 deo
244 809 354 833 concessum
362 805 390 834 est
398 804 416 832 te
424 798 491 832 diutius
499 798 518 832 in
526 798 561 832 hoc
569 798 631 833 seculo
638 798 738 841 victurum;
750 804 769 833 et

66 856 109 894 post
119 851 211 894 presentis
219 851 256 885 vite
264 861 343 893 cursum,
352 851 368 885 si
378 852 413 885 deo
424 851 479 885 fidele
489 851 613 894 deuotumque
621 851 729 894 obsequium
737 861 769 885 ex-

67 903 154 946 hibueris,
162 915 183 938 ac
192 903 239 938 meis
246 904 339 947 preceptis
347 903 509 947 obtemperamus,
516 902 578 937 anima
585 909 616 937 tua
623 904 646 937 ad
654 903 769 947 perhennem

68 957 144 999 gloriam
152 966 194 989 cum
202 957 237 990 deo
245 961 343 1000 regnatura
354 956 449 1000 migrabit!
471 956 535 999 Vsque
546 956 569 989 ad
580 955 650 990 obitum
660 966 714 990 suum
724 955 770 990 sodi·
780 970 797 999 ¹5

67 1008 115 1043 endo
127 1014 145 1042 et
155 1008 255 1042 laborando
262 1008 282 1042 in
290 1009 355 1042 eodem
363 1009 403 1042 loco
411 1008 518 1052 permansit.
563 1000 650 1043 Rediens
661 1014 735 1043 sanctus
746 1009 769 1043 ad

68 1061 200 1096 monasterium
213 1072 273 1104 suum,
284 1061 355 1096 inuenit
368 1061 440 1096 Gildam
454 1061 534 1096 nobilem
548 1061 663 1096 scolasticum
676 1072 718 1095 cum
730 1061 770 1106 pul-

68 1113 159 1149 cherrima
168 1116 247 1158 quadam
257 1116 365 1159 campanula
375 1116 399 1150 de
407 1115 498 1150 Hibernia
507 1114 550 1149 illuc
560 1114 664 1150 aduenisse.
687 1114 770 1159 Cumque

68 1168 129 1210 decor,
138 1173 156 1202 et
166 1179 223 1202 sonus
234 1169 320 1212 colorque
328 1169 400 1203 Cadoco
408 1168 522 1213 placuissetl,
531 1167 603 1203 Gildam
615 1167 649 1202 sihi
657 1168 717 1203 nolam
725 1179 770 1203 ven·

68 1222 112 1255 dere
123 1221 234 1265 implorauit.
257 1222 315 1264 ‘Non,
322 1223 381 1266 inquit
392 1222 428 1264 ille,
438 1222 523 1264 vendam,
534 1221 567 1256 sed
578 1231 635 1266 super
644 1222 701 1256 altare
711 1221 769 1256 sancti
779 1234 798 1256 ιο

69 1274 119 1307 Petri
127 1275 203 1308 offeram
211 1275 271 1309 illam!
295 1275 367 1309 Etcum
374 1275 424 1309 nullo
432 1274 494 1318 precio
503 1285 544 1308 eam
551 1275 633 1308 vendere
641 1286 662 1309 se
670 1280 767 1316 assereret,

69 1326 148 1359 Romam
163 1327 257 1370 proiectus
271 1327 351 1361 ostendit
365 1337 407 1361 eam
422 1327 528 1361 Alexandro
543 1336 597 1370 pape,
611 1326 685 1360 dicens:
705 1327 769 1361 ‘Hanc

68 1378 129 1412 nolam
141 1390 152 1412 a
163 1389 193 1412 me
204 1378 309 1414 fabricatam
321 1386 339 1414 et
350 1379 373 1412 ab
386 1379 476 1412 Hibernia
487 1379 523 1412 huc
534 1379 619 1420 delatam,
630 1379 665 1412 deo
677 1384 695 1412 et
706 1384 769 1413 sancto

69 1431 123 1465 Petro
135 1431 201 1467 offero.¹
225 1432 248 1466 Et
259 1443 300 1466 cum
312 1432 382 1467 nullum
394 1431 469 1466 omnino
480 1442 547 1465 sonum
557 1432 629 1475 pulsata
640 1432 731 1474 redderet,
739 1433 770 1466 ad-

68 1485 138 1519 mirans
151 1495 204 1528 papa,
217 1485 295 1529 qualiter
308 1485 342 1520 hoc
355 1485 395 1520 fieri
411 1491 474 1529 posset
489 1484 569 1529 inquirit.
592 1484 615 1518 Et
629 1484 696 1519 auditis
710 1496 746 1530 que
760 1496 798 1526 a25

69 1538 142 1572 Cadoco
152 1538 200 1572 dicta
210 1539 287 1581 fuerant,
295 1539 390 1573 benedixit
400 1539 467 1581 nolam,
475 1544 493 1572 et
503 1538 538 1573 ait:
550 1537 616 1572 ‘Hanc
626 1539 771 1582 campanulama

69 1601 99 1624 me
107 1590 223 1625 benedictam
231 1596 249 1625 et
257 1598 382 1626 consecratam
389 1593 443 1626 beato
451 1592 523 1626 Cadoco
531 1596 610 1635 reporta,
617 1593 703 1635 quatinus
710 1592 729 1626 in
737 1592 771 1627 hac

69 1655 124 1678 omne
132 1645 232 1690 principale
240 1645 366 1680 iusiurandum
374 1646 410 1681 fiat.
433 1645 453 1679 si
460 1645 501 1689 quis
509 1644 559 1680 enim
567 1655 624 1689 super
631 1644 690 1690 ipsam
697 1645 771 1689 periurii

69 1697 139 1731 crimen
152 1698 254 1740 incurrerit,
266 1699 301 1733 nisi
313 1699 387 1742 dignam
398 1698 519 1742 penitentiam
531 1698 595 1740 egerit,
606 1697 635 1731 hic
649 1703 667 1732 et
680 1697 699 1732 in
712 1698 771 1733 futuro

69 1750 134 1794 procul
146 1749 201 1784 dubio
212 1751 310 1785 anathema
321 1751 360 1785 erit.
384 1751 423 1794 Ego
433 1750 482 1784 enim
494 1750 555 1793 gentis
566 1749 614 1783 illius
625 1749 771 1785 incredulitatem
780 1763 799 1794 30

69 1802 194 1845 rebellemque
206 1802 351 1838 ceruicositatem
362 1803 429 1843 audiui,
436 1802 515 1846 ideoque
526 1802 576 1836 illam
587 1802 615 1837 eis
626 1803 697 1837 mittam
707 1808 726 1838 vt
738 1814 772 1847 per

70 1865 111 1888 eam
121 1853 174 1887 sedus
182 1860 201 1888 et
208 1865 273 1898 pacem
283 1854 398 1888 concorditer
405 1853 536 1888 sacramentis³
543 1853 619 1888 saciat⁴.’
641 1855 702 1888 Allata
710 1861 771 1890 autem

69 1908 123 1942 beato
131 1907 204 1941 Cadoco
213 1907 255 1941 nola
263 1907 335 1942 dulcem
345 1918 411 1942 sonum
422 1906 538 1941 audientibus
549 1911 567 1940 et
577 1905 718 1941 desiderabilem
729 1908 771 1941 red-

70 1961 120 1996 didit.
142 1963 233 1996 Asserunt
244 1961 294 1996 enim
306 1961 396 2004 Britones,
408 1971 442 2005 pro
454 1959 512 1995 sancti
523 1959 590 1995 Cadoci
603 1970 665 1995 amore
677 1971 712 2005 per
725 1961 771 1996 hanc

70 2015 131 2048 nolam
146 2015 193 2048 duos
208 2019 290 2049 mortuos
305 2016 328 2049 ad
340 2014 396 2049 vitam
409 2014 503 2048 dominum
518 2013 644 2047 resuscitasse.
689 2005 771 2049 Sanctus
780 2027 798 2057 ³5

70 2068 120 2101 enim
129 2068 212 2102 Cadocus
222 2068 292 2102 sontem
301 2067 367 2112 iugiter
377 2072 482 2101 manantem
493 2066 516 2101 de
526 2072 576 2100 terra
586 2066 683 2110 produxit;
694 2066 771 2101 ssuuium

70 2121 162 2164 quendam
173 2131 260 2165 magnum
268 2120 319 2165 virga
329 2130 384 2165 quam
394 2130 450 2154 manu
460 2119 549 2164 gestabat,
557 2123 586 2153 ter
596 2118 692 2164 percussit,
700 2124 718 2153 et
730 2130 771 2154 cum

70 2173 213 2218 vigintiquatuor
230 2174 285 2209 sociis
303 2173 357 2209 siccis
375 2173 453 2218 pedibus
469 2171 592 2218 pertransiuit.
644 2165 695 2207 Cum
713 2174 772 2207 sancti

71 2227 139 2261 Cadoei
149 2238 195 2261 oues
206 2227 236 2261 die
245 2227 324 2271 quadam
335 2231 460 2272 pascerentur,
468 2236 511 2260 eece
522 2226 559 2260 duo
569 2224 607 2269 lupi
619 2225 772 2269 superuenientes

71 2280 155 2324 pluribus
172 2280 237 2314 ouibus
254 2280 343 2322 laceratis,
360 2278 453 2314 nonnullis
472 2278 568 2322 rapacibus
586 2277 678 2311 morsibus
697 2279 772 2321 necatis,
781 2293 800 2320 40

73 2332 170 2367 brachium
180 2333 237 2368 maris
247 2338 362 2368 transnatare
372 2337 466 2377 ceperunt.
489 2331 524 2374 Qui
536 2340 577 2365 cum
588 2331 611 2365 ad
623 2330 704 2365 medium
712 2331 773 2367 venis-

71 2392 118 2429 sent,
129 2386 192 2421 diuino
201 2386 267 2422 iudicio
277 2387 296 2422 in
306 2387 378 2432 lapides
387 2384 510 2421 transformati
520 2389 569 2419 sunt.
613 2376 667 2419 Dum
677 2391 739 2420 autem
750 2386 773 2422 de

73 2444 135 2474 monte
141 2440 199 2474 saneti
205 2440 301 2475 Michaelis
308 2440 327 2474 in
333 2439 511 2474 Cornubiavenisset
518 2443 536 2472 et
544 2437 593 2471 sitim
601 2438 701 2472 maximam
707 2449 774 2483 passus

129 2543 162 2576 ¹E.
170 2544 187 2575 T.
195 2555 229 2576 can.
270 2545 317 2575 tvit.
325 2544 425 2583 placuissent.
465 2543 560 2575 ³E.aacrIs.
602 2542 719 2575 'Vitsaeiant
