1762 2803
138 101 184 187 '300
239 182 240 186 Ν
328 129 407 184 unua
423 127 648 192 coruncanius
757 135 839 190 [us-u

137 253 173 283 bilis
184 251 230 283 simul
240 256 257 283 et
267 253 375 290 peccatoribus
386 252 432 282 ualde
443 252 520 283 terribilis.
541 252 577 283 Fuit
587 252 629 282 enim
640 252 656 281 in
667 250 744 281 Hibernia
755 250 772 279 in
782 249 841 279 diocesi

138 300 224 332 eassiliensi
234 299 259 329 uir
265 299 327 338 quidam
334 299 397 329 nomine
405 299 490 337 Tundalus,
498 299 554 330 nobilis
561 309 625 338 genere,
632 299 699 328 crudelis
706 297 780 332 accione3
791 296 841 326 forma

138 348 208 386 corporis
216 347 293 385 egregius,
301 347 392 376 fortitudine
402 347 481 384 robustus,
488 348 508 377 de
516 357 544 377 sua
552 348 603 377 saluto
612 347 660 376 nichil
667 346 747 376 sollicitus.
768 344 842 374 Grauiter

138 396 197 427 ferebat
204 396 217 424 si
224 395 259 432 quis
266 395 280 424 ei
288 394 314 423 uel
321 395 390 424 breuiter
397 396 417 424 de
423 396 474 424 salute
481 396 533 424 anime
539 395 633 433 loqueretur.
655 393 740 423 Ecclesiam
747 391 841 429 negligebat,

122 448 130 478 5
139 452 217 482 pauperes
227 442 286 471 Christi
297 451 326 472 nce
337 442 392 472 uidere
402 442 474 478 uolebat3
486 443 544 473 scurris
554 447 571 472 et
580 441 691 471 ioculatoribus
702 450 730 479 pro
741 449 782 470 uana
791 439 841 476 gloria

139 490 241 520 distribuebat
252 489 326 527 quicquid
337 490 409 519 habebat.
436 491 468 520 Hic
480 499 515 519 cum
526 490 582 519 multos
594 489 659 518 haberet
672 488 731 518 amicos
746 491 762 517 et
774 487 841 523 sodales,

139 539 215 568 intereos
224 537 291 566 babebat
300 546 347 566 unum
357 538 382 566 cui
392 537 432 566 alius
439 537 509 574 quidam¹
516 537 562 566 trium
573 545 648 573 equorum
659 535 720 573 precii²
730 535 792 565 debitor
802 538 840 563 erat.

139 585 160 615 Et
170 593 204 614 omn
215 587 290 614 statutum
299 583 413 621 prestolaretur
421 584 510 621 terminum,
516 588 595 613 transacto
602 583 670 612 termino
677 582 757 612 Tundalus
768 581 842 611 conuenit

139 632 186 662 illum
207 631 237 662 Cui
244 640 279 661 cum
290 631 316 662 ille
327 633 430 669 responderet
436 641 454 662 se
461 632 481 662 ad
491 640 553 661 manum
561 630 643 670 pecuniam
654 639 686 659 non
696 630 760 667 habere,
767 628 842 658 recessit³

112 679 223 717 roTundalus,
238 678 347 709 commocione
361 680 429 709 maxima
442 683 497 710 contra
511 678 597 709 debitorem
608 679 683 710 turbatus.
706 678 726 708 Et
739 687 776 708 ecce
789 676 842 707 statim

139 737 223 766 percussus
233 727 338 765 inuisibiliter,
345 736 408 756 manum
415 737 460 764 quam
470 727 563 756 extenderat
572 726 649 764 replicare
660 735 693 755 non
703 726 759 763 potuit,
766 728 791 754 set
798 724 842 753 terri·

139 776 192 805 biliter
202 776 269 804 clamare
277 775 327 812 cepit:
342 774 393 804 ‘Ecce
403 785 433 811 ego
443 774 511 811 morior,’
522 773 605 811 statimque
615 774 680 811 cor(pus
690 773 749 803 corruit
756 772 843 809 exalnime,

140 831 158 852 ac
165 822 178 851 si
185 830 265 858 nunquam
271 821 338 850 animam
344 821 429 850 habuisset.
442 822 503 850 Assunt
509 821 574 860 (omnia)
582 821 696 857 signamorti53
707 821 773 850 accurrit
779 819 842 853 familia,

140 869 208 899 clamant
218 868 297 906 armigeri,
308 869 358 906 plorat
368 868 433 906 hospes,
445 877 502 906 corpus
513 868 608 903 extenditur,
619 868 702 906 pulsantur
713 868 763 904 signa,
776 866 843 895 accurrit

114 922 132 953 15
141 918 197 955 clerus,
210 916 275 945 miratur
288 916 360 953 populus.
380 916 405 945 Ab
417 916 456 945 hora
468 917 528 945 decima
540 916 556 944 in
570 919 625 953 quarta
636 915 675 945 seria
687 925 736 952 usque
749 915 765 944 in
776 915 842 943 eandem

140 966 195 994 horam
206 964 222 992 in
233 963 297 992 sabbato
307 967 378 993 mortuus
390 964 413 992 sic
424 963 481 999 iacuit;
496 964 539 993 calor
551 966 603 992 tamen
615 963 686 993 modicus
698 963 714 992 in
724 962 788 992 sinistra
799 965 843 999 parte

140 1011 209 1050 pectoris
221 1011 324 1042 senciebatur.
351 1011 389 1041 Post
401 1011 431 1040 hec
443 1012 527 1049 resumpsit
540 1011 611 1048 spiritum
624 1015 640 1041 et
652 1011 699 1041 debili
711 1011 748 1041 flatu
759 1009 803 1049 quasi
815 1018 844 1047 per

140 1061 186 1089 unius
197 1061 235 1088 hore
246 1059 315 1096 spacium
326 1059 403 1096 respirare
414 1059 464 1096 cepit;
476 1063 491 1087 et
502 1064 519 1088 ut
529 1069 587 1097 corpus
598 1059 657 1088 domini
668 1059 698 1088 sibi
705 1058 779 1088 afferrent
786 1056 843 1087 innuit.

140 1107 188 1142 Quod
199 1115 234 1135 cum
246 1106 344 1141 sumpsisset,
356 1109 372 1134 et
383 1107 437 1135 uinum
448 1106 518 1141 bibisset,
530 1107 572 1142 cepit
582 1107 628 1135 deum
639 1107 703 1135 laudare
714 1109 730 1135 et
741 1106 802 1135 dicere:
819 1104 843 1132 ‘O

114 1160 133 1181 ao
141 1153 185 1189 deus,
196 1151 246 1181 maior
257 1155 282 1182 est
293 1151 400 1182 misericordia
411 1155 438 1182 tua
451 1161 497 1190 quam
511 1153 584 1190 iniquitas
597 1161 636 1189 mea,
647 1152 684 1183 licet
695 1160 751 1189 magna
761 1151 782 1181 sit
792 1150 842 1180 nimis.

141 1201 211 1238 Quantas
219 1200 301 1230 ostendisti
309 1200 355 1230 michi
366 1199 481 1237 tribulaciones‚
489 1201 545 1229 multas
554 1205 570 1230 et
579 1201 634 1237 malas,
642 1204 658 1229 et
668 1209 753 1229 conuersus
761 1198 844 1228 uiuificasti

141 1258 172 1286 me,
179 1252 195 1277 et
202 1249 222 1276 de
229 1248 284 1277 abissis
294 1252 336 1276 terre
345 1248 402 1276 iterum
412 1248 488 1276 reduxisti
498 1247 534 1278 me!
555 1249 602 1285 Quod
609 1257 644 1276 eum
654 1248 724 1284 dixisset,
732 1248 784 1276 statim
792 1246 845 1275 omnia

141 1305 172 1334 que
179 1295 246 1324 habebat
253 1294 327 1332 dispersit
334 1298 350 1324 et
357 1294 401 1324 dedit
408 1295 507 1332 pauperibus,
514 1298 530 1324 et
537 1295 557 1324 de
564 1295 610 1332 signo
617 1295 668 1324 crucis
675 1294 734 1332 signari
741 1304 758 1324 se
765 1293 844 1332 precepit;

142 1347 158 1373 et
165 1346 221 1372 cuncta
228 1351 258 1379 que
265 1341 326 1371 uiderat
332 1345 348 1371 et
353 1351 408 1379 passus
413 1340 468 1379 suerat,
475 1341 550 1377 narrauit,
559 1342 613 1372 dicens
621 1353 624 1373 :

116 1397 134 1426 25
163 1381 216 1418 ‘Cum
222 1389 274 1417 anima
279 1398 314 1417 mea
322 1397 379 1425 corpus
386 1394 451 1418 exueret
458 1393 474 1417 et
481 1393 558 1418 mortuum
567 1388 629 1427 [illud]⁴
637 1398 672 1418 esse
679 1392 786 1425 cognosceret,
793 1392 845 1417 reatus

142 1437 167 1465 sui
173 1436 272 1465 consciencia
279 1435 320 1472 cepit
327 1435 416 1470 formidare,
422 1439 439 1465 et
447 1435 483 1473 quid
493 1436 551 1464 faceret
560 1435 644 1465 nesciebat,
667 1435 738 1464 Timebat
745 1436 813 1473 quidem,
821 1439 846 1463 set

143 1483 334 1522 quidtimeretignorabat
339 1482 488 1520 Volebatadcorpus
493 1483 675 1520 redire,setintrarenon
680 1486 745 1521 poterat.
752 1483 845 1520 lgiturssens

143 1535 160 1560 et
166 1531 230 1568 plorans
238 1534 254 1559 et
258 1530 361 1559 tremebunda
368 1534 384 1559 ct
391 1530 428 1567 quid
435 1534 490 1567 ageret
497 1530 555 1566 nescia,
561 1531 578 1559 in
585 1530 628 1560 nullo
635 1530 717 1560 confidens
724 1530 754 1560 nisi
761 1531 777 1558 in
786 1530 845 1559 miseri·

143 1579 197 1609 cordia
204 1578 234 1614 dei,
243 1578 306 1607 tandem
313 1578 353 1607 uidit
360 1578 380 1607 ad
385 1587 403 1607 se
408 1578 498 1607 uenientem
504 1581 563 1607 tantam
569 1579 682 1607 immundorum
690 1578 771 1616 spirituum
777 1578 846 1608 multitu-

116 1639 136 1668 30
144 1626 201 1659 dinem,
209 1629 226 1655 ot
233 1634 265 1654 non
272 1624 322 1654 solum
329 1628 378 1654 totam
385 1625 447 1653 domurn
455 1628 471 1654 et
481 1625 537 1654 atrium
547 1624 608 1661 domus,
615 1629 640 1655 set
650 1624 699 1655 eciam
709 1626 753 1656 uicos
763 1629 779 1656 et
786 1625 846 1663 plateas

144 1673 212 1702 ciuitatis
218 1672 301 1708 implerent
307 1682 310 1704 ;
318 1676 334 1701 et
341 1672 454 1700 circumdantes
461 1672 533 1701 miseram
540 1673 612 1707 animam,
618 1673 692 1701 dixerunt
698 1682 701 1702 :
710 1676 713 1689 ¹
719 1673 804 1703 Cantemus
811 1672 847 1702 huic

144 1721 202 1750 misere
215 1719 266 1748 anime
274 1719 343 1748 debiturn
350 1719 405 1748 mortis
412 1719 489 1748 canticum
495 1720 505 1755 ⁵,
518 1719 554 1756 quia
561 1719 593 1749 filia
603 1719 658 1749 mortis
665 1723 694 1756 est,
702 1723 718 1749 et
725 1719 768 1749 cibus
776 1719 817 1757 ignis
824 1719 847 1748 in·
859 1733 862 1739 ⁴

144 1767 255 1804 extinguibilis,
262 1767 312 1796 amica
318 1766 417 1796 tenebrarum
422 1771 438 1796 et
446 1766 485 1796 lucis
492 1766 565 1796 inimica)
586 1767 606 1796 Et
612 1768 685 1797 conuersi
692 1768 712 1797 ad
719 1777 753 1797 eam
760 1768 847 1797 stridebant

144 1814 217 1844 dentibus
224 1813 240 1843 in
248 1823 282 1843 eam
290 1817 306 1842 et
313 1813 374 1850 ungulis
382 1813 450 1850 propriis
457 1822 485 1850 pre
494 1814 547 1842 surore
554 1814 603 1842 nimio
613 1823 662 1851 genas
669 1814 757 1844 teterrimas
762 1814 847 1848 laniabant,

117 1864 136 1893 35
145 1863 227 1891 dicentes:
240 1860 296 1898 ‘Eece
305 1861 365 1894 misera,
373 1860 440 1897 populus
450 1869 496 1897 quem
507 1860 574 1897 elegisti,
582 1870 617 1889 cum
628 1861 683 1898 quibus
694 1870 747 1890 arsura
757 1861 823 1890 intrabis
831 1861 847 1889 in

144 1910 228 1939 infernum.
250 1908 308 1937 Nutrix
314 1908 389 1944 scandali,
398 1908 465 1937 amatrix
473 1908 556 1944 discordie,
563 1908 605 1946 quod
612 1913 628 1937 et
635 1918 665 1937 nos
674 1918 748 1945 amamus,
756 1918 805 1946 quare
816 1918 847 1936 non

144 1956 216 1995 superbis
226 1955 283 1985 modot
294 1963 341 1992 quare
352 1963 383 1983 non
394 1954 498 1986 adulteraris?
512 1963 560 1992 quare
568 1964 600 1984 non
607 1955 698 1986 lornicarist
718 1956 749 1985 Vbi
756 1959 780 1985 est
788 1956 848 1985 uanitas

144 2009 171 2035 tua
180 2007 197 2033 et
207 2013 248 2032 uana
257 2002 318 2033 leticial
330 2002 356 2031 ubi
366 2003 407 2031 risus
416 2002 532 2032 inmoderatos?
543 2003 568 2032 ubi
579 2003 654 2032 fortitudo
665 2007 696 2039 tua,
706 2013 737 2040 qua
747 2003 817 2041 plurimis
825 2003 848 2031 in·

145 2051 223 2082 sultabasl
237 2050 290 2086 Quare
297 2051 344 2080 modo
351 2059 384 2079 non
391 2050 444 2079 innuis
450 2050 504 2087 oculis,
511 2059 542 2079 non
547 2051 585 2080 teris
590 2051 636 2088 pede,
643 2060 676 2080 nou
682 2051 731 2088 digito
735 2051 809 2089 loqueris,
815 2060 847 2080 non

118 2110 138 2138 40
145 2107 194 2137 prauo
205 2098 252 2127 eorde
259 2097 353 2126 machinaris
363 2097 425 2132 malum,
435 2098 475 2126 sicut
483 2097 535 2126 facere
545 2097 607 2126 solebas
616 2098 633 2126 in
639 2098 729 2127 leuitatibus
739 2097 787 2128 tuisl'
808 2098 848 2127 Cum

145 2146 175 2174 hec
182 2148 198 2173 et
207 2143 264 2173 similia
273 2143 349 2178 dicerent,
357 2143 396 2173 uidit
403 2153 412 2172 a
423 2143 470 2179 longe
480 2144 570 2173 uenientem
580 2143 641 2173 stellam
648 2144 703 2180 quasi⁰
710 2144 824 2180 lucidissimam,
832 2143 848 2172 in

146 2201 192 2229 quam
203 2191 255 2220 statim
267 2189 371 2227 infatigabiles
382 2190 417 2219 fixit
427 2189 498 2226 intuitus,
509 2199 575 2227 sperans
587 2199 605 2220 se
617 2191 679 2227 aliquod
690 2191 765 2221 solacium
776 2201 805 2229 per
814 2199 849 2221 eam

146 2241 260 2278 percepturum.
282 2237 320 2266 Erat
329 2241 381 2266 autem
390 2236 456 2274 angelus
464 2237 527 2267 domini
549 2236 626 2274 Quicum
637 2238 775 2276 appropinquaret,
785 2238 849 2276 proprio

146 2296 181 2315 eam
195 2285 268 2314 salutauit
282 2284 350 2322 nomine,
363 2284 428 2314 dicens:
442 2285 487 2313 ‘Aue
498 2284 574 2314 Tundale.
596 2284 638 2321 Quid
649 2286 702 2323 agisl'
722 2286 784 2316 Vidcns
797 2290 848 2316 autem

119 2345 139 2375 45
147 2334 173 2363 ille
177 2332 266 2369 speciosum
271 2332 344 2360 iuuenem
351 2331 402 2369 nimis,
409 2335 425 2360 et
432 2332 498 2361 audiens
503 2342 521 2361 se
527 2332 592 2370 proprio
597 2333 660 2362 nomine
664 2334 753 2371 salutatum,
760 2343 788 2372 pre
794 2334 849 2363 timore

147 2379 193 2410 simul
201 2383 217 2409 et
224 2379 281 2416 gaudio
288 2378 310 2408 sic
317 2379 408 2416 respondit:
420 2381 424 2395 ¹
431 2378 474 2415 Heu,
482 2379 545 2409 domine
554 2383 604 2417 pater,
611 2380 747 2410 circumdederunt
754 2390 779 2410 me
786 2381 849 2411 dolores

148 2452 195 2484 MSS.
203 2451 234 2482 and
245 2451 271 2481 old
280 2450 336 2489 prints,
344 2450 363 2479 cl,
371 2450 428 2488 Hardy
436 2451 456 2481 ll.
464 2460 502 2488 2393
513 2451 537 2481 ed.
544 2450 566 2489 by
573 2451 635 2483 Schade
642 2452 690 2483 Halle
699 2454 744 2490 1869,
751 2453 770 2483 Α.
778 2452 850 2491 Wagner

147 2493 227 2529 Erlangen
236 2492 283 2526 mom
294 2500 324 2521 our
330 2494 365 2521 text
371 2491 434 2521 follows
442 2492 470 2521 tbe
476 2491 575 2528 abridgment
582 2492 597 2522 in
605 2492 650 2524 Vinc.
658 2493 699 2525 Bell.
706 2493 774 2524 XXVII.
783 2494 807 2525 88.

167 2532 172 2550 ¹
182 2531 216 2562 VB.
225 2531 251 2569 qui
259 2530 368 2561 commilitonis
376 2530 403 2568 (al.
412 2531 545 2568 commutationis)
552 2531 610 2562 debito.
650 2532 656 2550 ‘¹
666 2533 715 2570 precii
723 2533 742 2563 al.
750 2542 780 2563 om.
821 2533 827 2550 ³
837 2540 849 2560 r.

147 2571 285 2604 reseditrctvss.
327 2570 408 2602 ¹MS.se.
447 2570 623 2604 ⁶T.mortilicaucium.
689 2572 849 2611 ⁵al.quasistellam.
