1762 2803
138 122 165 164 82
326 120 406 173 unua
421 116 538 181 tarmus
554 117 647 181 unalia.

173 185 178 201 l

138 243 175 287 [dei
188 243 253 285 iilius]1
266 241 365 286 insigniuit,
380 241 440 285 ipsam
454 240 474 276 in
490 242 561 276 honore
576 253 609 277 sue
625 241 688 276 matris
703 241 840 286 principaliterl

138 296 244 329 dedicando.
290 288 396 329 Duodecim
407 293 462 337 igitur
472 295 530 328 sancti
541 295 619 337 predicti
630 296 649 328 in
658 296 723 329 eodem
731 296 771 329 loco
779 296 813 328 deo
821 300 840 329 et

138 349 191 382 beate
198 348 264 392 virgini
272 348 338 382 deuota
346 347 456 381 exhibentes
463 347 557 391 obsequia,
566 347 639 392 vigiliis,
647 347 719 381 ieiuniis
729 353 748 381 et
755 346 840 381 orationi-

138 402 173 436 bus
180 406 271 444 vacantes,
280 400 362 434 eiusdem
370 398 447 444 virginis
455 398 484 433 dei
492 400 585 443 genitricis
595 400 662 434 auxilio
673 400 692 433 in
700 399 840 434 necessitatibus

121 454 177 493 5suis
189 453 341 488 refocillabantur.
364 452 448 495 Quorum
463 458 557 497 comperta
572 454 610 487 vite
625 453 750 495 sanctimonia,
763 453 793 487 alii
805 453 841 486 duo

139 518 193 550 reges
208 506 250 540 licet
264 506 337 550 pagani,
354 505 424 539 Marius
439 505 525 549 Aruiragi
541 506 590 549 regis
602 506 656 547 filius,
669 511 688 540 et
703 506 771 540 Coillus
787 505 841 539 Marii

139 560 193 600 filius,
205 558 301 602 vnicuique
315 569 379 592 eorum
392 569 448 592 vnam
461 558 523 592 hidam
535 563 584 592 terre
596 564 728 593 concesserunt
740 569 761 593 ac
773 559 842 602 pariter

139 611 304 645 confirmauerunt:
324 612 372 645 vnde
388 616 406 644 et
421 611 480 645 adhuc
496 611 592 645 duodecim
608 610 650 644 hide
669 621 703 654 per
722 621 754 645 eos
773 621 841 644 nornen

139 664 244 698 sortiuntur.
268 663 388 697 Effluentibus
400 673 480 706 namque
492 664 555 706 paucis
568 673 658 697 annorum
672 663 771 705 curriculis,
784 663 841 698 sancti

113 729 131 751 10
140 717 235 751 memorati
246 717 306 751 carnis
317 716 409 760 ergastulo
421 721 464 750 sunt
472 717 537 759 educti,
545 717 593 751 inter
601 727 647 760 quos
655 721 674 751 et
683 716 750 760 Ioseph
758 717 842 761 sepultus

140 776 173 811 est,
181 775 199 804 et
210 770 281 813 positus
292 770 311 803 in
323 769 371 804 linea
382 769 471 803 bifurcata
482 769 532 803 iuxta
542 770 641 804 oratorium
652 770 760 814 predictum.
789 769 842 813 Cepit

139 823 194 865 igitur
205 823 254 857 idem
266 823 318 857 locus
329 833 371 856 esse
382 822 464 856 ferarum
475 821 570 856 latibulum
580 821 611 866 qui
622 822 674 866 prius
686 823 744 856 fuerat
756 822 842 856 habitatio

140 881 250 916 sanctorum,
262 876 320 909 donec
336 874 404 919 placuit
418 876 471 910 beate
483 874 548 919 virgini
564 885 618 910 suum
633 875 732 910 oratorium
745 874 806 916 redire
818 875 841 908 ad

140 928 249 961 memoriam
257 928 344 962 fidelium.

246 997 260 1034 ll
269 996 310 1030 Hec
318 995 410 1040 scriptura
417 994 508 1040 reperitur
516 995 535 1029 in
542 995 599 1040 gestis
607 995 655 1040 regis
664 995 732 1030 Arturi.

113 1065 131 1096 15
145 1057 223 1134 Ioseph
236 1057 259 1090 ab
269 1057 371 1096 Armathia,
383 1055 463 1089 nobilem
474 1055 598 1096 decurionem,
609 1066 650 1089 cum
661 1054 742 1089 filiosuo
753 1054 844 1099 Iosephes

187 1109 235 1143 dicto
246 1115 264 1143 et
273 1109 313 1142 aliis
322 1109 406 1153 pluribus
414 1107 432 1141 in
443 1108 533 1141 Maiorem
544 1107 663 1149 Britanniam,
671 1119 707 1151 que
717 1118 766 1142 nnnc
776 1108 843 1152 Anglia

141 1162 188 1196 dicta
194 1168 228 1203 est,
233 1162 307 1196 venisse
312 1167 330 1196 et
335 1161 463 1196 ibidemvitam
468 1160 556 1203 finiuisse,
562 1166 639 1195 testatur
644 1160 690 1195 liber
696 1162 719 1195 de
725 1161 782 1206 gestis
787 1160 843 1195 incliti

141 1214 190 1257 regis
197 1214 267 1254 Arturi,
275 1214 294 1248 in
305 1214 434 1257 inquisitione³
447 1213 531 1257 [scilicet]
540 1214 635 1247 cuiusdam
647 1213 709 1247 militis
718 1213 794 1247 illustris
802 1214 844 1247 dicti

141 1267 240 1300 ‘Lancelot
248 1267 271 1300 de
279 1266 317 1308 lac,’
322 1266 369 1300 facta
376 1276 411 1309 per
417 1265 477 1300 socios
485 1266 563 1300 rotunde
570 1266 631 1300 tabule
636 1265 726 1308 videlicet,
730 1266 761 1300 vbi
770 1266 843 1309 quidam

114 1330 133 1350 20
142 1320 231 1354 heremita
242 1319 317 1363 exponit
329 1319 425 1352 Walwano
436 1317 539 1352 misterium
550 1318 645 1352 cuiusdam
656 1317 716 1360 fontis,
728 1328 813 1362 saporem
826 1323 844 1353 et

142 1373 222 1406 colorem
230 1373 295 1407 crebro
303 1373 389 1405 mutantis
402 1370 447 1405 etet.

154 1438 169 1475 tl
179 1436 220 1471 Hec
228 1436 319 1480 scriptura
327 1435 419 1470 inuenitur
426 1435 445 1468 in
452 1435 499 1468 libro
508 1433 590 1477 Melkini,
598 1433 629 1478 qui
636 1434 669 1468 fuit
678 1439 719 1469 ante
728 1434 832 1469 lilerlinum.

146 1495 221 1572 Insula
234 1493 331 1528 Auailonis
346 1493 400 1527 auida
414 1492 485 1527 funeris
499 1492 545 1535 εἴς’,
561 1492 611 1527 milia
626 1492 755 1527 dormientium
769 1493 844 1538 accepit⁴

189 1548 240 1582 Inter
255 1558 301 1590 quos
317 1546 384 1590 loseph
400 1546 423 1579 de
438 1555 536 1588 marmore,
553 1545 575 1579 ab
591 1544 687 1580 Armathia
702 1546 781 1586 nomine,
797 1547 845 1590 cepit

143 1611 229 1634 somnum
240 1605 355 1644 perpetuum,
378 1599 401 1633 Et
412 1598 459 1633 iacet
470 1598 489 1632 in
500 1598 549 1633 linea
560 1598 654 1641 bifurcata,
662 1598 712 1633 iuxta
723 1599 844 1634 meridianum

115 1664 134 1694 ²5
143 1654 230 1696 angulum
241 1652 319 1692 oratorii,
331 1651 410 1685 cratibus
422 1651 525 1695 preparatis
531 1651 551 1694 (t)
560 1662 617 1694 super
627 1656 722 1695 potentem
733 1653 845 1686 adorandam

143 1704 237 1748 virginem,
244 1703 341 1747 sperulatis
349 1704 409 1736 locum
417 1702 540 1737 habitantibus
548 1704 642 1737 tredecim.
658 1704 720 1737 Habet
726 1704 775 1737 enim
782 1715 845 1738 secum

144 1757 212 1800 loseph
225 1757 244 1790 in
257 1757 351 1799 sarcofago
365 1756 401 1789 duo
413 1755 481 1790 fassula
493 1756 533 1790 alba
544 1760 563 1790 et
574 1761 665 1799 argentea,
677 1766 742 1790 cruore
755 1757 846 1801 prophete

144 1810 199 1844 ihesu
209 1814 227 1843 et
238 1809 305 1843 sudore
315 1807 429 1853 perimpleta.
452 1807 499 1842 Cum
510 1807 612 1852 reperietur
621 1808 661 1842 eius
671 1809 791 1853 sarcofagum,
799 1809 846 1843 inte-

144 1874 196 1907 grum
203 1863 292 1896 illibatum
300 1862 319 1895 in
327 1861 392 1895 futuris
400 1861 495 1903 videbitur,
502 1866 520 1895 et
528 1861 562 1895 erit
570 1866 653 1904 apertum
662 1861 694 1895 toti
702 1861 741 1896 orbi
748 1868 845 1897 terrarum.

116 1927 136 1957 3⁰
145 1916 218 1950 Extunc
227 1926 261 1949 nec
272 1926 319 1959 aqua
327 1926 361 1948 nec
370 1925 400 1948 ros
408 1913 442 1948 celi
450 1914 529 1948 insulam
540 1914 672 1948 nobilissimam
680 1914 803 1949 habitantibus
814 1926 846 1959 po·

144 1968 186 2002 terit
194 1968 278 2002 deficere.
301 1967 423 2000 Permultum
431 1971 505 2009 tempus
513 1971 555 2000 ante
563 1967 613 2000 diem
623 1967 726 2002 iudicialem
732 1967 751 2001 in
760 1968 846 2012 iosaphat

145 2026 199 2055 erunt
206 2026 270 2065 aperta
278 2020 312 2055 hec
320 2025 338 2055 et
345 2019 450 2054 uiuentibus
458 2019 554 2054 declarata.
577 2019 678 2064 Hucusque
687 2019 796 2055 Melkinusl.

165 2079 212 2109 ltim.
259 2078 265 2095 ²
276 2079 296 2107 H.
305 2078 428 2115 presencialiter,
436 2088 467 2109 om.
476 2078 492 2107 in
499 2078 542 2109 Wm.
590 2078 625 2109 ³13.
632 2079 747 2117 inquisitiones.
795 2080 847 2117 *Joh.

145 2118 170 2150 Gi.
178 2118 271 2149 continues:
281 2118 307 2148 ubi
317 2121 333 2148 et
342 2118 439 2148 scribebatur
446 2118 488 2156 quod
495 2118 587 2148 miraculum
594 2118 633 2147 illud
640 2128 672 2148 non
680 2120 790 2149 terminaretur
797 2120 850 2149 donec

145 2159 207 2188 veniret
216 2168 282 2195 magnus
291 2160 317 2188 leo
324 2159 351 2195 qui
360 2162 376 2187 et
386 2159 443 2187 collum
453 2158 514 2196 magnis
524 2159 591 2188 vinculis
602 2159 667 2188 haberet
679 2159 785 2189 constrictum.
807 2161 847 2190 Item

145 2199 162 2228 in
172 2198 280 2235 sequentibus,
291 2198 308 2227 in
318 2197 420 2235 inquisitione
429 2198 472 2227 vasis
483 2198 555 2235 quodibi
565 2202 623 2227 vocant
633 2198 707 2228 Sanctum
718 2199 770 2237 Graal,
780 2199 848 2229 refertur

146 2238 180 2267 fere
190 2238 206 2266 in
216 2237 299 2275 principio,
307 2237 334 2266 ubi
341 2237 384 2266 albus
391 2237 437 2266 miles
444 2237 510 2274 exponit
518 2237 574 2267 Galaat
581 2238 613 2266 filio
621 2238 697 2268 Lancelot
703 2238 790 2269 misterium
796 2239 847 2269 cuius·

147 2277 183 2306 dam
194 2277 268 2306 mirabilis
279 2277 319 2306 scuti
329 2278 371 2314 quod
382 2277 433 2305 eidcrn
443 2277 544 2305 deferendum
555 2277 638 2314 commisit,
649 2279 691 2315 qnod
703 2288 750 2308 nemo
762 2278 802 2308 alius
812 2279 848 2308 sine

134 2328 136 2330 ·
146 2317 191 2354 graui
201 2317 285 2354 dispendio
295 2326 315 2347 ne
326 2326 357 2347 una
367 2316 430 2354 quidem
441 2317 467 2347 die
477 2320 540 2354 poterat
550 2321 617 2355 portare.
658 2317 664 2335 ⁵
673 2317 710 2354 Joh.
718 2318 754 2349 Gi:
764 2318 818 2349 lnsula
828 2318 847 2348 Α.

146 2357 192 2386 avida
204 2357 260 2385 funere
272 2366 373 2393 paganorum,
384 2366 412 2393 pre
425 2357 483 2385 ceteris
495 2357 511 2385 in
522 2357 560 2386 orbe
572 2357 592 2386 ad
604 2357 701 2394 sepulturam
713 2367 768 2388 eorum
780 2358 848 2389 omnium

146 2395 214 2433 sperulis
221 2395 307 2433 prophecie
314 2396 435 2425 vaticinantibus
442 2396 520 2431 decorata,
528 2399 544 2423 et
554 2395 570 2424 in
579 2396 648 2425 futurum
657 2402 712 2426 ornata
719 2398 749 2427 erit
755 2398 848 2427 altissimum

111 2455 113 2458 -
146 2435 250 2466 laudantibus.
269 2435 357 2472 abbaciam,
363 2440 420 2472 potens
427 2436 444 2464 in
452 2435 517 2473 Saphat,
523 2444 619 2473 paganorum
627 2435 738 2473 nobilissimus,
744 2446 779 2467 cum
786 2440 848 2467 centum

146 2479 213 2513 quatuor
220 2475 281 2504 milibus
289 2475 401 2504 dormicionem
412 2475 432 2504 ibi
441 2476 507 2512 accepit.
528 2476 572 2504 inter
579 2485 619 2512 quos
627 2476 719 2516 eta-(The
726 2487 770 2507 same
777 2486 848 2515 passage,

146 2516 186 2545 with
193 2525 213 2544 an
220 2514 297 2550 addition,
304 2514 318 2544 is
325 2514 374 2544 found
381 2515 397 2543 in
405 2515 452 2545 lllSS.
459 2515 504 2544 Titus
511 2515 531 2544 D.
538 2514 574 2545 vll,
581 2515 591 2544 l.
598 2525 618 2552 29
625 2516 657 2545 and
663 2515 724 2546 Arund.
733 2526 763 2545 220
770 2517 779 2545 f.
787 2526 822 2554 274,
830 2515 847 2545 cf.

147 2556 196 2585 Skeat
207 2554 246 2593 xxi.)
288 2554 339 2591 ⁵Job.
351 2555 375 2585 Gt
387 2555 427 2585 adds
437 2564 482 2585 some
495 2563 556 2594 verses,
569 2556 600 2585 and
614 2560 647 2586 two
660 2555 762 2594 genealogies
775 2555 848 2592 showing

147 2595 219 2625 Arthur's
227 2596 292 2625 descent
298 2595 338 2624 from
344 2595 354 2631 J
356 2596 412 2632 oseph.
