1762 2803
269 129 315 186 mr
330 127 430 183 &aneto
445 128 552 189 triecio.
716 143 761 187 443

60 254 82 290 ad
93 251 200 298 episcopum
209 257 227 287 et
234 252 305 297 rogauit
313 263 356 288 eum
363 257 382 288 vt
390 252 438 288 circa
447 254 522 288 domum
530 262 583 288 suam
592 251 656 287 liceret
665 250 682 286 ei
691 256 762 286 tanturn

60 305 142 341 nemoris
150 305 231 340 auellere
239 306 288 350 quod
296 305 364 340 ibidem
372 306 445 340 hortum
453 306 513 341 facere
521 311 584 351 posset
589 305 600 341 ¹.
621 304 655 339 Cui
663 304 763 349 episcopus

60 366 130 395 tantum
138 364 187 393 terre
195 358 286 394 concessit
296 365 384 403 quantum
396 360 415 393 in
426 360 466 403 giro
477 360 525 394 circa
536 361 612 394 domum
623 369 676 392 suam
688 358 763 402 propria

60 422 116 447 manu
124 410 209 445 fodiendo
217 411 236 445 in
244 422 280 446 vna
291 411 321 447 die
330 411 399 446 fossato
411 411 518 447 circundare
530 417 599 458 posset.
621 411 674 445 Tunc
687 415 763 445 sanctus

60 465 145 500 inclinato
161 465 220 509 capite
235 465 303 511 gratias
318 476 382 510 agens,
397 471 415 500 et
430 466 454 500 ad
469 466 529 501 locum
548 477 602 501 suum
620 465 700 507 rediens,
716 464 779 504 iactas

60 519 142 554 oratione
154 519 239 553 baculum
251 529 304 553 suurn
317 529 351 563 per
362 525 430 553 terram
444 519 537 554 trahebat:
553 525 571 553 et
581 524 630 554 tactu
641 518 700 553 baculi
713 525 763 553 terra

60 571 158 605 dehiscens
171 572 250 614 patebat,
263 576 281 604 et
293 582 359 605 nemus
372 572 415 605 hinc
429 572 473 605 inde
486 571 588 605 corruebat.
611 571 678 604 Mulier
692 570 762 604 interea

60 624 140 668 quedam
152 623 232 663 aduenit,
244 633 285 667 que,
298 623 338 658 viso
350 629 400 658 terre
412 623 467 665 hiatu,
480 624 507 659 rei
519 623 600 659 nouitate
613 623 713 667 stupefacta
728 623 763 658 hoc

61 676 148 719 episcopo
159 675 247 710 nunciare
258 675 361 710 festinando
371 676 455 710 celeriter
464 675 575 720 properauit,
585 675 693 710 heremitam
706 675 762 719 [mag-

61 727 154 772 nificum]²
167 738 253 763 asserens
266 739 308 763 csse
321 729 430 770 maleficum,
442 739 479 763 non
493 729 522 763 dei
536 729 629 770 cultorem,
640 729 673 763 sed
687 739 762 773 magum
771 739 790 761 ιο

61 786 79 816 et
91 781 229 816 incantatorem.
252 781 336 817 Reuersa
349 782 403 827 igitur
416 782 481 818 mulier
493 788 557 818 sancto
569 782 609 817 viro
623 782 706 824 conuitia,
719 793 762 817 con-

61 834 145 869 tumelias
154 840 209 879 atque
218 835 342 879 blasphemias
351 835 432 880 irrogare
442 836 560 880 presumpsit,
568 840 586 869 et
596 835 650 869 euml
657 835 763 870 auctoritate

61 887 143 932 episcopi
156 889 179 922 ab
194 887 268 933 incepto
282 901 339 933 opere
352 900 426 923 cessare
440 888 528 933 precepit,
542 888 640 932 ipsumque
655 888 762 932 episcopum

61 940 149 975 aduenire
155 941 252 976 nunciauit.
275 941 309 976 Vir
314 952 358 986 ergo
365 947 439 977 sanctus
445 943 468 976 ab
474 941 547 986 incepto
555 952 612 985 opere
619 952 700 982 cessans,
706 941 763 976 iratus

62 999 79 1027 et
87 993 145 1027 tristis
152 1004 209 1037 super
216 1000 287 1037 petram
295 994 369 1028 resedit.
392 994 415 1028 Et
424 1005 467 1028 ecce
477 999 529 1037 petra
538 994 637 1027 durissima
647 993 709 1027 diuino
719 999 763 1027 nutu
773 1001 790 1031 15

61 1045 134 1088 mollita,
140 1051 160 1080 vt
168 1046 247 1080 sessioni
255 1046 352 1082 sanctiviri
361 1052 410 1081 esset
418 1046 500 1088 habilior,
506 1047 541 1081 sub
549 1045 589 1090 ipso
597 1056 698 1080 concauum
703 1045 764 1081 eidem

62 1099 141 1143 prestitit
154 1100 219 1133 locum.
243 1099 313 1134 Eadem
327 1099 376 1133 enim
390 1105 442 1144 petra
455 1099 474 1133 in
485 1099 568 1133 eiusdem
581 1098 640 1133 sancti
652 1099 764 1133 monasterio

62 1157 185 1195 conseruatur,
192 1157 210 1187 et
218 1152 269 1187 locus
277 1152 366 1188 sessionis
374 1152 413 1188 eius
421 1152 566 1195 demonstratur;
578 1151 629 1187 cuius
637 1157 685 1187 tactu
693 1152 764 1188 debiles

62 1211 80 1240 et
86 1206 155 1240 infirmi
160 1206 238 1240 restituti
245 1212 287 1241 sunt
292 1206 369 1241 sanitati.
387 1206 610 1251 Vidensergoepiscopus
616 1206 696 1250 lapidem
701 1212 764 1242 contra

62 1265 146 1291 naturam
155 1265 244 1301 cauatum‚
252 1265 270 1293 et
277 1265 325 1293 tactu
333 1260 393 1293 baculi
401 1264 469 1293 terram
477 1260 559 1302 patuisse
567 1264 586 1292 et
596 1269 662 1293 nemus
670 1259 764 1294 hincinde
773 1269 792 1291 ro

63 1311 155 1346 corruisse
161 1312 266 1357 fossataque
273 1312 365 1357 profunda
370 1311 431 1347 subito
436 1311 483 1347 saeta
491 1311 553 1354 fuisse,
560 1311 668 1347 heremitam
676 1311 764 1357 deinceps

63 1364 163 1398 feruentius
178 1365 246 1406 dilexit,
260 1370 278 1398 et
293 1365 310 1399 ei
322 1364 428 1398 familiarius
441 1364 519 1398 adhesit.
540 1364 571 1398 Ad
586 1364 632 1398 iram
647 1365 738 1408 siquidem
753 1376 764 1399 a

63 1417 139 1450 muliere
145 1423 260 1460 prouocatus,
266 1417 295 1450 uir
302 1417 332 1451 dei
340 1417 398 1451 orauit
405 1422 425 1450 vt
433 1418 479 1450 deus
486 1416 579 1450 vlcionum
587 1416 672 1450 dominus
679 1416 763 1451 iniuriam

63 1480 115 1504 suam
123 1469 148 1503 ita
155 1470 256 1504 vindicaret
266 1471 314 1514 quod
324 1470 384 1505 omnis
394 1470 461 1505 mulier
471 1469 602 1504 monasterium
611 1469 650 1504 eius
658 1469 764 1514 ingrediens

63 1521 91 1555 sui
105 1522 187 1566 corporis
199 1522 325 1557 infirmitatem
340 1522 448 1557 incurreret.
493 1515 581 1567 Quedam
595 1527 637 1566 post
651 1522 684 1556 hec
700 1523 766 1557 mulier
774 1534 792 1563 ²5

63 1573 115 1609 diues
124 1580 142 1609 et
150 1575 222 1617 nobilis,
230 1575 306 1620 cupiens
313 1576 377 1611 videre
385 1576 428 1622 quid
437 1576 527 1611 accideret
537 1576 609 1610 mulieri
618 1587 654 1620 que
665 1576 684 1610 in
692 1586 765 1611 monas-

63 1629 129 1662 terium
137 1630 228 1673 prefatum
236 1630 319 1672 intraret,
326 1630 346 1664 in
354 1630 398 1664 illud
407 1630 491 1664 ancillam
499 1640 552 1664 suam
560 1630 645 1664 manibus
653 1630 735 1674 impulit:
747 1636 766 1666 et

64 1681 137 1716 domina
152 1682 183 1716 illa
196 1683 268 1717 oculum
286 1683 352 1726 amisit,
364 1689 382 1717 et
397 1683 462 1718 ancilla
478 1683 530 1717 illesa
543 1683 650 1726 permansit.
695 1676 766 1718 Mulier

63 1733 120 1769 altera
127 1737 195 1779 pedem
203 1735 222 1770 in
230 1736 341 1772 monasterio
349 1736 410 1781 posuit
417 1747 474 1771 vnum
482 1748 486 1771 ε
499 1736 529 1781 qui
538 1735 599 1771 statim
606 1747 641 1781 pes
649 1735 739 1779 intumuit,
748 1743 766 1772 et

63 1792 125 1822 tumor
135 1790 244 1832 ascendens,
255 1789 324 1830 tibiam,
336 1801 384 1833 genu
397 1794 415 1823 et
428 1801 471 1823 crus
483 1789 583 1833 occupauit.
627 1782 700 1823 Beatus
711 1789 766 1833 igitur
775 1799 794 1828 30

65 1839 145 1874 Fiacrius
153 1841 210 1885 signis
218 1847 237 1875 et
247 1841 344 1876 virtutibus
353 1841 372 1875 in
384 1842 421 1876 vita
431 1853 464 1875 sua
475 1841 544 1884 claruit,
552 1846 570 1875 et
580 1842 603 1875 ad
615 1841 655 1875 eius
666 1842 766 1886 [sacrum]⁴

64 1894 154 1928 tumulum
162 1895 245 1929 membra
253 1894 372 1939 languentum
377 1894 384 1913 ⁶
390 1895 445 1929 modo
452 1894 530 1937 sanitati,
538 1894 619 1939 quolibet
626 1896 691 1929 morbo
698 1895 766 1929 fuerint

64 1951 144 1989 grauata,
159 1947 283 1982 restituuntur.
312 1947 393 1982 Transiit
408 1953 470 1982 autern
485 1948 508 1982 ad
524 1947 590 1992 gaudia
605 1947 680 1981 celestia
695 1948 766 1991 quinto-

64 1998 134 2032 decimo
146 2000 181 2034 kal.
192 2000 309 2045 septembris,
320 2005 338 2034 et
350 2000 410 2034 floruit
423 2000 471 2035 circa
486 2011 555 2035 annum
571 2000 639 2035 domini
653 2001 766 2036 sexcentesi-

65 2061 115 2087 mum
122 2053 231 2088 vicesimum
239 2055 346 2089 secundum.
775 2059 794 2091 35

86 2156 134 2200 [MS.
142 2157 163 2192 T.
171 2158 227 2193 adds:
362 2157 447 2192 Narratio
453 2158 465 2194 ⁶.

86 2234 143 2277 Circa
156 2253 225 2276 annum
237 2242 354 2277 millesimum
365 2243 536 2287 quadragesimuml
549 2243 616 2277 mulier
627 2244 706 2286 quedam
718 2246 767 2288 apud

65 2292 174 2329 Laudunum
182 2305 260 2330 manens
268 2295 346 2329 habebat
353 2306 442 2338 generum
451 2295 527 2329 iuuenili
538 2295 600 2338 specie
611 2296 703 2335 decorum,
711 2308 767 2340 quem

64 2347 120 2380 multa
132 2347 228 2392 diligencia
242 2358 277 2392 pro
291 2347 369 2391 a(more)
382 2346 418 2381 filie
430 2348 532 2382 accurabat.
558 2347 613 2383 Vnde
628 2353 692 2383 exorta
707 2349 767 2394 turpis

64 2399 144 2443 suspicio
160 2402 183 2434 de
198 2401 275 2435 muliere
287 2405 305 2434 ct
317 2401 340 2434 de
353 2410 422 2443 genere
435 2410 468 2435 suo
480 2400 535 2435 ualde
548 2410 589 2434 eam
602 2400 687 2443 turbauit,
700 2406 718 2435 et
733 2402 768 2437 im-

65 2452 159 2494 pacienter
171 2453 238 2488 famam
251 2464 303 2487 suam
315 2452 346 2487 tali
361 2453 459 2498 obprobrio
474 2455 546 2498 turpari
559 2454 640 2498 paciens,
653 2454 719 2489 iniurie
734 2467 768 2492 sue
776 2470 796 2499 40

84 2532 88 2549 ¹
100 2533 118 2562 T.
125 2538 181 2571 posset
187 2533 243 2565 iacere.
322 2533 328 2551 ²
338 2542 369 2562 om.
445 2532 452 2550 ³
462 2532 480 2563 Τ.
488 2542 527 2565 cum.
606 2532 612 2551 ⁴
623 2543 641 2563 so
648 2534 677 2572 T.;
688 2544 719 2566 orn.
727 2536 742 2565 in
750 2536 768 2567 E.

65 2569 209 2610 ³T.languenciai
269 2572 361 2603 ‘ExVine
371 2572 410 2603 Bell.
419 2573 470 2604 XXV.
479 2583 503 2611 po.
564 2571 668 2612 'VB-1⁰44·
