1762 2803
239 126 288 184 ‘Ut
303 95 403 179 &aaut
419 125 535 182 fflbml'lifl.
698 138 739 184 271

39 257 91 282 arum
100 247 158 282 sancti
165 247 246 282 martiris
256 247 279 282 ab
287 246 382 293 episcopo¹
390 246 448 292 petiit,
456 252 474 282 et
481 252 553 292 partem
561 247 667 292 capillorum
679 246 744 292 capitis

39 302 97 335 sancti
105 302 181 346 accepit.
203 301 254 346 Ignis
262 307 324 335 autem
332 301 428 336 adustione
435 302 482 346 pilos
490 302 568 346 probare
576 300 639 343 voluit,
648 311 686 335 non
693 306 713 335 vt
724 300 743 334 in

40 354 100 398 aliquo
112 355 135 389 de
147 354 205 389 sancti
217 354 309 388 diffideret
321 354 396 397 meritis,
404 355 437 389 sed
448 360 467 388 vt
478 354 559 389 martiris
570 353 655 389 meritum
667 353 745 388 circum·

40 419 112 452 quaque
125 419 160 452 per
172 408 206 442 hoc
220 408 308 442 extollere
321 413 390 452 posset.
412 407 497 443 Accenso
509 408 570 453 itaque
583 407 625 453 igne
639 407 713 452 copioso
725 412 744 441 et

40 461 110 505 capillis
124 462 200 504 iniectis,
211 467 253 506 post
265 462 319 496 vnius
331 462 377 495 hore
390 461 472 506 spacium
486 461 562 506 capillus
575 461 599 495 ab
611 461 654 504 igne
667 460 762 501 intactuss

40 514 126 547 omnin0²
134 519 152 547 et
164 514 289 547 incombustus
300 514 408 557 permansit.
452 506 503 548 Cum
514 513 563 547 enim
574 514 661 547 sacerdos
671 514 745 556 quidam

40 576 99 599 vanus
108 570 127 599 et
138 566 223 605 lubricus,
232 565 303 599 comitis
310 565 368 599 Tostii
376 564 495 607 consiliarius,
503 565 596 610 occupatis
604 565 745 609 circumquaque

41 618 130 662 hospitiis,
140 618 160 652 in
171 618 238 653 eclesia
249 618 310 663 parari
321 619 357 652 sibi
368 618 436 653 lectum
447 618 537 660 iussisset,
545 618 662 653 meretricem
674 623 746 653 secreto

41 672 65 706 ad
73 682 93 706 se
101 671 192 706 introduci
203 671 250 707 fecit.
273 672 296 706 Et
307 683 348 707 cum
359 672 473 716 iniquitatem
481 678 590 716 perpetrare
597 681 639 707 cum
647 671 678 706 ilia
685 670 745 713 vellet,

42 725 90 770 cepit
98 724 158 760 omnis
166 724 243 760 ecclesie
250 724 318 760 fabrica
326 730 377 761 motu
383 724 479 761 subitaneo
487 736 497 760 a
505 724 583 761 summis
588 735 647 769 usque
654 726 746 766 deorsum,
755 733 775 757 10

42 778 94 821 quasi
106 783 202 811 ventorum
216 777 289 811 flatibus
304 778 384 821 parietes
400 778 479 812 ecclesie
493 778 527 812 hac
542 784 560 812 et
573 778 615 811 illac
628 778 746 821 impellendo,

43 829 106 873 agitari
116 829 181 873 suique
191 829 263 863 ruinam
274 835 292 862 et
304 829 385 863 omnium
396 829 490 863 interitum
501 830 613 864 comminari.
636 829 747 864 Perterritus

43 883 129 916 sacerdos
137 888 155 916 et
163 888 233 917 reatum
241 893 295 916 suum
303 883 413 927 intelligens,
419 882 536 917 meretricem
544 884 567 918 de
575 882 652 917 ecclesia
658 882 709 917 exire
717 893 747 916 co-

44 935 86 979 egit,
93 941 110 970 et
119 935 179 970 omnis
186 936 216 970 illa
225 936 321 970 commotio
328 937 411 970 cessauit
435 927 486 971 Cum
494 947 551 971 naues
559 935 690 980 quinquaginta
698 935 748 980 regis

43 988 132 1022 Willelmi
145 989 194 1033 apud
207 988 352 1033 Tynemutham³
363 990 481 1034 applicarent,
493 990 542 1024 bona
555 990 595 1031 loci,
606 995 669 1024 sancto
679 999 748 1033 nequa·
757 998 776 1029 ¹5

44 1052 99 1085 quam
107 1047 210 1086 parcentes,
216 1041 328 1085 spoliarunt:
337 1043 428 1086 telamque
436 1043 531 1076 cuiusdam
539 1042 621 1076 mulieris
629 1042 748 1077 abstulerunt.

45 1094 112 1128 Mulier
119 1100 180 1127 autem
188 1094 284 1128 ecclesiam
292 1094 368 1135 intrans,
374 1105 415 1128 cum
423 1095 516 1129 lachrimis
524 1100 608 1129 sanctum
616 1095 748 1139 deprecabatur

45 1145 129 1190 quatinus
138 1146 155 1180 ei
163 1146 218 1181 telam
225 1148 310 1181 redderet
317 1152 335 1180 et
343 1148 366 1181 de
371 1147 484 1192 predonibus
491 1147 590 1181 vindictam
598 1147 671 1181 faceret.
689 1147 748 1181 Naute

44 1211 89 1234 vero
101 1200 215 1243 nauigantes,
223 1201 284 1234 subito
295 1200 314 1234 in
324 1200 409 1244 scopulos
421 1201 491 1244 absque
504 1200 576 1234 turbine
583 1204 686 1241 ventorum,
695 1200 748 1245 quasi

46 1252 116 1297 remige
131 1259 219 1296 carerent,
235 1254 355 1295 offendentes,
367 1263 410 1288 sese
425 1253 511 1288 collidere
526 1253 630 1298 mutuisque
646 1253 748 1298 congressi·
757 1263 776 1285 ao

45 1307 80 1340 bus
98 1306 171 1341 sibimet
187 1318 283 1341 occurrere
299 1307 424 1351 [ceperunt]⁴:
444 1314 463 1342 et
481 1307 548 1342 fluctus
566 1307 659 1342 seuientes
678 1312 749 1349 nautas,

46 1364 109 1402 preter
116 1370 189 1402 paucos,
197 1360 343 1400 submerserunt,
351 1366 369 1393 et
381 1360 404 1392 ad
414 1358 465 1392 littus
477 1358 554 1392 ecclesie
562 1369 617 1402 quam
624 1359 749 1392 violauerant³

46 1411 106 1456 spolia
113 1410 214 1455 eiecerunt;
225 1417 243 1446 et
250 1411 331 1447 uniuersi
339 1422 381 1446 cum
388 1411 449 1447 vetula
456 1417 593 1454 concurrentes,
600 1412 649 1446 bona
658 1421 693 1447 sua
699 1411 751 1447 iuxta

47 1465 107 1497 littora
115 1469 187 1508 reperta
195 1469 310 1508 receperunt.
347 1458 430 1500 Sanctus
436 1465 486 1499 enim
492 1463 579 1499 Oswinus
587 1463 684 1499 mulierem
690 1464 750 1499 omni⁶

47 1517 173 1551 membrorum
184 1517 244 1552 officio
258 1517 364 1552 destitutam
376 1517 457 1553 sanauit:
473 1518 550 1552 militem
561 1518 592 1562 qui
603 1529 645 1553 curn
658 1529 705 1562 equo
717 1529 751 1553 suo
760 1531 778 1562 ²5

47 1572 71 1605 de
81 1581 127 1615 rupe
135 1571 224 1606 altissima
234 1570 306 1614 corruit,
314 1570 425 1606 incolumem
437 1570 521 1606 reddidit.
544 1571 607 1615 Equus
618 1572 641 1606 de
649 1572 724 1616 scopulo
731 1571 751 1606 in

48 1624 155 1668 scopulum⁷
166 1624 235 1667 lapsus,
246 1635 283 1658 non
294 1624 353 1658 solum
365 1624 388 1658 de
400 1623 496 1668 precipitio
510 1624 595 1665 saluatur,
607 1635 671 1659 verum
686 1625 751 1666 subito,

48 1676 110 1710 multis
125 1677 242 1718 intuentibus,
256 1676 364 1711 mirabiliter
376 1682 478 1711 reuocatur.
502 1676 578 1711 Cuidam
593 1676 705 1712 incarcerato
720 1687 752 1721 ap·

48 1740 117 1774 parens
128 1730 210 1774 precepit
220 1734 240 1764 vt
248 1730 336 1765 velociter
347 1740 427 1773 surgens
438 1731 461 1764 ad
476 1729 622 1772 Tynemuthaml
634 1736 751 1773 properaret:

49 1781 85 1825 Qui
93 1793 159 1817 manus
167 1787 185 1816 et
192 1782 251 1827 pedes
258 1782 327 1818 solutos
336 1782 433 1828 aspiciens,
442 1782 526 1824 surrexit,
535 1788 553 1817 et
564 1793 625 1817 seram
635 1783 677 1818 ostii
688 1782 753 1818 leuiter
760 1795 780 1824 ao

50 1836 150 1878 excutiens,
165 1835 215 1870 iussa
230 1835 310 1871 martiris
328 1848 370 1871 cum
385 1835 500 1871 festinatione
515 1835 603 1880 impleuit.
625 1835 696 1881 Auriga
710 1847 752 1871 curn

50 1889 109 1922 bobus
117 1889 139 1922 ad
148 1889 255 1932 quadrigam
263 1889 330 1923 iunctis
338 1891 361 1923 de
369 1890 468 1933 supercilio
476 1889 544 1922 montis
552 1900 645 1930 corruens,
653 1901 663 1923 a
671 1890 752 1932 periculo

50 1941 142 1974 liberatur.
187 1934 270 1986 Quidam
278 1951 312 1984 pro
320 1942 410 1982 columba,
418 1950 473 1984 quam
485 1942 520 1975 sub
531 1940 599 1974 feretro
610 1946 752 1985 presumptuose

50 1992 120 2036 occidit,
132 1992 238 2028 infirmitate
249 1998 351 2037 correptus,
362 2004 404 2028 cum
415 2003 436 2027 se
449 1994 565 2037 promitteret
577 2004 611 2036 pro
622 1993 688 2028 delicto
700 1993 753 2028 satis-

51 2046 146 2087 facturum,
160 2052 246 2080 sanatur:
263 2046 296 2080 sed
312 2057 354 2080 eum
368 2051 431 2080 votum
446 2046 525 2090 implere
539 2046 646 2090 negligeret,
661 2046 753 2081 recidiua³
762 2059 781 2089 35

51 2099 157 2134 infirmitate
169 2099 254 2134 decessit.
277 2099 328 2134 Duas
343 2099 431 2134 mulieres
446 2110 500 2134 cecas
514 2097 628 2142 illuminauit,
640 2100 754 2144 paraliticum

51 2153 126 2196 curauit,
134 2153 195 2187 surdis
206 2153 278 2189 duobus
288 2152 369 2188 auditum
381 2152 465 2196 reddidit,
472 2152 553 2197 puellam
564 2154 662 2190 ademone
669 2160 754 2190 vexatam

52 2206 140 2241 liberauit¹
186 2200 258 2241 Mulier
266 2208 345 2250 quedam
352 2218 363 2242 a
371 2206 480 2241 demonibus
486 2217 521 2250 per
528 2217 597 2241 annum
604 2213 676 2249 vexata,
682 2218 723 2242 cum
731 2209 755 2243 ad

53 2259 149 2294 ecclesiam
161 2259 241 2294 martiris
253 2260 331 2294 adducta
342 2266 443 2299 sanaretur,
455 2271 496 2294 cum
508 2260 601 2294 lachrimis
614 2261 695 2294 narrauit
706 2263 754 2304 quod

52 2316 136 2355 tempore
152 2310 267 2346 dormitionis
286 2323 319 2346 sue
338 2311 498 2346 circumdederunt
516 2323 557 2346 eam
576 2312 666 2347 demones
684 2313 755 2357 infiniti,
763 2328 784 2359 4⁰

52 2370 128 2408 aspectu
135 2362 227 2399 terribiles
235 2369 253 2399 et
261 2364 358 2399 horribiles
364 2365 422 2399 valde.
445 2364 527 2407 Quorum
535 2370 607 2410 septem
615 2366 695 2401 maiores
703 2373 755 2402 erant

53 2424 72 2453 et
79 2417 203 2461 terribiliores,
209 2417 284 2461 cornuti,
293 2418 365 2463 hispidi,
370 2424 388 2453 et
396 2419 471 2460 caudati,
480 2418 542 2454 oculos
550 2419 638 2454 habentes
646 2420 756 2464 teterrimos,

73 2537 79 2555 ¹
89 2548 112 2569 sc.
119 2538 206 2576 Egelwino.
272 2537 279 2555 ²
288 2538 306 2570 T.
315 2538 382 2569 intactus
389 2538 453 2569 omnino
460 2539 532 2569 intactus.
605 2538 611 2557 ³
621 2539 639 2570 T.
646 2540 756 2577 Tynemutam.

54 2578 97 2609 ⁴om.
135 2577 280 2610 ⁵E.molauerant.
320 2578 435 2609 ‘Romulum
477 2578 603 2619 ⁷Rsropulum.
645 2579 755 2610 'Rreeidua
