1762 2803
136 154 179 207 326
329 146 409 203 tunna
424 148 540 212 tarmus
555 146 647 212 atalia

135 272 221 315 coissent,
234 278 308 306 sanctus
320 272 429 306 Edmundus
441 272 542 307 orationem
551 271 609 306 fudit:
621 276 639 306 et
648 282 692 306 mox
702 271 744 306 fons
755 271 778 305 de
788 275 837 305 terra

136 335 241 369 erumpens,
254 326 317 359 multis
332 324 468 360 infirmitatibus
483 325 580 360 sanitatem
594 317 837 360 ministrante—Sanetus

135 378 190 422 igitur
199 378 312 419 Edmundus,
323 378 452 421 Estanglorum
463 390 502 422 rex,
512 390 536 413 ex
548 378 664 423 antiquorum
676 378 771 412 Saxonum
782 377 838 411 nobili

135 431 222 475 prosapia
233 430 327 473 oriundus,
338 442 349 464 a
360 431 420 475 primo
432 442 465 466 sue
476 431 530 466 etatis
541 436 626 476 tempore
638 432 696 465 cultor
708 430 838 465 veracissimus

119 483 195 525 5extitit
209 483 252 517 fidei
265 483 369 518 christiane.
392 483 428 526 Qui
442 484 465 518 ab
479 484 544 519 attauis
559 484 633 528 regibus
649 483 713 526 editus,
728 494 769 517 cum
785 483 838 517 bonis

136 537 214 580 polleret
229 537 316 578 moribus,
332 536 415 570 omnium
430 537 612 581 comprouincialium
624 536 706 571 unanimi
719 536 786 576 fauore,
800 546 838 569 non

136 594 206 622 tantum
225 588 298 631 eligitur
313 598 337 622 ex
352 588 426 632 generis
445 589 568 629 successione,
584 593 672 632 quantum
687 587 762 632 rapitur,
777 592 796 621 vt
811 586 838 621 eis

136 646 220 686 preesset
233 641 345 685 sceptrigera
358 646 453 686 potestate.
477 641 521 675 Erat
534 652 614 685 namque
629 640 714 675 omnibus
729 640 806 675 affabilis
821 646 839 675 et

136 694 210 730 humilis
218 700 236 730 et
246 694 265 729 in
276 695 368 730 subiectos
379 695 480 739 benignus3
492 695 578 739 gradiens
590 694 619 730 via
629 694 684 739 regia,
693 706 727 730 nec
737 694 839 730 declinabat

110 759 129 779 ιο
137 749 159 783 ad
172 750 267 782 dexteram
283 748 387 782 extollendo
400 760 420 782 se
434 749 458 781 de
471 748 547 790 meritis,
561 759 595 781 nec
609 748 632 781 ad
645 747 744 790 sinistram,
756 759 839 782 succum-

136 802 198 835 bendo
209 800 259 834 vitiis
269 801 349 834 humane
360 800 467 844 fragilitatis.
489 801 534 834 Erat
545 800 636 845 namque¹
649 801 746 844 egentibus
758 800 839 844 dapsilis,

137 853 224 898 pupillis²
232 858 251 887 et
258 853 318 887 viduis
326 859 384 897 pater,
393 864 437 897 spes
445 864 480 898 ope
488 853 578 887 destitutis
586 864 607 887 ac
615 852 710 898 refugium.
755 846 839 897 Contigit

138 907 188 940 enim
196 907 243 939 duos
249 906 312 947 duces,
318 905 409 949 Hynguar
414 910 432 940 et
438 906 531 948 Hubbam,
539 906 562 940 de
571 905 628 939 Dacie
635 905 719 948 partibus
725 915 767 939 cum
773 915 840 949 magna

138 958 212 993 nauium
228 957 344 992 multitudine
358 957 472 1002 Estangliam
487 957 583 1002 applicare.
607 957 642 999 Qui
658 957 738 1001 oppida³
751 957 840 1002 villasque

111 1021 129 1050 15
138 1011 198 1045 voraci
210 1011 285 1044 flamma
294 1011 429 1053 comburentes,
442 1010 487 1044 nulli
499 1011 547 1052 etati,
559 1010 624 1052 ordini,
634 1016 665 1043 aut
674 1010 727 1044 sexui
737 1016 840 1054 parcentes,

138 1074 257 1108 quoscunque
265 1062 348 1107 reperire
356 1068 440 1107 poterant
447 1068 478 1097 aut
486 1063 546 1107 gladio
553 1063 643 1097 cedebant
651 1067 681 1097 aut
689 1063 771 1107 captiuos
778 1073 840 1097 secum

138 1116 249 1151 detinebant.
266 1115 383 1150 Festinabant
390 1116 439 1150 enim
448 1116 518 1161 passim
523 1115 563 1150 neci
570 1120 645 1150 cunctos
650 1116 728 1157 tradere,
734 1127 758 1150 ne
763 1115 841 1161 stipatus

138 1169 216 1203 militum
222 1169 295 1213 agmine
300 1170 323 1202 ad
329 1170 455 1203 defensionem
460 1180 536 1204 suorum
541 1175 604 1213 posset
610 1180 643 1203 rex
648 1169 683 1203 sibi
688 1168 781 1204 resistere.
794 1170 841 1204 Con·

138 1221 198 1257 sueuit
211 1232 291 1265 namque
305 1221 399 1255 Danorum
411 1226 430 1257 et
440 1222 554 1257 Alanorum⁴
564 1221 613 1256 natio
624 1233 699 1265 semper
709 1227 761 1266 rapto
772 1221 841 1264 viuere,

112 1285 131 1307 ιο
139 1285 234 1318 nunquam
245 1279 308 1309 tamen
315 1274 384 1308 indicta
396 1285 458 1318 pugna
467 1274 528 1319 palam
537 1274 630 1308 contendit
638 1285 679 1308 cum
688 1275 747 1317 hoste,
755 1274 791 1309 nisi
799 1286 841 1319 pre-

138 1333 195 1362 uenta
202 1327 279 1368 insidiis,
286 1327 353 1370 [ablata
362 1337 395 1370 spe
402 1329 425 1360 ad
431 1333 496 1370 portus
504 1327 578 1361 nauium
584 1327 680 1361 remeandi
684 1327 704 1371 ⁶].
724 1327 774 1362 Misit
780 1327 842 1372 itaque

140 1380 232 1424 Hynguar
238 1380 315 1414 nuncios
320 1380 343 1414 ad
349 1391 413 1423 regem
419 1379 543 1423 Edmundum,
549 1381 598 1424 apud
606 1380 720 1424 Heglisdon⁶
727 1391 842 1415 commoran-

139 1438 183 1475 tem,
196 1432 227 1475 qui
241 1436 259 1466 et
272 1432 370 1466 dixerunt:
382 1432 450 1466 ‘Terra
462 1432 546 1475 marique
560 1433 670 1466 metuendus
682 1432 767 1466 dominus
778 1438 842 1467 noster

141 1484 233 1528 Hynguar
243 1495 277 1518 rex
287 1483 424 1527 inuictissimus‚
432 1483 515 1518 diuersas
524 1491 582 1518 terras
591 1484 625 1518 sibi
633 1485 689 1518 armis
697 1485 811 1530 subiugando
819 1487 842 1520 ad

114 1549 131 1579 ²5
141 1538 194 1572 huius
201 1536 295 1581 prouincie
301 1542 385 1580 optatum
390 1538 440 1571 littus
446 1548 488 1571 curn
494 1538 556 1572 multis
562 1538 640 1572 nauibus
645 1538 758 1572 hiematurus
763 1539 841 1583 appulit:

141 1597 195 1634 atque
203 1590 268 1624 iccirco
277 1591 351 1624 mandat
360 1595 380 1623 vt
388 1590 451 1624 relicto
459 1590 600 1624 christianorum
608 1592 692 1634 dogmate
696 1592 709 1633 ⁷,
717 1602 759 1624 cum
767 1603 789 1625 eo
797 1592 842 1625 anti-

143 1654 190 1688 quos
197 1643 294 1677 thezauros
300 1647 317 1676 et
324 1648 410 1686 paternas
416 1643 492 1685 diuitias,
498 1644 533 1677 sub
541 1654 563 1676 eo
571 1649 685 1687 regnaturus,
691 1643 767 1678 diuidas.
787 1644 843 1679 Cuius

142 1697 158 1730 si
170 1695 275 1738 aspernaris
287 1695 393 1739 potentiam,
403 1695 505 1730 innumeris
515 1695 617 1740 legionibus
629 1696 697 1738 sultam,
708 1696 745 1731 vita
757 1697 843 1741 indignus

141 1748 252 1782 iudicaberis
264 1753 282 1781 et
295 1758 358 1790 regno.
381 1748 405 1780 Et
416 1748 458 1790 quis
473 1759 493 1781 es
508 1753 533 1789 tu,
548 1754 568 1781 vt
582 1754 632 1782 tante
647 1749 728 1792 potentie
743 1749 844 1783 insolenter

114 1817 133 1846 5⁰
141 1801 210 1835 audeas
226 1799 363 1833 contradicere?
389 1799 461 1833 Marine
476 1800 591 1844 tempestatis
606 1800 688 1844 procella
703 1804 770 1835 nostris
786 1802 843 1836 seruit

141 1852 228 1897 remigiis,
236 1863 270 1886 nec
278 1852 344 1897 ingens
355 1852 434 1896 mugitus
443 1853 476 1887 celi
487 1864 521 1887 nec
532 1854 591 1887 crebri
602 1853 649 1887 ictus
658 1853 755 1888 fulminum
763 1865 843 1898 unquam

140 1911 248 1947 nocuerunt,
265 1905 338 1939 fauente
352 1905 410 1950 gratia
423 1905 561 1940 elementorum.
585 1905 629 1940 Esto
641 1906 702 1950 itaque
714 1906 748 1941 sub
762 1906 796 1941 hoc
810 1906 843 1942 im-

141 1964 225 2004 peratore
232 1958 312 1992 maximo
321 1959 349 1992 cui
357 1958 468 1993 famulantur
476 1959 571 2001 elementa,
580 1970 614 2005 pro
622 1959 656 1994 sibi
664 1959 726 1995 innata
736 1960 843 1996 clementIa:

141 2013 227 2057 quoniam
240 2013 291 2046 nouit
304 2013 397 2055 piissimus
411 2023 487 2057 parcere
501 2014 588 2047 subiectis
600 2018 619 2046 et
634 2014 727 2047 debellare
743 2014 843 2058 superbos!

114 2079 132 2108 35
142 2066 226 2107 Cumque
234 2065 332 2108 episcopus
340 2065 414 2108 quidam
424 2066 462 2109 regi
470 2066 560 2100 assistens
568 2067 591 2099 ad
600 2066 752 2099 consentiendum
761 2067 844 2110 pluribus

141 2119 245 2153 hortaretur
255 2117 349 2161 exemplis,
358 2119 464 2162 respondit:
477 2118 516 2152 ‘Ad
524 2119 543 2153 id
551 2120 605 2153 modo
613 2118 732 2162 peruenimus
740 2120 789 2163 quod
797 2131 844 2154 nun-

141 2181 196 2214 quam
212 2170 265 2204 veriti
280 2174 356 2205 sumus?
378 2171 452 2204 Vtinam
465 2171 525 2204 incole
538 2181 602 2205 omnes
614 2171 666 2213 regni
679 2172 716 2204 mei
728 2181 758 2204 me
772 2182 844 2206 occum-

141 2221 266 2257 benteviuere
272 2228 359 2264 possent:
369 2221 475 2256 Honestum
480 2223 531 2256 enim
537 2228 566 2256 est
571 2223 616 2256 mihi
621 2234 656 2267 pro
663 2223 721 2267 patria
729 2224 780 2257 mori.
803 2224 844 2258 Hoc

143 2282 171 2311 est
182 2281 243 2309 autem
255 2277 303 2318 quod
315 2276 406 2318 desidero,
417 2277 451 2310 hoc
462 2278 510 2320 quod
522 2277 608 2311 omnibus
618 2276 665 2311 votis
677 2281 773 2320 antepone.
797 2278 845 2312 Ecce

114 2341 134 2370 40
142 2329 192 2363 eninr
206 2328 291 2362 simulata
306 2329 430 2363 beniuolentia
444 2330 537 2373 pretendit
552 2330 628 2363 callidus
644 2329 689 2363 suel
705 2330 845 2366 machinationis

142 2381 269 2426 muscipulam,
277 2392 313 2426 qua
325 2393 355 2417 me
363 2381 434 2417 irretire
440 2384 446 2402 ⁹
453 2382 547 2424 deliberat,
557 2383 637 2418 maxime
645 2394 687 2417 cum
697 2383 786 2427 promittit
796 2385 845 2428 quod

142 2435 195 2469 nobis
203 2434 277 2479 largitas
287 2435 349 2469 diuina
359 2436 454 2470 concessit.
477 2436 538 2470 Vitam
547 2436 629 2480 indulget
640 2447 676 2480 qua
688 2436 767 2470 necdum
779 2448 844 2480 careot

163 2529 168 2547 ¹
179 2530 195 2559 S.
203 2539 270 2567 quoque.
322 2529 328 2547 ²
338 2530 356 2560 T.
365 2530 429 2567 pusillis.
482 2529 488 2547 Β
498 2531 515 2560 T.
523 2531 575 2568 opida.
626 2530 631 2547 ¹
641 2531 657 2560 S.
665 2530 682 2559 T.
690 2530 780 2567 alanorum
791 2531 809 2561 E.
818 2533 845 2562 Ta.

143 2570 264 2598 alemannorum.
297 2569 303 2587 ⁵
313 2570 365 2598 added
372 2570 388 2597 in
396 2570 418 2605 T„
426 2569 466 2598 from
472 2571 498 2598 the
506 2570 546 2599 Vita
580 2569 586 2586 Β
596 2570 612 2600 S.
622 2569 723 2607 Hagilisdun.
753 2571 759 2588 ⁷
770 2571 846 2601 relicto-

144 2609 222 2645 dogmate,
230 2618 260 2637 orn.
268 2608 284 2637 in
292 2608 308 2638 S.
350 2609 355 2627 ⁸
366 2608 384 2638 E.
392 2609 422 2639 sui.
463 2610 469 2628 ⁹
480 2609 497 2638 T.
505 2609 523 2638 E.
530 2609 593 2639 irritire.
