1762 2803
149 156 193 202 354
339 144 419 197 nota
434 140 550 204 tenura
566 140 658 205 anulio.

149 272 199 301 ratur
211 270 229 300 et
241 264 287 300 colit.
308 265 342 300 Cui
355 264 409 299 etiam
419 265 534 300 summitates
544 265 616 310 imperii
627 264 738 310 regumque¹
749 268 850 308 potestates

150 320 242 354 submisse
257 325 305 361 sunt,
318 318 360 362 quia
375 318 415 353 eius
430 318 550 362 dispositione
564 319 645 353 omnium
658 317 736 362 prelatio
751 328 850 361 regnorum

149 371 259 406 conceditur.
289 371 334 404 Eius
350 382 393 413 ergo
409 371 495 405 bonitatis
510 372 636 406 misericordia
651 371 705 405 totius
720 370 802 405 creature
817 381 851 405 sue

150 423 236 458 dilatandi
248 424 301 457 subdi
312 423 366 456 etiam
378 424 397 456 in
408 424 525 458 extremitate
534 429 583 458 terre
594 424 695 468 positarum
706 423 788 466 gentium
796 423 852 457 corda

133 485 141 515 5
149 476 219 520 frigida,
227 476 285 509 sancti
294 476 369 519 spiritus
379 476 452 509 feruore
461 476 480 509 in
488 478 517 510 sui
525 489 597 520 qnoque
605 476 698 519 agnitione
705 474 815 509 mirabiliter
822 479 850 509 est

150 530 223 573 dignata
230 530 348 563 succendere.
371 528 412 571 Que
423 529 489 564 etiam²
497 529 516 564 iu
524 529 598 574 gloriosi
606 529 638 562 filii
645 528 703 562 nostri
711 528 789 562 Edbaldi
797 528 852 572 regis,

150 581 246 626 gentisque
261 581 278 616 ei
292 581 388 626 supposite
403 582 527 626 illustratione,
544 582 641 618 clementia
656 581 777 626 redemptoris
796 579 851 615 fuerit

150 641 230 680 operata,
241 635 313 678 plenius
325 647 349 670 ex
361 635 454 671 vicinitate
465 637 546 671 locorum
557 641 637 671 vestram
650 635 727 679 gloriam
741 633 852 669 conicimus³

151 688 265 734 cognouisse.
288 688 333 722 Eius
342 700 386 733 ergo
394 689 478 724 mirabile
486 690 555 723 donum
567 694 584 723 et
595 689 614 723 in
621 688 674 723 vobis
682 693 731 723 certa
742 698 781 731 spe,
790 687 853 721 celesti

124 753 143 774 ιο
151 742 288 786 longanimitate
303 743 394 777 conferri⁴
406 744 527 786 confidimus;
543 754 584 777 cum
599 742 681 787 profecto
696 741 794 786 gloriosam
810 752 853 775 con-

151 795 213 839 iugem
223 800 310 836 vestram,
323 806 359 838 que
370 797 427 830 vestri
438 796 520 840 corporis
532 807 575 839 pars
587 806 629 829 esse
639 795 744 836 dinoscitur,
752 793 854 828 eternitatis

151 847 222 891 premio
237 858 271 891 per
283 847 331 881 sacri
343 848 459 891 baptismatis
471 848 629 891 regenerationem
644 847 764 880 illuminatam
779 845 854 889 agnoui·

152 911 198 934 mus.
230 901 285 934 Vnde
300 901 382 944 presenti
397 902 439 935 stilo
454 902 544 944 gloriosos
560 912 593 934 vos
608 900 732 934 adhortandos
748 911 790 933 cum
805 897 855 932 omni

153 953 229 988 affectat
245 952 309 987 intime
324 953 415 988 charitatis
431 953 540 995 curauimus,
556 953 640 998 quatinus
660 951 782 987 abhominatis
801 950 854 984 idolis

126 1016 144 1046 ¹5
153 1017 254 1050 eorumque
269 1007 323 1049 cultu,
337 1007 441 1050 spretisque
457 1008 560 1050 phanorum
575 1006 687 1041 fatuitatibus
702 1011 721 1039 et
736 1005 854 1048 auguriorum

154 1059 298 1102 deceptabilibus
308 1060 445 1101 blandimentis,
453 1061 559 1095 credatisin
567 1061 622 1094 deum
630 1065 702 1102 patrem
709 1058 855 1102 omnipotentem

154 1112 230 1155 eiusque
239 1112 296 1146 filium
309 1112 384 1147 ihesum
396 1112 489 1147 Christum
501 1119 518 1147 et
530 1113 614 1157 spiritum
626 1118 714 1153 sanctum,
722 1117 742 1146 vt
753 1112 855 1153 credentes,

154 1176 165 1198 a
176 1164 271 1207 dyabolice
283 1165 393 1207 captiuitatis
402 1166 486 1206 nexibus,
495 1171 558 1199 sancte
566 1172 584 1198 et
595 1165 689 1199 indiuidue
696 1164 782 1198 trinitatis
790 1175 856 1207 coope-

155 1223 208 1251 rante
216 1217 303 1260 potentia,
311 1218 395 1260 absoluti,
404 1223 467 1251 eterne
474 1218 512 1251 vite
521 1217 595 1262 possitis
605 1229 647 1251 esse
657 1216 761 1260 participes.
784 1216 856 1258 Quanta

127 1278 146 1301 20
154 1275 214 1304 autem
226 1269 341 1304 reatitudinis
353 1270 406 1314 culpa
414 1274 511 1304 teneantur
518 1270 600 1304 obstricti
611 1270 630 1303 hi
638 1269 669 1314 qui
678 1269 803 1303 idolatriarum
813 1279 856 1313 per·

154 1321 294 1356 niciosissimam
313 1322 463 1366 superstitionem
482 1322 563 1357 colentes
579 1321 720 1366 amplectuntur,
732 1333 795 1356 eorum
810 1332 857 1366 quos

155 1375 221 1415 colunt,
229 1375 315 1417 exempla
323 1374 432 1417 perditionis
440 1375 538 1409 insinuant.
560 1376 614 1409 Vnde
625 1376 648 1410 de
659 1375 686 1409 eis
697 1386 732 1419 per
742 1374 857 1419 psalmistam

155 1427 230 1461 dicitur:
244 1427 255 1444 “
262 1427 332 1461 Omnes
344 1427 369 1461 dii
379 1427 460 1471 gentium
468 1428 558 1469 demonia,
567 1428 652 1463 dominus
664 1434 726 1463 autem
737 1427 787 1461 celos
798 1427 856 1460 fecit.”

156 1478 180 1513 Et
193 1478 270 1514 iterum:
288 1479 372 1514 “Oculos
385 1480 453 1514 habent
463 1485 481 1514 et
491 1491 528 1514 non
538 1480 631 1522 videbunt,
640 1491 695 1515 aures
707 1480 775 1514 habent
789 1485 807 1513 et
820 1490 857 1513 non

129 1550 147 1581 ²5
156 1531 235 1574 audient,
243 1543 309 1566 manus
320 1533 389 1567 habent
400 1538 418 1567 et
429 1544 466 1567 non
478 1534 584 1577 palpabunt,
592 1536 651 1578 pedes
662 1535 731 1568 habent
742 1539 760 1568 et
771 1544 809 1568 non
821 1544 857 1567 am-

156 1585 249 1619 bulabunt.
272 1585 347 1620 Similes
362 1596 406 1629 ergo
421 1586 525 1620 efficiuntur
537 1587 572 1630 his,
585 1587 615 1630 qui
631 1598 684 1632 spem
699 1598 733 1622 sue
748 1585 858 1621 confidentis

156 1642 228 1680 ponunt
239 1637 258 1670 in
271 1637 313 1671 eis?
336 1638 432 1679 Quomodo
444 1640 494 1672 enim
505 1639 579 1673 iuuandi
592 1639 691 1683 quemlibet
702 1645 780 1682 possunt
790 1639 858 1673 habere

156 1690 244 1724 virtutem
257 1689 276 1723 hi
288 1690 319 1733 qui
331 1701 354 1725 ex
368 1690 481 1735 corruptibili
495 1692 571 1725 materia
583 1691 690 1725 inferiorum
704 1691 759 1725 etiam
773 1691 859 1736 supposi-

157 1747 254 1784 torumque
268 1741 301 1776 tibi
316 1742 400 1777 manibus
418 1747 559 1779 construuntur?
578 1745 644 1787 quibus
659 1744 744 1779 videlicet
762 1744 859 1778 artificium

130 1812 150 1842 30
158 1794 259 1829 humanum
272 1796 399 1838 accomodans,
411 1795 437 1830 eis
453 1795 571 1831 inanimatam
584 1797 709 1831 membrorum
721 1795 858 1844 similitudinem

157 1847 263 1882 contulisti?
281 1848 317 1892 qui,
329 1848 365 1882 nisi
376 1859 387 1883 a
399 1854 417 1883 te
429 1849 473 1883 moti
486 1849 559 1893 fuerint,
570 1850 664 1884 ambulare
675 1861 713 1884 non
725 1854 816 1894 poterunt,
826 1850 859 1884 sed

157 1906 244 1943 tanquam
254 1901 302 1944 lapis
313 1901 332 1934 in
340 1912 376 1936 vno
388 1902 428 1936 loco
439 1902 516 1946 positat,
524 1903 549 1936 ita
561 1902 664 1944 constructi,
673 1902 728 1936 nichil
739 1902 859 1946 intelligentie

158 1953 248 1986 habentes
258 1953 335 1996 ipsaque
345 1954 485 1988 insensibilitate
495 1954 560 1996 obruti,
568 1956 638 1988 nullam
649 1965 709 1997 neque
716 1955 790 1989 ledendi
798 1965 860 1997 neque

157 2004 233 2039 iuuandi
243 2004 348 2039 facultatem
360 2005 422 2049 adepti
434 2009 488 2040 sunt?
511 2007 552 2048 Qua
567 2018 610 2050 ergo
624 2006 691 2041 mentis
704 2006 811 2050 deceptione
827 2017 860 2040 eos

130 2068 149 2098 35
158 2060 208 2099 deos,
217 2057 283 2100 quibus
290 2068 323 2093 vos
335 2059 370 2102 ipsi
382 2059 481 2102 imaginem
493 2060 575 2102 corporis
586 2059 693 2102 tradidistis,
705 2060 787 2093 colentes
798 2059 860 2103 sequi-

158 2109 208 2151 mini,
219 2109 285 2143 iudicio
300 2110 379 2145 discreto
394 2111 477 2154 reperire
492 2121 529 2145 non
545 2121 649 2154 possumus.
671 2111 725 2146 Vnde
739 2116 810 2155 oportet
821 2122 860 2154 voS,

158 2168 245 2207 suscepto
254 2162 307 2206 signo
318 2168 381 2197 sancte
392 2164 457 2206 crucis,
465 2175 499 2208 per
510 2165 558 2208 quod
569 2164 669 2199 humanum
677 2175 736 2209 genus
744 2165 860 2209 redemptum

158 2221 192 2257 est,
200 2216 323 2250 execrandam
333 2216 516 2259 dyaboliceuersutie
527 2216 699 2261 supplantationem,
708 2218 739 2260 qui
749 2217 811 2251 diuine
823 2217 860 2261 pie·

159 2268 212 2303 tatis⁷
221 2268 308 2312 operibus
319 2268 392 2303 inuidus
402 2269 511 2316 emulusque
522 2268 609 2312 consistit,
620 2280 630 2303 a
642 2270 727 2304 cordibus
738 2270 805 2304 vestris
816 2269 861 2304 abii·

131 2332 151 2362 40
159 2332 207 2363 cere,
215 2321 322 2365 iniectisque
334 2322 418 2355 manibus
430 2323 464 2355 hos
476 2333 521 2366 quos
533 2328 609 2357 eatenus
621 2322 697 2357 materie
709 2333 797 2367 compage
808 2321 861 2358 vobis

159 2376 204 2410 deos
217 2374 324 2417 fabricastis,
338 2374 480 2418 confringendos
495 2375 661 2419 diminuendosque
676 2375 806 2419 summopere⁵
819 2385 861 2420 pro·

159 2433 226 2462 curate.
254 2428 297 2470 Ipsa
312 2428 362 2461 enim
376 2439 439 2462 eorum
455 2428 550 2463 dissolutio
565 2429 699 2471 corruptioque,
715 2439 751 2472 que
767 2439 861 2472 nunquam

159 2480 252 2515 viuentem
265 2479 349 2523 spiritum
361 2480 429 2522 habuit,
438 2490 472 2514 nec
482 2480 621 2515 sensibilitatem
631 2491 642 2515 a
651 2480 690 2514 suis
697 2480 795 2514 factoribus
803 2480 862 2523 potuit

157 2553 215 2584 .¹al.
224 2563 312 2591 rerumque.
368 2553 460 2585 ²aLenim.
516 2555 658 2585 incendemus.
715 2552 861 2585 *iuncontcrre

160 2593 259 2624 ⁵E.afiecti.
320 2592 431 2632 “alpositus
491 2593 614 2625 'alhonitatis
676 2593 709 2624 ΕΕ.
717 2603 805 2632 sumopere.
