1762 2803
73 121 76 127 ’
132 134 177 206 63ῤ
396 127 520 189 euomuit
537 130 568 175 11.
617 113 618 116 ’

114 254 116 256 ’
132 252 196 287 monile
205 262 301 296 supereum
309 251 398 286 inuenitur.
421 252 472 293 Quod
480 251 564 285 confitens
572 249 643 294 qualiter
650 248 731 293 rapuerit,
739 259 760 283 ac
767 248 789 283 de
797 251 834 286 aliis

133 314 167 345 quo
174 303 278 343 deuenerint,
287 304 371 336 latronem
379 313 397 336 se
404 304 462 345 palam
468 303 531 335 latetur
540 308 558 335 et
565 301 611 335 dicit.
631 301 660 335 Sic
668 307 728 343 captus
736 301 834 336 verberibus

133 353 210 395 afficitur,
225 359 299 396 postque
314 352 426 387 dimittendus
441 364 480 386 cum
495 351 570 385 cauterio
581 351 632 385 velud
644 362 683 385 reus
696 350 803 392 cauteriatur,
817 358 833 385 et

133 414 144 436 a
151 404 214 437 finibus
221 404 254 437 illis
261 403 362 436 eliminatur.
386 404 424 444 Que
434 403 480 436 facta
491 403 554 444 populo
565 403 593 435 die
602 400 691 443 sollempni
700 400 794 441 notificata,
802 401 834 434 deo

117 470 126 501 ⁵
134 452 228 487 redduntur
236 459 252 487 et
260 458 320 486 sancto
328 453 421 486 Edmundo
429 453 499 486 laudum
506 452 592 495 preconia.

160 560 191 592 DE
202 566 285 592 VLCIONE
296 566 372 592 SUMPTA
384 566 406 592 IN
417 560 548 592 EUSTACIIIUM
559 564 628 591 FILIUM
639 564 695 590 REGIS
708 556 811 597 STEPHANI,

258 616 369 642 SEUIENTEM
381 616 402 642 IN
414 616 519 642 ECCLESIAM
530 615 598 641 SANCTI
610 608 711 640 EDMUNDI.

157 701 217 735 HS
256 702 259 710 .
314 703 318 711 .
360 703 363 711 .
399 701 410 715 a
550 675 837 718 NnodominiMillesimo.C⁰lij⁰.,

168 712 194 734 οι.
217 702 487 745 ar.mpolzcrat1colrartano.
510 682 548 754 Α
571 727 675 762 Eustachius
688 726 837 768 filiusregisste·

136 777 194 821 phani,
205 779 233 822 qui
245 779 263 812 in
274 779 363 812 ecclesiam
373 777 401 811 dei
412 778 467 813 seuire
478 785 600 819 consueuerat;
615 789 654 812 cum
664 776 722 811 omnia
732 787 763 820 pro
774 775 837 810 uiribus

136 829 249 871 depopulatus
257 835 306 871 esset,
314 835 331 862 et
341 835 403 862 terram
413 830 460 862 beati
471 830 559 863 Edmundi
570 828 615 872 regis
625 834 642 861 et
652 828 732 869 martiris,
740 827 767 860 cui
778 837 837 860 omnes

110 896 129 918 10
137 880 222 923 predones
233 880 335 921 detulerant,
345 880 411 913 videret
422 881 532 922 opulentam3
545 880 613 923 sibique
624 890 659 912 non
670 883 721 920 esset,
733 877 838 920 consumptis

136 930 197 970 opibus
205 929 258 970 regni,
266 930 312 962 vnde
319 929 371 962 semel
378 935 396 962 et
403 931 479 962 secundo
486 929 568 962 militibus
576 940 605 962 era
615 928 783 971 procederent—iam
793 928 839 960 enim

137 979 234 1012 defecerant
244 979 337 1012 donatiua:
348 980 408 1022 predia
416 980 450 1012 iam
458 980 503 1012 dicte
513 980 586 1013 ecclesie
597 979 652 1011 sancti
662 977 750 1011 Edmundi
762 978 838 1020 depopu-

136 1031 181 1063 latus
194 1030 323 1071 est‚-nondum
334 1035 392 1064 tamen
407 1030 500 1072 digesserat
515 1030 572 1064 cibum
585 1040 637 1072 quem
649 1030 671 1063 de
683 1027 793 1063 facultatibus
805 1026 838 1061 loci

136 1080 181 1114 illius
189 1086 283 1124 acceperat.
306 1083 380 1125 Ipsaque
388 1081 421 1121 die,
429 1086 521 1125 antequam
529 1093 548 1115 se
555 1075 601 1115 dotrii
612 1092 642 1114 sue
651 1081 734 1123 reciperet
745 1090 778 1122 que
788 1078 839 1111 nimis

111 1147 129 1176 15
138 1130 193 1163 vicina
206 1137 252 1164 erat:
272 1137 328 1164 tactus
341 1136 367 1164 est
379 1131 453 1163 martiris
466 1142 518 1164 manu
532 1138 549 1164 et
562 1131 608 1164 letali
623 1136 677 1163 morte
692 1139 794 1172 percussus;
811 1128 839 1161 die

138 1180 204 1214 circiter
212 1187 273 1214 octauo
281 1182 331 1214 rebus
339 1180 391 1214 cessit
399 1187 416 1214 et
424 1180 465 1215 vita.

231 1287 261 1318 Da
272 1293 356 1319 vuc1oxu
367 1293 443 1319 sunere
456 1294 477 1319 m
489 1287 598 1320 Haunrcun
610 1294 637 1319 ou
647 1287 748 1319 Esrsuxn.

160 1380 192 1411 Ex
197 1380 270 1412 mmm
276 1379 357 1412 focem,
382 1358 462 1431 ANno
472 1357 517 1399 regis
532 1356 603 1391 Henrici
617 1356 688 1390 secundi
701 1355 773 1397 decimo,
784 1354 840 1389 floruit

358 1405 363 1413 '
443 1407 529 1440 Henricus
540 1407 561 1440 de
573 1406 658 1447 Estsexia,
666 1406 695 1448 qui
707 1406 751 1438 inter
759 1405 840 1447 primates

138 1454 185 1496 regni
195 1454 221 1487 vir
231 1454 289 1496 magni
300 1455 373 1489 nominis
382 1457 488 1497 habebatur;
500 1468 562 1498 genere
572 1458 632 1498 clarus,
643 1456 695 1489 armis
706 1456 814 1498 conspicuus,
824 1460 841 1487 et

112 1520 132 1541 ao
140 1504 204 1539 domini
211 1506 257 1549 regis
267 1506 391 1549 primipilarius.
415 1509 458 1542 Cum
466 1507 517 1551 igitur
526 1507 577 1541 ceteri
587 1507 740 1550 comprouinciales
750 1507 841 1540 ecclesiam

139 1556 185 1589 beati
193 1556 267 1590 martiris
276 1558 364 1592 Edmundi
371 1559 389 1591 in
396 1560 447 1592 rebus
455 1566 472 1593 et
480 1559 575 1592 redditibus
582 1558 698 1601 ampliabant:
708 1558 736 1591 ille
743 1568 779 1591 non
787 1559 841 1591 solum

140 1608 174 1640 hoe
181 1608 243 1640 clausis
251 1608 305 1641 oculis
312 1609 410 1650 preteribat,
418 1620 477 1642 verum
484 1609 539 1641 eciam
546 1609 562 1642 vi
571 1615 588 1642 et
595 1608 613 1641 in
620 1608 671 1642 iurisss
679 1608 758 1641 iniuriam
765 1617 841 1641 annuum

140 1657 226 1690 redditum
240 1657 314 1700 quinque
329 1659 423 1691 solidorum
437 1659 525 1699 abstraxit,
541 1664 558 1692 et
573 1659 589 1691 in
605 1659 683 1700 proprios
698 1668 739 1691 vsus
754 1657 842 1691 conuertit.

142 1707 225 1739 Processu
232 1716 273 1739 vero
280 1709 363 1749 temporis
371 1718 410 1740 cum
421 1708 438 1740 in
450 1708 496 1740 curia
506 1708 560 1741 sancti
570 1708 658 1741 Edmundi
670 1712 749 1750 ageretur
760 1717 812 1741 causa
821 1706 842 1739 de

113 1774 133 1805 ²5
141 1762 191 1800 raptu
204 1757 292 1791 cuiusdam
300 1757 376 1801 virginis,
384 1759 456 1793 accessit
466 1758 513 1793 idem
524 1759 614 1800 Henricus,
626 1765 723 1802 protestans
734 1764 751 1792 et
763 1768 842 1792 asserens

140 1810 225 1852 loquelam
237 1809 283 1842 illam
294 1809 311 1842 in
323 1811 369 1844 curia
381 1821 412 1843 sua
422 1811 486 1844 debere
497 1810 571 1851 tractari,
582 1809 650 1844 racione
661 1809 755 1844 natiuitatis
767 1809 843 1844 eiusdem

141 1860 202 1903 puelle,
210 1869 242 1902 que
251 1859 268 1891 in
278 1860 354 1893 dominio
363 1871 394 1893 suo
403 1862 425 1894 de
435 1861 512 1902 Layland
523 1866 565 1894 nata
573 1862 633 1894 luerat.
657 1861 709 1893 Cuius
719 1860 793 1893 racionis
804 1869 842 1902 pre·

140 1914 187 1942 textu
193 1909 257 1942 curiam
265 1909 319 1942 sancti
328 1910 416 1944 Edmundi
425 1910 442 1943 in
450 1909 538 1944 itineribus
546 1916 563 1943 et
571 1909 658 1952 erumpnis
666 1916 683 1943 et
691 1909 843 1943 innumerabilibus

141 1959 220 2001 expensis
235 1959 286 2001 longo
301 1966 377 2003 tempore
392 1972 453 1994 nexare
467 1960 577 2004 presumpsit.
600 1961 620 1993 In
635 1960 668 1994 hiis
685 1960 753 1994 interim
771 1966 788 1994 et
804 1970 842 1993 con-

114 2027 134 2056 30
141 2010 224 2044 similibus
241 2010 319 2044 arridens
336 2013 359 2045 ad
373 2018 433 2045 votum
450 2012 560 2055 prosperitas,
575 2011 652 2055 perpetui
670 2011 759 2045 subintulit
773 2020 843 2045 causam

142 2059 205 2095 doloris
214 2068 230 2094 et
239 2062 271 2095 sub
278 2062 352 2096 fantasia
362 2063 430 2096 iocundi
440 2063 519 2106 pn'ncipii
529 2063 586 2096 tristes
596 2062 613 2095 in
623 2074 663 2096 eum
673 2062 776 2096 moliebatur
785 2062 844 2096 exitus.

143 2112 235 2144 Insurrexit
247 2118 305 2144 autem
315 2112 333 2144 in
344 2123 383 2145 eum
393 2114 479 2145 Robertus
490 2114 512 2145 de
525 2114 613 2152 Montlort,
624 2123 656 2145 nec
667 2123 730 2153 genere
741 2123 773 2145 nec
780 2112 844 2144 viribus

142 2160 194 2202 inpar,
203 2160 220 2193 in
228 2167 322 2202 conspectu
331 2162 427 2204 principum
437 2168 481 2195 terre
492 2162 589 2204 dampnans
599 2167 616 2194 et
627 2172 711 2194 accusans
722 2172 762 2194 eum
774 2162 795 2195 de
805 2171 844 2204 pro-

143 2210 210 2244 dicione
219 2210 273 2254 regis;
285 2212 358 2247 asseruit
367 2213 414 2246 enirn
425 2224 464 2247 eum
476 2212 493 2246 in
505 2213 616 2256 expedicione
627 2213 667 2246 belli
678 2213 724 2256 apud
734 2212 815 2246 Walliam
827 2210 844 2244 in

116 2274 135 2305 35
144 2262 208 2295 difficili
215 2263 289 2295 transitu
296 2264 318 2296 dc
327 2265 406 2297 Coleshel
413 2265 493 2298 vexillum
502 2265 566 2297 domini
576 2264 621 2305 regis
631 2265 748 2297 fraudulentur
756 2264 845 2302 abiecisse,

143 2319 160 2347 et
170 2319 243 2346 mortem
254 2313 290 2346 eius
301 2315 369 2348 sublimi
378 2326 420 2348 uoce
431 2316 551 2358 proclamasse,
559 2320 576 2348 et
585 2315 603 2348 in
610 2314 704 2357 presidium
711 2314 748 2348 eius
757 2314 845 2348 venientes

144 2364 161 2396 in
169 2364 227 2404 lugam
235 2364 344 2397 conuertisse.
364 2365 440 2398 Henrico
448 2365 533 2407 siquidem
540 2365 630 2397 resistente
638 2370 654 2397 et
662 2365 680 2397 in
688 2364 771 2398 concione
779 2365 845 2397 obiecta

143 2413 211 2457 penitus
221 2415 329 2456 abnegante:
341 2415 364 2448 ad
374 2416 460 2458 corporale
472 2415 547 2450 duellum
559 2425 659 2459 processum
670 2421 701 2450 est.
725 2415 845 2449 Conuenerunt

164 2511 170 2529 ¹
180 2512 204 2543 cf.
212 2511 271 2551 Jocelin
282 2512 301 2542 de
312 2512 399 2560 Brakelond
408 2513 465 2544 Chron.
473 2513 488 2560 ip
498 2513 532 2545 MS.
542 2514 587 2545 Harl.
596 2522 639 2552 1005,
649 2513 673 2545 ed.
680 2514 749 2545 Cemden
758 2513 792 2545 Soc.
802 2515 845 2552 1840,

145 2552 579 2632 tttzlldtt‘lllzlltlttltlttlttlq.
