1762 2803
257 74 303 130 De
318 73 418 127 oanan
434 76 530 130 utone.
699 90 742 136 ης

43 195 159 230 multitudine
173 195 231 230 fertur
245 206 305 241 genus
320 196 406 231 habuisse
421 207 457 242 que
469 196 512 232 olim
527 195 689 232 sceleratissimum
703 208 744 242 pre·

43 250 110 283 donem
126 249 217 293 Hynguar
232 249 321 289 comitata,
334 249 394 282 nauali
407 260 463 283 manu
475 251 494 284 in
508 260 586 294 regnum
600 250 704 293 Anglorum
716 255 744 285 est

43 302 124 337 aduecta.
147 302 188 336 Hos
202 301 233 336 ille
245 301 354 337 natiuitatis¹
368 302 461 348 principes
472 303 553 347 sortitus,
565 308 583 338 et
595 314 660 338 eorum
671 314 745 338 accura-

43 355 114 390 tissima
126 355 234 390 educatione
247 356 270 390 ad
283 355 373 390 iuueniles
386 367 444 391 annos
459 357 564 397 translatus,
575 356 672 391 festinabat
687 357 745 392 chris·

42 408 134 442 tianorum
149 407 275 442 conuenticula
292 408 418 442 indesinenter
434 408 490 451 adire,
507 410 581 444 diuinos
595 409 627 454 qui
642 410 665 444 ab
681 409 762 453 [illis]²5

43 461 150 495 dicebantur
165 471 261 495 sermones
277 471 343 504 magna
358 461 414 495 animi
432 462 552 497 oblectatione
567 463 636 498 audire.
664 463 744 497 Domum

43 514 92 549 enirn
107 520 208 554 reuertens,
220 525 256 557 que
268 513 350 547 audierat
361 520 459 558 parentum
470 515 545 550 auribus
556 515 621 550 sedulo
632 515 745 550 infundebat.

43 567 104 611 Super
116 567 183 611 quibus
196 567 286 601 bonorum
302 566 404 601 studiorum
419 568 524 612 primordiis
539 574 592 614 pater
607 567 675 614 impius
688 569 745 614 impie

42 620 127 662 irritatus,
133 620 242 663 prohibebat
247 631 270 654 ne
278 620 353 655 omnino
360 621 453 656 Christum
460 622 568 664 nominaret,
574 622 651 667 nelueJ³
658 628 745 666 paternas

42 673 166 709 institutiones
183 674 282 708 christiane
299 673 392 718 religionis
408 674 527 709 veneratione
543 675 653 710 immutaret.
674 675 744 710 Verum
754 683 773 706 10

42 727 79 767 ille,
97 726 212 770 prohibentis
231 726 329 769 imperium
347 726 421 769 penitus
439 727 549 772 despiciens,
567 727 627 771 magis
646 739 667 761 ac
685 729 745 772 magis

42 778 119 813 ecclesie
127 777 191 812 limina
199 778 243 818 (non
251 778 324 820 desiit)⁴
332 782 398 821 terere,
406 777 462 813 diuini
468 780 519 814 verbi
527 780 598 814 intento
605 780 667 814 animo
675 780 745 816 semina

42 832 144 876 percipere,
155 838 173 864 et
185 842 221 875 que
232 836 346 875 perceperat,
359 833 428 875 absque
439 842 508 876 pauore
519 833 569 866 domi
579 832 672 867 nunciare.
695 832 745 867 Hinc

42 885 108 920 iterum
116 890 169 929 pater
177 894 234 929 supra
242 884 343 919 humanum
351 885 426 920 modum
439 891 564 930 exasperatus,
572 885 682 930 grauissima
693 885 744 920 illurn

42 938 157 983 correptione
169 938 237 982 aflligit,
247 938 312 982 iusque
322 937 429 973 hereditatis
440 939 488 983 quod
499 940 522 973 ad
532 938 584 973 illum
592 939 656 973 venire
666 939 744 974 debebat
754 944 772 975 ¹5

43 992 137 1026 subtraxit.
167 991 219 1025 Tune
234 1001 282 1035 puer
296 991 380 1026 exultans
395 992 414 1025 in
429 992 503 1026 domino
518 992 566 1036 quod
584 992 639 1026 talem
654 1002 688 1037 pro
704 991 744 1026 eius

43 1045 117 1080 nomine
127 1044 280 1089 proscriptionem
291 1044 360 1078 subiret
369 1045 388 1078 in
399 1050 453 1088 terra,
463 1050 604 1089 propterquam
614 1044 744 1079 ascribendum

42 1109 63 1131 se
70 1108 112 1131 esse
120 1098 220 1131 confideret
227 1096 246 1130 in
255 1097 305 1138 eelo;
317 1096 398 1131 dimissis
408 1097 515 1139 parentibus
526 1102 660 1141 parentumque
671 1096 744 1136 diuitiis,

43 1149 103 1183 nudus
118 1153 136 1184 et
151 1148 200 1183 omni
215 1149 308 1182 mundano
323 1148 389 1183 decore
405 1150 492 1193 priuatus,
506 1149 579 1194 aufugit,
594 1150 680 1195 aditoque
697 1151 744 1185 duce

42 1204 121 1247 quodam
129 1202 203 1238 nomine
212 1202 331 1244 Ethelelmol,
339 1202 370 1247 qui
378 1201 396 1236 in
405 1203 460 1237 domo
467 1203 516 1247 regis
524 1203 608 1237 Edwini⁶
616 1204 637 1246 (t)
645 1208 664 1237 et
672 1203 743 1238 christi·
752 1212 772 1234 πο

42 1256 141 1291 anissimus
150 1261 168 1290 et
175 1255 224 1290 inter
232 1261 303 1290 ceteros
312 1256 409 1300 optimates
421 1256 578 1301 prestantissimus
588 1261 633 1297 erat,
640 1255 744 1300 postulabat

44 1308 92 1343 illius
104 1319 125 1342 se
136 1309 218 1352 potentia
228 1314 246 1342 et
256 1308 362 1342 auctoritate
374 1319 384 1342 a
396 1313 493 1352 parentum
504 1319 579 1342 suorum
591 1308 652 1342 surore
663 1308 744 1343 defendi.

44 1360 80 1402 Qut
87 1361 136 1395 bona
146 1360 268 1395 adolescentis
278 1361 339 1394 indole
349 1362 437 1404 gaudens,
445 1372 479 1395 nee
490 1362 565 1405 dignum
576 1361 691 1405 aliquatenus
702 1372 744 1395 esse

42 1413 125 1448 iudicans
133 1420 152 1448 vt
158 1413 193 1448 tale
201 1414 258 1448 decus
266 1413 359 1458 paganicis
367 1413 432 1448 ritibus
439 1414 474 1448 sub
482 1413 539 1458 patris
551 1413 628 1460 imperio
636 1414 744 1455 deserutret,

44 1473 121 1512 paterno
129 1466 180 1502 illum
188 1467 253 1503 affectu
265 1467 352 1512 suscepit,
362 1466 469 1502 defensione
480 1467 557 1502 muniuit
569 1473 587 1502 et
597 1467 670 1502 auxiliis
681 1478 744 1503 neces·
753 1479 772 1510 ¹5

43 1520 96 1555 seriis
111 1521 160 1555 fouit.
184 1521 256 1555 Deinde
271 1532 326 1565 greca
341 1526 359 1555 ct
374 1521 431 1555 latina
445 1520 507 1566 lingua
521 1521 614 1565 magistris
629 1521 745 1555 edocendum

47 1574 220 1618 tradidit—quarum
228 1574 331 1618 linguarum
339 1574 432 1618 plerisque
440 1579 483 1609 tunc
490 1573 579 1617 temporis
588 1574 607 1608 in
614 1580 669 1618 gente
675 1573 745 1617 Anglo-

44 1638 85 1661 rum
94 1638 138 1661 vsus
147 1632 191 1670 erat,
201 1638 212 1661 a
224 1626 318 1671 discipulis
328 1627 420 1661 Theodori
429 1626 561 1670 archiepiscopi
573 1627 655 1660 diffusus.
678 1627 745 1660 Factus

42 1685 71 1715 est
85 1685 146 1715 autem
161 1680 180 1714 in
192 1684 268 1724 utraque
283 1679 345 1723 lingua
357 1679 411 1714 valde
423 1678 499 1723 peritus,
511 1679 536 1714 ita
549 1685 570 1713 vt
584 1685 648 1724 posset
659 1685 745 1724 poemata

45 1734 116 1778 lingere
124 1739 142 1767 et
150 1733 225 1768 omnino
233 1733 319 1779 quicquid
327 1733 382 1767 vellet
392 1732 460 1767 diserto
470 1743 555 1768 sermone
564 1733 653 1778 proferre.
698 1725 745 1769 Post
753 1744 773 1775 3⁰

42 1787 76 1821 hec
95 1787 202 1832 baptizatus,
217 1787 353 1821 admonitione⁷
368 1786 437 1820 domini
450 1786 478 1821 sui
489 1796 548 1830 usque
559 1787 582 1821 ad
594 1786 745 1821 subdiaconatum

43 1841 142 1883 perductus
150 1846 189 1874 est:
202 1840 221 1873 in
229 1851 265 1883 quo
275 1840 333 1883 gradu
343 1850 378 1882 per
388 1838 456 1882 aliquot
468 1849 527 1872 annos
538 1838 563 1872 ita
572 1838 668 1872 sanctitate
678 1839 716 1872 vite
727 1844 745 1873 et

43 1892 171 1937 predicationis
186 1891 290 1927 sinceritate
305 1891 391 1935 pollebat,
407 1896 427 1925 vt
444 1891 547 1935 quicunque
563 1890 614 1925 illum
631 1896 745 1936 agnosceret,

42 1945 119 1989 spiritus
134 1945 192 1980 sancti
204 1944 294 1991 templum
307 1956 351 1979 esse
366 1956 403 1979 non
420 1945 515 1979 dubitaret.
538 1944 611 1979 Domini
626 1944 655 1979 sui
670 1945 745 1980 tandem

43 2009 98 2033 suasu
106 2000 129 2033 ad
138 1998 235 2033 sacerdotii
243 1998 319 2043 gradum
327 2003 426 2043 prouectus
434 2002 467 2031 est.
486 1997 515 2031 Ex
523 2008 560 2042 quo
567 2002 650 2042 tempore
658 2002 696 2031 tam
704 1998 744 2042 ipse
753 2012 773 2044 ³5

43 2052 80 2086 dux
88 2063 143 2096 quarn
152 2051 208 2087 ceteri
215 2063 264 2097 pene
272 2062 337 2086 omnes
345 2052 412 2096 regalis
419 2051 481 2096 palatii
489 2051 583 2095 principes
591 2051 610 2085 in
618 2062 691 2086 summa
702 2062 745 2086 eum

43 2105 162 2139 veneratione
177 2105 245 2139 habere
259 2111 353 2149 ceperunt,
365 2110 436 2138 secreta
449 2104 497 2138 male
508 2109 547 2138 acte
559 2104 595 2139 vite
607 2103 624 2138 ei
635 2103 713 2148 aperire,
727 2110 745 2139 et

43 2157 66 2191 de
78 2157 114 2191 hiis
125 2157 246 2192 emendandis
258 2157 297 2191 eius
309 2158 385 2191 consilio
396 2156 475 2191 libenter
482 2156 564 2190 credere.
608 2149 708 2200 Suggessit
717 2157 745 2190 in-

42 2214 94 2244 terea
101 2210 139 2244 dux
147 2209 191 2253 regi,
199 2210 267 2244 habere
276 2221 297 2244 se
305 2209 417 2244 desiderium
426 2208 555 2254 proficiscendi
564 2209 643 2244 Romam
651 2215 669 2244 et
677 2209 746 2244 sanetis

43 2263 130 2306 apostolis
140 2263 223 2307 ibi[dem]
229 2264 236 2281 ⁸
243 2263 363 2307 supplicandi.
386 2263 469 2307 Cumque
477 2262 583 2297 licenciatus
591 2273 602 2296 a
609 2273 653 2307 rege
660 2262 695 2298 iter
702 2261 745 2297 arri·
753 2275 774 2305 4⁰

43 2322 102 2359 peret,
110 2316 185 2361 contigit
195 2317 248 2351 illurn
255 2316 362 2351 infirmitate
371 2316 480 2361 grauissima
490 2316 574 2351 detineri.
595 2316 680 2351 Odonem
690 2316 714 2350 ad
724 2326 745 2351 sc

42 2370 107 2404 venire
117 2370 164 2413 iacit,
175 2375 251 2415 oratque
261 2376 280 2405 vt
292 2381 326 2415 pro
337 2370 366 2405 sui
377 2370 484 2405 liberatione
495 2370 569 2405 domino
581 2380 647 2414 preces
658 2369 746 2413 effundat,

64 2467 198 2498 ’Enatiuitates
230 2466 295 2497 ²E.eis.
322 2467 462 2505 ³T.neue,E.ne.
491 2465 584 2497 ¹om.in'l'.
614 2465 746 2497 ’VitAthelmo

44 2505 90 2537 'vie
103 2507 265 2538 Elvurecli=Alfredi.
290 2507 325 2537 The
337 2508 387 2538 above
401 2508 467 2538 mistalre
478 2517 534 2538 causes
546 2507 600 2538 others
614 2517 635 2537 on
649 2510 688 2536 next
699 2516 745 2545 page.

41 2544 49 2563 '
59 2546 77 2576 E.
85 2548 213 2579 admonitionem.
254 2546 260 2564 ¹
270 2547 288 2578 E.
296 2546 322 2578 ibi.

67 2603 106 2628 vot.
115 2604 133 2629 n.
389 2604 401 2635 o
