1762 2803
244 92 571 151 bisiniacensem.
713 108 756 150 299

56 215 141 258 moniam,
150 216 226 251 miratur
234 222 253 252 et
263 227 339 251 moram.
363 216 442 251 Causam
452 227 463 251 a
474 215 564 250 ministris
575 213 655 260 inquirit,
663 220 681 251 et
693 226 757 250 omnes

56 269 167 303 unanimiter
174 280 195 304 se
203 274 304 304 excusant:
317 269 371 303 Iussu
381 269 455 303 tandem
463 269 540 314 virginis
550 274 619 310 sancte,
626 268 693 303 sactum
701 268 758 302 conii-

56 328 118 357 tentur
131 323 173 357 licet
186 323 244 357 inuiti.
267 323 320 357 Iubet
332 323 388 366 igitur
399 333 441 357 ossa
453 323 519 367 colligi,
531 328 549 357 et
562 323 581 356 in
593 322 634 357 eius
645 322 757 366 presentiam

56 375 131 409 collecta
147 375 219 409 deferri.
241 375 309 409 Allatis
327 375 389 419 itaque
407 366 484 416 ossibus,
500 386 542 409 cum
556 386 622 419 preces
640 376 716 409 denotas
735 375 758 408 ad

56 426 151 460 dominum
164 427 247 469 fudisset,
255 431 299 471 quot
306 426 400 461 volucrum
411 438 453 461 ossa
463 427 579 472 collegerant,
587 431 614 462 tot
625 432 702 472 repente
709 426 759 460 vola·
767 437 776 468 5

57 480 95 514 tilia
110 482 223 526 prodierunt,
235 486 255 515 vt
270 492 359 515 numerus
374 481 498 515 deficientium
513 482 532 515 in
547 482 597 515 nullo
612 481 690 516 sentiret
704 480 759 515 detri-

57 539 146 568 mentum.
173 534 245 568 Auibus
264 534 283 568 in
300 534 349 568 hunc
367 535 442 568 modum
459 535 554 579 reparatis,
569 535 604 569 hoc
622 534 658 569 illis
676 534 759 569 adiunxit

57 587 180 630 interdictum,
191 600 214 623 ne
225 588 316 623 territorio
328 600 362 622 suo
372 588 475 623 insiderent
486 589 595 623 ineternum.
618 589 642 622 Et
652 588 719 622 sactum
731 594 760 622 est

58 641 88 674 ita.
134 635 178 675 Hec
190 642 240 675 enim
251 641 302 686 virgo
314 647 378 676 sancta
389 642 428 675 suis
441 642 511 676 meritis
523 642 619 676 mulierem
631 642 706 676 cecitate
717 652 759 686 per·

59 704 131 728 cussam
143 695 258 736 illuminauit,
269 695 397 728 demoniacum
408 695 471 729 sensui
483 695 567 736 reddidit,
579 700 597 730 et
610 695 677 729 multos
691 694 736 728 alios
749 700 788 728 a¹0

59 746 138 781 diuersis
150 748 219 782 morbis
232 748 291 782 salute
304 752 378 792 recepta
390 747 442 782 letari
454 747 502 782 fecit.
547 741 607 782 Erant
620 747 670 782 enim
683 752 761 791 quatuor

60 800 131 840 iratres,
139 801 195 834 rebus
202 801 267 833 mundi
274 801 394 838 abundantes,
403 800 434 843 qui
442 800 523 833 decimas
530 800 549 834 in
557 806 662 844 contemptu
670 801 760 834 ducebant

59 862 94 886 nec
102 862 133 887 eas
142 853 186 888 dare
193 853 284 887 volebant.
307 852 380 897 Elapsis
391 852 410 886 in
421 852 452 886 tali
463 863 526 887 errore
536 852 590 887 annis
600 852 668 895 multis,
675 852 761 887 dixerunt

60 912 99 939 tres
110 907 175 941 iratres
185 907 208 940 ad
218 911 314 950 quartum:
326 906 406 946 ‘Frater,
415 905 430 939 si
442 906 511 939 dudum
523 907 558 940 deo
569 906 677 940 iniuriantes
688 906 761 939 oberra-

60 958 126 1000 uimus,
134 959 244 1003 resipiscere
252 963 326 1002 tempus
337 963 371 999 est,
379 963 398 993 vt
409 959 458 1002 quod
468 958 548 1003 maligna
558 958 633 1003 deliquit
643 958 762 1003 presumptio,
770 966 788 998 ¹5

61 1012 127 1047 desseat
138 1012 243 1057 penitentia,
251 1011 329 1057 corrigat
341 1011 445 1047 satisfactio.
467 1012 584 1048 Accedamus
594 1013 617 1048 ad
626 1023 692 1058 corpus
699 1018 762 1048 sancte

63 1065 165 1108 Eanswide,
180 1071 198 1100 et
217 1065 291 1110 frugum
309 1071 414 1099 nostrarum
430 1065 511 1100 decimas
529 1067 564 1101 deo
582 1072 600 1101 et
618 1072 682 1101 sancte
696 1065 762 1111 virgini

62 1118 171 1152 offeramus!
196 1119 219 1152 Et
233 1129 275 1152 cum
290 1118 320 1152 ille
335 1129 372 1152 non
388 1119 518 1163 acquiesceret,
531 1130 574 1154 ecce
589 1119 673 1154 inimicus
688 1119 707 1153 in
720 1129 763 1153 eunt

61 1171 162 1215 ingressus,
175 1182 218 1206 eum
234 1171 314 1206 insanire
330 1176 348 1206 et
363 1172 398 1206 huc
413 1172 492 1216 illucque
505 1172 608 1207 discurrere
624 1177 642 1207 et
657 1172 763 1216 discerpere

62 1224 144 1268 seipsum
156 1224 203 1259 fecit.
226 1224 261 1266 Qui
273 1236 284 1259 a
295 1224 380 1259 fratribus
391 1224 468 1259 vinculis
480 1225 565 1260 astrictus
577 1230 621 1260 ante
631 1225 688 1259 altare
700 1230 791 1261 sanctem

62 1277 138 1321 virginis
150 1277 250 1319 adducitur,
259 1282 276 1310 et
288 1277 365 1311 sanitate
376 1282 451 1321 recepta
461 1278 542 1312 decimas
552 1278 587 1312 deo
598 1282 616 1312 et
627 1283 690 1312 sancte
697 1278 763 1322 virgini

63 1329 431 1374 deincepssubtraherenonpresumpsit.
471 1323 764 1375 Virquidamcontinuispressus

62 1383 155 1417 doloribus
165 1383 225 1417 carnis
236 1389 254 1418 et
264 1384 366 1424 tabescens,
374 1384 423 1417 nulla
433 1389 495 1418 tamen
506 1384 524 1418 in
533 1394 588 1419 carne
595 1385 625 1419 vel
633 1386 692 1419 carnis
700 1395 764 1428 super·

63 1435 115 1470 ficiel
130 1436 205 1471 lesionis
219 1436 296 1481 vestigia
311 1437 428 1481 apparebant.
452 1436 501 1472 Huic
520 1436 577 1472 astitit
596 1437 662 1473 mulier
680 1437 764 1482 speciosa

63 1488 124 1530 nimis,
132 1489 205 1524 dicens:
218 1489 261 1523 ‘Vir
271 1490 324 1529 bone,
332 1500 365 1523 cur
375 1489 454 1524 animam
462 1495 513 1525 tuam
520 1490 576 1525 tantis
584 1490 677 1525 doloribus
686 1490 764 1535 affligis?
773 1500 792 1529 ²5

64 1552 96 1576 cur
104 1542 197 1577 doloribus
204 1543 278 1577 dolores
285 1543 402 1578 accumulas?
421 1543 480 1587 Perge
488 1544 537 1587 apud
544 1543 631 1578 Follrstafr
637 1544 660 1579 ad
667 1544 764 1579 ecclesiam

63 1594 139 1639 virginis
148 1595 252 1638 Eanswide,
261 1596 312 1630 cuius
323 1596 409 1639 precibus
421 1597 495 1631 noueris
507 1602 525 1631 te
537 1596 614 1640 pristine
625 1596 679 1631 saluti
690 1597 765 1632 restitu-

64 1648 143 1681 endum!
166 1648 207 1689 Quo
218 1648 270 1690 sacto,
277 1648 330 1692 virgo
341 1649 420 1692 quedam
431 1649 542 1683 venerabilis
553 1649 588 1683 sibi
600 1660 697 1693 apparens,
704 1650 765 1694 primo

64 1699 133 1734 doloris
146 1700 186 1734 loca
198 1700 246 1741 lauit,
259 1705 301 1745 post
315 1701 385 1735 lintheo
398 1701 455 1742 tersit,
470 1706 488 1736 et
502 1711 576 1736 carnem
589 1711 666 1746 prorsus
679 1712 690 1736 a
702 1702 766 1737 dolore

64 1752 154 1797 purgauit.
775 1765 794 1796 3⁰

350 1828 365 1864 il
376 1828 462 1861 Narratio
466 1828 478 1862 ¹.

88 1893 145 1936 Circa
163 1911 231 1935 annum
248 1900 317 1935 domini
332 1901 488 1935 sexcentesimum
503 1902 660 1947 septuagesimum
676 1908 766 1944 octauum,

66 1954 163 1988 consert0³
170 1953 221 1999 graui
230 1953 288 1998 prelio
295 1953 344 1987 inter
354 1965 408 1998 reges
417 1953 527 1989 Merciorum
535 1960 553 1989 et
562 1955 766 1990 Northanhumbrorum

67 2006 186 2042 Ethelredum
198 2013 217 2042 et
225 2006 336 2051 Egiridum⁴,
344 2006 397 2041 miles
407 2007 481 2051 quidam
492 2007 568 2043 nomine
575 2008 648 2052 Ymma,
655 2008 704 2044 inter
714 2009 767 2043 cada·

66 2071 111 2095 uera
126 2061 228 2095 occisorum
243 2060 307 2095 similis
322 2066 394 2094 mortuo
409 2061 477 2103 iacens,
491 2067 566 2106 recepto
581 2062 647 2106 spiritu
662 2062 734 2103 reuixit,
749 2068 768 2097 et

66 2114 143 2148 vulnera
150 2119 170 2148 vt
177 2114 235 2158 potuit
242 2112 326 2158 alligauit.
350 2113 440 2148 inuentus
448 2119 510 2148 autem
518 2115 541 2148 ab
549 2114 627 2149 inimicis
638 2120 655 2150 et
667 2121 736 2159 captus,
744 2116 766 2149 ad
776 2125 795 2156 35

67 2168 160 2210 quendam
173 2166 258 2201 comitem
271 2166 320 2210 regis
334 2166 429 2201 Ethelredi
442 2167 544 2210 adducitur,
557 2173 575 2202 et
590 2167 713 2212 interrogatus
726 2168 768 2212 quis

67 2224 122 2261 esset,
130 2220 218 2255 rusticum
226 2224 244 2254 et
252 2230 352 2264 pauperem
360 2229 381 2254 se
389 2230 431 2255 esse
438 2219 510 2256 latetur.
533 2220 622 2263 Quotiens
633 2220 682 2256 enim
690 2220 768 2256 vinculis

66 2273 131 2307 ferreis
144 2273 210 2318 ligatus
223 2278 267 2315 erat,
278 2272 345 2307 totiens
355 2272 428 2307 vincula
440 2274 500 2307 soluta
513 2279 587 2318 reperta
600 2279 658 2308 erant.
681 2274 768 2308 Habebat

67 2327 118 2361 enim
128 2338 236 2372 germanum
247 2326 322 2361 fratrem
332 2326 361 2360 cui
371 2338 439 2361 nomen
450 2332 489 2361 erat
497 2327 568 2369 Tunna,
576 2327 661 2361 abbatem
670 2327 741 2361 cenobii
749 2327 768 2362 in

68 2381 141 2414 ciuitate
152 2392 188 2424 que
200 2381 288 2414 hactenus
300 2380 322 2414 ab
334 2379 373 2414 eius
385 2380 460 2414 nomine
471 2379 610 2414 Tunnacester⁵
621 2381 725 2423 vocabatur,
737 2381 768 2425 qui
777 2390 797 2421 40

68 2445 111 2469 eum
121 2439 213 2468 mortuum
222 2434 305 2476 credens,
313 2433 380 2468 missas
390 2444 424 2478 pro
432 2434 472 2478 ipso
480 2434 545 2468 crebro
553 2433 663 2469 celebrabat.
685 2434 768 2477 Quarum

87 2512 121 2541 1Ε.
130 2513 218 2549 superfisie.
267 2512 424 2542 ²Exaeda1v.22.
473 2511 595 2542 ³E.consorto.
644 2512 768 2551 ¹T.egsrigum.

67 2550 72 2568 ⁴
85 2551 102 2581 E.
110 2555 209 2583 tumacester.
