1762 2803
104 104 106 110 '
131 101 176 154 446
322 97 401 149 nuta
417 94 533 158 ternuc
549 95 641 158 unctio.

132 218 225 254 Adhibitis
236 230 279 263 ergo
291 217 325 253 sibi
336 217 438 260 comitibus,
446 217 552 253 Plechelmo
562 218 647 254 videlicet
658 219 741 253 eiusdem
753 217 834 261 honoris,

132 273 168 316 vie,
173 272 246 317 votique
254 277 343 316 compote,
351 276 370 305 et
377 271 461 315 Othgero
468 271 554 315 religiose
560 271 598 307 vite
607 272 688 314 diacono,
696 271 834 316 paruipendens

133 324 256 359 blandimenta
267 328 369 368 parentum,
380 323 454 358 delicias
466 334 528 367 opum,
540 324 633 369 popularis
644 323 702 369 glorie
713 323 790 366 ssuxum,
800 323 835 358 iter

133 377 210 422 arripuit
221 377 267 412 duce
279 377 357 421 Christo,
366 377 415 422 quod
426 377 463 411 iam
474 382 527 411 tener
538 377 557 412 in
569 377 621 413 annis
632 376 726 424 adoptauit
737 377 756 413 in
768 377 834 413 animo.

116 441 125 471 5
134 432 170 476 Qui
178 431 252 466 diuersa
259 432 355 475 regionum
362 441 463 476 peragrans
474 431 557 475 confinia,
566 431 581 467 F
582 432 643 467 rancie
654 431 737 477 dirigitur
744 431 763 466 in
771 436 835 477 partes

133 486 215 530 ignotam
227 485 290 520 maluit
299 484 350 519 enim
360 485 409 520 inter
419 485 489 519 alienos
500 496 571 530 pauper
581 491 599 519 et
608 485 690 519 modicus
702 484 770 525 haberi,
780 495 835 527 quam

133 538 181 571 inter
188 547 232 570 suos
240 538 292 570 diues
299 542 318 570 et
325 537 416 579 gloriosus
424 537 530 581 computari.
575 531 663 582 Cumque
671 538 747 581 PIpinus
756 536 835 570 Franco-

134 600 174 624 rum
186 590 224 624 dun
235 594 321 624 narrante
333 589 381 624 fama
392 589 454 624 didicit
466 589 512 624 tales
523 588 572 625 viros
584 589 631 625 infra
642 590 694 634 regni
706 588 734 625 sui
745 588 835 624 terminos

133 642 247 688 peregrinari
254 643 306 686 velle,
315 647 408 688 totamque
418 642 496 688 patriam
503 642 575 678 illorum
583 643 702 678 illustratam¹
710 642 835 685 sanctimonia,

108 710 126 732 ro
134 695 199 741 gaudio
211 697 293 741 repletus
304 706 337 731 eos
348 696 372 730 ad
383 707 403 730 se
414 696 478 731 venire
489 695 532 731 fecit
543 707 627 740 propere.
650 697 702 739 Quos
715 695 835 731 aduenientes

134 748 836 794 cumhonoresuscipiens,auditaqnecausaitinerisbeatumWyronemmox

134 803 182 836 inter
189 813 234 835 suos
241 803 346 836 timoratum
353 801 459 846 cunctisque
464 803 590 835 venerandum
598 803 664 836 locauit
671 814 675 845 ;
687 802 763 846 eiusque
771 801 836 836 sancti·

134 856 167 890 tati
175 865 196 890 se
204 854 324 897 committens,
332 865 374 890 cum
384 865 456 889 summa
463 853 581 889 veneratione
591 865 634 890 eum
642 855 725 890 excoluit
763 847 836 889 Locum

135 918 215 953 namque
226 914 317 943 remotum
327 918 338 942 a
349 907 413 943 mundi
423 906 501 951 negotiis
512 908 550 942 dux
561 907 601 953 ipse
613 908 713 952 prouidens
724 907 744 942 in
754 907 835 942 futurum

109 976 126 1005 1⁵
135 963 188 996 beato
196 961 275 1005 Wyroni
282 963 306 995 ad
313 962 425 995 manendum
435 960 531 1002 concessit,
540 972 576 1005 quo
588 961 663 995 liberius
676 972 718 995 cum
728 960 766 995 suis
778 961 836 994 inibt²

136 1015 214 1049 celestes
225 1018 299 1059 caperet
310 1014 384 1048 fructus.
408 1013 443 1056 Qui
454 1013 504 1048 locus
516 1024 549 1048 ore
559 1014 609 1058 vulgi
622 1016 686 1049 ‘mons
700 1014 759 1049 Petri’
771 1013 836 1056 dictus,

136 1067 218 1110 (-³atias
223 1067 287 1100 ‘mons
292 1066 372 1107 Odule⁴,'
377 1065 477 1100 leodiensis
481 1065 560 1099 diocesis
566 1077 625 1111 prope
630 1066 704 1110 opidum
711 1066 837 1107 Roremunde,

135 1119 166 1155 vbi
173 1119 264 1163 quondam
274 1123 314 1153 erat
323 1118 438 1162 prepositura
448 1123 467 1152 et
477 1117 576 1162 collegium
584 1118 719 1161 canonicorum,
728 1119 776 1162 quod
788 1129 837 1153 nunc

136 1171 243 1208 translatum
255 1170 313 1206 estin
325 1170 393 1206 dictum
406 1170 545 1206 Roremundam
557 1171 632 1216 opidum
646 1177 664 1206 et
678 1172 736 1206 sancti
747 1171 837 1217 Wyronis

109 1242 128 1263 ιο
136 1237 203 1270 corpus
211 1225 319 1260 translatum
327 1231 355 1259 est
363 1224 382 1258 in
387 1224 472 1258 Treiecto
479 1236 483 1267 ;
490 1224 525 1267 L)
531 1225 550 1258 in
559 1236 595 1269 quo
603 1226 702 1260 oratorium
709 1226 728 1259 in
736 1231 799 1259 sancte
807 1225 837 1259 dei

136 1278 228 1324 genitricis
241 1279 311 1312 honore
326 1282 355 1312 est
370 1282 494 1312 constructum
510 1282 528 1312 et
543 1284 676 1321 consecratum,
690 1288 762 1313 necnon
778 1277 837 1313 sancti

136 1332 186 1367 Petri
197 1330 334 1366 monasterium.
378 1324 438 1375 Igitur
449 1330 478 1365 vir
490 1336 564 1365 sanctus
577 1330 609 1365 diu
622 1331 747 1366 desideratum
759 1331 837 1375 adeptus

136 1386 196 1420 locum
203 1383 276 1429 quantis
284 1382 371 1419 doctrinis
381 1390 399 1418 et
410 1382 501 1428 exemplis
511 1395 531 1418 ac
539 1383 626 1418 virtutum
637 1385 721 1429 insigniis
732 1390 750 1419 et
759 1385 837 1418 miracu-

136 1439 195 1474 lorum
207 1437 298 1482 preconiis
309 1436 402 1479 effulserit‚
414 1436 490 1481 longum
501 1441 551 1471 esset
561 1447 647 1472 enarrare
656 1448 691 1481 per
702 1436 779 1481 singula.
802 1437 838 1471 Per

111 1508 118 1530 2
121 1508 129 1537 5
137 1493 171 1526 hec
176 1490 205 1526 vir
213 1490 243 1525 dei
250 1490 298 1525 inter
305 1490 389 1524 homines
397 1489 524 1523 conuersando
532 1489 552 1523 fit
560 1490 622 1534 grauis
629 1490 648 1524 in
656 1490 714 1533 annis,
722 1490 755 1525 sed
765 1491 839 1534 grauior

137 1544 156 1577 in
164 1542 246 1577 custodia
253 1543 326 1576 mentis.
340 1541 423 1575 Fatiscit⁶
430 1541 450 1574 in
458 1542 515 1583 senio,
521 1543 555 1575 sed
561 1542 671 1576 conualescit
677 1542 696 1576 in
702 1542 769 1576 animo.
796 1535 839 1576 Ad-

137 1601 176 1630 erat
184 1594 263 1639 denique
270 1600 344 1639 tempus
351 1593 452 1628 miserendi
460 1604 496 1637 quo
504 1593 589 1629 dominus
595 1593 671 1630 militem
679 1605 733 1629 suum
741 1594 839 1630 emeritum

138 1657 256 1684 remunerare
271 1646 366 1691 disposuit.
395 1646 468 1681 Modica
483 1648 551 1682 etenim
566 1647 584 1682 vi
603 1646 681 1683 febrium
700 1653 801 1693 correptus
820 1653 839 1683 et

138 1701 199 1737 carnis
218 1701 292 1735 soluens
310 1699 396 1742 debitum,
412 1699 484 1735 felicem
503 1701 543 1735 celo
562 1700 641 1736 reddidit
659 1700 749 1746 spiritum,
768 1701 839 1736 sinibus

110 1771 130 1801 30
137 1754 213 1790 Abrahe
220 1764 254 1797 per
262 1764 327 1787 manus
335 1753 442 1796 angelorum
450 1753 603 1789 transferendum.
623 1754 712 1788 Sanctum
719 1765 764 1789 vero
772 1765 839 1799 corpus

137 1809 185 1842 infra
197 1806 277 1850 parietes
288 1805 355 1849 prefati
368 1805 441 1839 oratorii
453 1811 516 1840 sancte
530 1806 588 1840 Marie
599 1817 611 1840 a
622 1807 690 1841 Christi
702 1807 786 1842 fidelibus
797 1817 839 1842 cum

138 1860 212 1906 hymnis
224 1864 242 1893 et
254 1858 367 1904 psalmorum
379 1859 497 1894 concentibus
509 1859 611 1904 condigne⁶
622 1861 717 1903 sepulture
728 1859 809 1903 traditur,
821 1865 840 1895 et

137 1915 206 1949 ibidem
214 1913 259 1947 odor
264 1912 310 1946 mire
315 1910 412 1956 fragrantie
419 1923 430 1946 a
438 1911 507 1946 cunctis
514 1912 615 1947 astantibus
621 1913 708 1948 hauritur.
732 1913 840 1948 Celebratur

137 1973 199 2002 autem
207 1965 247 2000 eius
254 1964 344 1999 festiuitas
351 1970 415 1999 octauo
424 1965 468 1999 idus
475 1964 523 1999 maii.
574 1959 608 2000 Ad
616 1966 656 2000 eius
663 1976 708 2002 vero
716 1967 840 2011 sepulchrum,

110 2036 130 2066 35
139 2021 199 2056 diuina
210 2023 304 2063 prestante
314 2018 378 2062 gratia,
386 2018 475 2062 plurima⁷
483 2019 549 2053 deinde
559 2019 656 2054 sanitatum
667 2023 773 2063 prestantur
783 2019 840 2053 hene-

138 2073 184 2116 ficia,
196 2082 230 2105 nec
241 2071 365 2105 inconsolatus
377 2070 433 2105 abibit
445 2071 505 2105 adhuc
518 2071 572 2105 hodie
584 2071 615 2115 qui
627 2072 682 2114 digne
694 2071 789 2107 celebrans
801 2073 840 2107 eius

138 2124 239 2171 patrocinia
247 2123 328 2158 diuinam
335 2122 420 2167 implorat
427 2123 504 2168 gratiam
512 2123 547 2158 sibi
555 2133 589 2158 sua
596 2123 664 2158 remitti
672 2122 747 2169 piacula.

160 2239 165 2259 ¹
178 2237 218 2269 Bell.
228 2238 321 2268 illustrasse.
390 2237 396 2255 ²
407 2238 424 2269 E.
433 2238 471 2268 mihi
481 2238 524 2268 inibi.
584 2238 616 2261 ³.)
626 2239 683 2269 added.
744 2240 749 2258 ¹
760 2249 773 2271 r.
783 2240 841 2270 Odiiie.

140 2279 146 2298 Β
157 2279 174 2309 Ε.
182 2278 248 2309 fatescit.
288 2277 294 2294 ⁶
305 2278 322 2307 E.
330 2277 413 2313 cundigne.
456 2277 461 2295 ⁷
472 2278 490 2306 E.
498 2277 585 2315 plurimum.
