<?xml version="1.0" encoding="UTF-8"?>
<!DOCTYPE html PUBLIC "-//W3C//DTD XHTML 1.0 Transitional//EN"
    "http://www.w3.org/TR/xhtml1/DTD/xhtml1-transitional.dtd">
<html xmlns="http://www.w3.org/1999/xhtml" xml:lang="en" lang="en">
 <head>
  <title>
</title>
<meta http-equiv="Content-Type" content="text/html;charset=utf-8" />
  <meta name='ocr-system' content='tesseract 3.04.00' />
  <meta name='ocr-capabilities' content='ocr_page ocr_carea ocr_par ocr_line ocrx_word'/>
</head>
<body>
  <div class='ocr_page' id='page_1' title='image "./MN5111ucmf_0/MN5111ucmf_0_0882.png"; bbox 0 0 1762 2803; ppageno 0'>
   <div class='ocr_carea' id='block_1_1' title="bbox 130 148 643 213">
    <p class='ocr_par' dir='ltr' id='par_1_1' title="bbox 130 148 643 213">
     <span class='ocr_line' id='line_1_1' title="bbox 130 148 643 213; baseline 0.014 -18"><span class='ocrx_word' id='word_1_1' title='bbox 130 154 174 195; x_wconf 80' lang='lat'><strong>266</strong></span> <span class='ocrx_word' id='word_1_2' title='bbox 321 151 401 203; x_wconf 72' lang='lat' dir='ltr'><strong>tanta</strong></span> <span class='ocrx_word' id='word_1_3' title='bbox 417 148 534 211; x_wconf 71' lang='lat' dir='ltr'><strong>laamas</strong></span> <span class='ocrx_word' id='word_1_4' title='bbox 550 150 643 213; x_wconf 71' lang='lat' dir='ltr'><strong>analio.</strong></span> 
     </span>
    </p>
   </div>
   <div class='ocr_carea' id='block_1_2' title="bbox 106 271 844 2484">
    <p class='ocr_par' dir='ltr' id='par_1_2' title="bbox 106 271 844 2484">
     <span class='ocr_line' id='line_1_2' title="bbox 131 271 834 317; baseline 0.004 -10"><span class='ocrx_word' id='word_1_5' title='bbox 131 277 176 316; x_wconf 92' lang='lat' dir='ltr'><strong>tum,</strong></span> <span class='ocrx_word' id='word_1_6' title='bbox 181 272 204 307; x_wconf 91' lang='lat' dir='ltr'><strong>ad</strong></span> <span class='ocrx_word' id='word_1_7' title='bbox 212 282 242 306; x_wconf 95' lang='lat' dir='ltr'><strong>me</strong></span> <span class='ocrx_word' id='word_1_8' title='bbox 250 271 323 307; x_wconf 80' lang='lat' dir='ltr'><strong>deferre</strong></span> <span class='ocrx_word' id='word_1_9' title='bbox 331 282 355 307; x_wconf 88' lang='lat' dir='ltr'><strong>ne</strong></span> <span class='ocrx_word' id='word_1_10' title='bbox 361 271 440 314; x_wconf 86' lang='lat' dir='ltr'><strong>differas,</strong></span> <span class='ocrx_word' id='word_1_11' title='bbox 445 277 465 307; x_wconf 93' lang='lat' dir='ltr'><strong>vt</strong></span> <span class='ocrx_word' id='word_1_12' title='bbox 470 283 507 307; x_wconf 91' lang='lat' dir='ltr'><strong>vna</strong></span> <span class='ocrx_word' id='word_1_13' title='bbox 514 282 586 308; x_wconf 90' lang='lat' dir='ltr'><strong>mecum</strong></span> <span class='ocrx_word' id='word_1_14' title='bbox 594 273 613 307; x_wconf 90' lang='lat' dir='ltr'><strong>in</strong></span> <span class='ocrx_word' id='word_1_15' title='bbox 618 283 654 308; x_wconf 92' lang='lat' dir='ltr'><strong>vno</strong></span> <span class='ocrx_word' id='word_1_16' title='bbox 662 272 721 307; x_wconf 89' lang='lat' dir='ltr'><strong>loculo</strong></span> <span class='ocrx_word' id='word_1_17' title='bbox 727 273 834 317; x_wconf 83' lang='lat' dir='ltr'><strong>requiescat.</strong></span> 
     </span>
     <span class='ocr_line' id='line_1_3' title="bbox 130 324 834 366; baseline 0.004 -9"><span class='ocrx_word' id='word_1_18' title='bbox 130 325 184 366; x_wconf 80' lang='lat' dir='ltr'><strong>Quod</strong></span> <span class='ocrx_word' id='word_1_19' title='bbox 192 324 241 358; x_wconf 92' lang='lat' dir='ltr'><strong>enim</strong></span> <span class='ocrx_word' id='word_1_20' title='bbox 249 324 268 358; x_wconf 91' lang='lat' dir='ltr'><strong>in</strong></span> <span class='ocrx_word' id='word_1_21' title='bbox 276 325 365 358; x_wconf 92' lang='lat' dir='ltr'><strong>cimiterio</strong></span> <span class='ocrx_word' id='word_1_22' title='bbox 373 335 414 359; x_wconf 88' lang='lat' dir='ltr'><strong>meo</strong></span> <span class='ocrx_word' id='word_1_23' title='bbox 422 326 518 358; x_wconf 91' lang='lat' dir='ltr'><strong>humatum</strong></span> <span class='ocrx_word' id='word_1_24' title='bbox 526 326 571 359; x_wconf 90' lang='lat' dir='ltr'><strong>mihi</strong></span> <span class='ocrx_word' id='word_1_25' title='bbox 577 327 623 359; x_wconf 92' lang='lat' dir='ltr'><strong>deus</strong></span> <span class='ocrx_word' id='word_1_26' title='bbox 631 326 777 359; x_wconf 90' lang='lat' dir='ltr'><strong>commendando</strong></span> <span class='ocrx_word' id='word_1_27' title='bbox 785 327 834 361; x_wconf 88' lang='lat' dir='ltr'><strong>dele-</strong></span> 
     </span>
     <span class='ocr_line' id='line_1_4' title="bbox 130 376 835 421; baseline 0.003 -11"><span class='ocrx_word' id='word_1_28' title='bbox 130 382 187 420; x_wconf 83' lang='lat' dir='ltr'><strong>gerat,</strong></span> <span class='ocrx_word' id='word_1_29' title='bbox 196 376 276 411; x_wconf 87' lang='lat' dir='ltr'><strong>hominis</strong></span> <span class='ocrx_word' id='word_1_30' title='bbox 283 376 369 411; x_wconf 90' lang='lat' dir='ltr'><strong>violentia</strong></span> <span class='ocrx_word' id='word_1_31' title='bbox 376 386 387 409; x_wconf 89' lang='lat' dir='ltr'><strong>a</strong></span> <span class='ocrx_word' id='word_1_32' title='bbox 394 386 425 410; x_wconf 93' lang='lat' dir='ltr'><strong>me</strong></span> <span class='ocrx_word' id='word_1_33' title='bbox 433 378 515 420; x_wconf 83' lang='lat' dir='ltr'><strong>separari</strong></span> <span class='ocrx_word' id='word_1_34' title='bbox 523 388 560 411; x_wconf 91' lang='lat' dir='ltr'><strong>non</strong></span> <span class='ocrx_word' id='word_1_35' title='bbox 566 378 654 411; x_wconf 68' lang='lat' dir='ltr'><strong>debebat!</strong></span> <span class='ocrx_word' id='word_1_36' title='bbox 678 377 761 421; x_wconf 85' lang='lat' dir='ltr'><strong>Surgens</strong></span> <span class='ocrx_word' id='word_1_37' title='bbox 768 377 797 411; x_wconf 91' lang='lat' dir='ltr'><strong>vir</strong></span> <span class='ocrx_word' id='word_1_38' title='bbox 804 378 835 413; x_wconf 83' lang='lat' dir='ltr'><strong>ille</strong></span> 
     </span>
     <span class='ocr_line' id='line_1_5' title="bbox 131 429 836 475; baseline 0 -11"><span class='ocrx_word' id='word_1_39' title='bbox 131 438 149 464; x_wconf 92' lang='lat' dir='ltr'><strong>et</strong></span> <span class='ocrx_word' id='word_1_40' title='bbox 160 431 183 464; x_wconf 91' lang='lat' dir='ltr'><strong>ad</strong></span> <span class='ocrx_word' id='word_1_41' title='bbox 193 430 253 463; x_wconf 92' lang='lat' dir='ltr'><strong>locum</strong></span> <span class='ocrx_word' id='word_1_42' title='bbox 261 429 377 474; x_wconf 85' lang='lat' dir='ltr'><strong>designatum</strong></span> <span class='ocrx_word' id='word_1_43' title='bbox 387 429 504 474; x_wconf 89' lang='lat' dir='ltr'><strong>perueniens,</strong></span> <span class='ocrx_word' id='word_1_44' title='bbox 513 430 608 464; x_wconf 85' lang='lat' dir='ltr'>occasione</span> <span class='ocrx_word' id='word_1_45' title='bbox 619 429 681 463; x_wconf 90' lang='lat' dir='ltr'><strong>habita</strong></span> <span class='ocrx_word' id='word_1_46' title='bbox 690 435 744 475; x_wconf 90' lang='lat' dir='ltr'><strong>caput</strong></span> <span class='ocrx_word' id='word_1_47' title='bbox 756 430 836 466; x_wconf 84' lang='lat' dir='ltr'><strong>martiris</strong></span> 
     </span>
     <span class='ocr_line' id='line_1_6' title="bbox 113 483 835 528; baseline 0 -10"><span class='ocrx_word' id='word_1_48' title='bbox 113 484 249 528; x_wconf 89' lang='lat' dir='ltr'><strong>5amplectens,</strong></span> <span class='ocrx_word' id='word_1_49' title='bbox 257 483 324 517; x_wconf 87' lang='lat' dir='ltr'><strong>festino</strong></span> <span class='ocrx_word' id='word_1_50' title='bbox 335 493 401 527; x_wconf 82' lang='lat' dir='ltr'><strong>gressu</strong></span> <span class='ocrx_word' id='word_1_51' title='bbox 413 484 488 517; x_wconf 89' lang='lat' dir='ltr'><strong>domum</strong></span> <span class='ocrx_word' id='word_1_52' title='bbox 499 483 558 518; x_wconf 89' lang='lat' dir='ltr'><strong>rediit.</strong></span> <span class='ocrx_word' id='word_1_53' title='bbox 581 484 604 517; x_wconf 83' lang='lat' dir='ltr'><strong>Et</strong></span> <span class='ocrx_word' id='word_1_54' title='bbox 616 494 658 517; x_wconf 92' lang='lat' dir='ltr'><strong>ecce</strong></span> <span class='ocrx_word' id='word_1_55' title='bbox 670 484 728 517; x_wconf 87' lang='lat' dir='ltr'><strong>sancti</strong></span> <span class='ocrx_word' id='word_1_56' title='bbox 740 484 835 519; x_wconf 89' lang='lat' dir='ltr'><strong>Cuthberti</strong></span> 
     </span>
     <span class='ocr_line' id='line_1_7' title="bbox 131 535 836 581; baseline 0 -10"><span class='ocrx_word' id='word_1_57' title='bbox 131 536 254 580; x_wconf 84' lang='lat' dir='ltr'>sepulchrum,</span> <span class='ocrx_word' id='word_1_58' title='bbox 266 540 315 569; x_wconf 91' lang='lat' dir='ltr'><strong>motu</strong></span> <span class='ocrx_word' id='word_1_59' title='bbox 327 535 403 570; x_wconf 86' lang='lat' dir='ltr'><strong>interius</strong></span> <span class='ocrx_word' id='word_1_60' title='bbox 415 541 549 581; x_wconf 80' lang='lat' dir='ltr'><strong>perstrepente,</strong></span> <span class='ocrx_word' id='word_1_61' title='bbox 559 537 599 571; x_wconf 91' lang='lat' dir='ltr'><strong>sine</strong></span> <span class='ocrx_word' id='word_1_62' title='bbox 611 536 699 580; x_wconf 93' lang='lat' dir='ltr'><strong>cuiusque</strong></span> <span class='ocrx_word' id='word_1_63' title='bbox 711 546 776 571; x_wconf 87' lang='lat' dir='ltr'><strong>manus</strong></span> <span class='ocrx_word' id='word_1_64' title='bbox 787 541 836 573; x_wconf 89' lang='lat' dir='ltr'><strong>tactu</strong></span> 
     </span>
     <span class='ocr_line' id='line_1_8' title="bbox 131 588 836 633; baseline 0 -10"><span class='ocrx_word' id='word_1_65' title='bbox 131 590 191 623; x_wconf 89' lang='lat' dir='ltr'><strong>subito</strong></span> <span class='ocrx_word' id='word_1_66' title='bbox 204 588 271 631; x_wconf 88' lang='lat' dir='ltr'><strong>aperiri</strong></span> <span class='ocrx_word' id='word_1_67' title='bbox 282 589 360 631; x_wconf 88' lang='lat' dir='ltr'><strong>videtur,</strong></span> <span class='ocrx_word' id='word_1_68' title='bbox 372 595 390 623; x_wconf 92' lang='lat' dir='ltr'><strong>et</strong></span> <span class='ocrx_word' id='word_1_69' title='bbox 402 589 504 633; x_wconf 89' lang='lat' dir='ltr'><strong>composito</strong></span> <span class='ocrx_word' id='word_1_70' title='bbox 517 601 579 623; x_wconf 82' lang='lat' dir='ltr'><strong>serum</strong></span> <span class='ocrx_word' id='word_1_71' title='bbox 592 589 656 632; x_wconf 87' lang='lat' dir='ltr'><strong>capite,</strong></span> <span class='ocrx_word' id='word_1_72' title='bbox 668 595 770 632; x_wconf 89' lang='lat' dir='ltr'><strong>spontaneo</strong></span> <span class='ocrx_word' id='word_1_73' title='bbox 784 601 836 625; x_wconf 90' lang='lat' dir='ltr'><strong>more</strong></span> 
     </span>
     <span class='ocr_line' id='line_1_9' title="bbox 131 634 836 686; baseline 0.001 -11"><span class='ocrx_word' id='word_1_74' title='bbox 131 641 206 675; x_wconf 90' lang='lat' dir='ltr'><strong>recludi.</strong></span> <span class='ocrx_word' id='word_1_75' title='bbox 250 634 320 676; x_wconf 80' lang='lat' dir='ltr'><strong>1Circa</strong></span> <span class='ocrx_word' id='word_1_76' title='bbox 331 652 401 675; x_wconf 91' lang='lat' dir='ltr'><strong>annum</strong></span> <span class='ocrx_word' id='word_1_77' title='bbox 413 642 481 675; x_wconf 91' lang='lat' dir='ltr'><strong>domini</strong></span> <span class='ocrx_word' id='word_1_78' title='bbox 495 642 655 686; x_wconf 82' lang='lat' dir='ltr'><strong>nongentesimum</strong></span> <span class='ocrx_word' id='word_1_79' title='bbox 668 652 743 682; x_wconf 90' lang='lat' dir='ltr'><strong>nonum,</strong></span> <span class='ocrx_word' id='word_1_80' title='bbox 755 641 802 675; x_wconf 91' lang='lat' dir='ltr'><strong>sicut</strong></span> <span class='ocrx_word' id='word_1_81' title='bbox 817 642 836 676; x_wconf 92' lang='lat' dir='ltr'><strong>in</strong></span> 
     </span>
     <span class='ocr_line' id='line_1_10' title="bbox 131 694 837 740; baseline 0.001 -12"><span class='ocrx_word' id='word_1_82' title='bbox 131 694 212 729; x_wconf 90' lang='lat' dir='ltr'><strong>historiis</strong></span> <span class='ocrx_word' id='word_1_83' title='bbox 227 694 299 738; x_wconf 84' lang='lat' dir='ltr'><strong>legitur,</strong></span> <span class='ocrx_word' id='word_1_84' title='bbox 312 706 355 729; x_wconf 89' lang='lat' dir='ltr'><strong>ossa</strong></span> <span class='ocrx_word' id='word_1_85' title='bbox 370 695 429 730; x_wconf 90' lang='lat' dir='ltr'><strong>sancti</strong></span> <span class='ocrx_word' id='word_1_86' title='bbox 443 695 525 729; x_wconf 89' lang='lat' dir='ltr'><strong>Oswaldi</strong></span> <span class='ocrx_word' id='word_1_87' title='bbox 540 695 627 730; x_wconf 87' lang='lat' dir='ltr'><strong>translata</strong></span> <span class='ocrx_word' id='word_1_88' title='bbox 642 700 684 729; x_wconf 93' lang='lat' dir='ltr'><strong>sunt</strong></span> <span class='ocrx_word' id='word_1_89' title='bbox 699 696 723 729; x_wconf 92' lang='lat' dir='ltr'><strong>de</strong></span> <span class='ocrx_word' id='word_1_90' title='bbox 739 695 837 740; x_wconf 82' lang='lat' dir='ltr'><strong>Bardenay</strong></span> 
     </span>
     <span class='ocr_line' id='line_1_11' title="bbox 106 747 837 792; baseline -0.005 -6"><span class='ocrx_word' id='word_1_91' title='bbox 106 763 124 786; x_wconf 86' lang='lat'><strong>10</strong></span> <span class='ocrx_word' id='word_1_92' title='bbox 131 759 190 792; x_wconf 82' lang='lat' dir='ltr'><strong>usque</strong></span> <span class='ocrx_word' id='word_1_93' title='bbox 198 747 322 791; x_wconf 85' lang='lat' dir='ltr'><strong>Glouerniam,</strong></span> <span class='ocrx_word' id='word_1_94' title='bbox 330 759 364 792; x_wconf 87' lang='lat' dir='ltr'><strong>per</strong></span> <span class='ocrx_word' id='word_1_95' title='bbox 372 748 494 783; x_wconf 88' lang='lat' dir='ltr'><strong>Ethelredum</strong></span> <span class='ocrx_word' id='word_1_96' title='bbox 506 749 571 783; x_wconf 89' lang='lat' dir='ltr'><strong>ducem</strong></span> <span class='ocrx_word' id='word_1_97' title='bbox 580 748 698 790; x_wconf 90' lang='lat' dir='ltr'><strong>Merciorum,</strong></span> <span class='ocrx_word' id='word_1_98' title='bbox 707 748 737 783; x_wconf 90' lang='lat' dir='ltr'><strong>vbi</strong></span> <span class='ocrx_word' id='word_1_99' title='bbox 749 748 768 782; x_wconf 92' lang='lat' dir='ltr'><strong>in</strong></span> <span class='ocrx_word' id='word_1_100' title='bbox 780 748 837 783; x_wconf 89' lang='lat' dir='ltr'><strong>hono-</strong></span> 
     </span>
     <span class='ocr_line' id='line_1_12' title="bbox 132 794 837 846; baseline 0.001 -11"><span class='ocrx_word' id='word_1_101' title='bbox 132 813 172 836; x_wconf 88' lang='lat' dir='ltr'><strong>rem</strong></span> <span class='ocrx_word' id='word_1_102' title='bbox 180 801 239 836; x_wconf 91' lang='lat' dir='ltr'><strong>sancti</strong></span> <span class='ocrx_word' id='word_1_103' title='bbox 245 801 337 836; x_wconf 70' lang='lat' dir='ltr'><strong>Oswaldi²</strong></span> <span class='ocrx_word' id='word_1_104' title='bbox 345 802 477 836; x_wconf 88' lang='lat' dir='ltr'><strong>monasterium</strong></span> <span class='ocrx_word' id='word_1_105' title='bbox 485 801 642 836; x_wconf 76' lang='lat' dir='ltr'><strong>construxit—³</strong></span> <span class='ocrx_word' id='word_1_106' title='bbox 649 794 726 846; x_wconf 83' lang='lat' dir='ltr'><strong>Quanta</strong></span> <span class='ocrx_word' id='word_1_107' title='bbox 734 801 784 835; x_wconf 91' lang='lat' dir='ltr'><strong>enim</strong></span> <span class='ocrx_word' id='word_1_108' title='bbox 790 802 837 836; x_wconf 91' lang='lat' dir='ltr'><strong>fides</strong></span> 
     </span>
     <span class='ocr_line' id='line_1_13' title="bbox 133 854 837 900; baseline 0.001 -11"><span class='ocrx_word' id='word_1_109' title='bbox 133 854 216 889; x_wconf 84' lang='lat' dir='ltr'><strong>Oswaldi</strong></span> <span class='ocrx_word' id='word_1_110' title='bbox 231 854 250 888; x_wconf 94' lang='lat' dir='ltr'><strong>in</strong></span> <span class='ocrx_word' id='word_1_111' title='bbox 262 856 317 889; x_wconf 91' lang='lat' dir='ltr'><strong>deum</strong></span> <span class='ocrx_word' id='word_1_112' title='bbox 330 854 389 896; x_wconf 84' lang='lat' dir='ltr'><strong>suerit,</strong></span> <span class='ocrx_word' id='word_1_113' title='bbox 403 866 439 900; x_wconf 89' lang='lat' dir='ltr'><strong>que</strong></span> <span class='ocrx_word' id='word_1_114' title='bbox 454 854 521 889; x_wconf 89' lang='lat' dir='ltr'><strong>mentis</strong></span> <span class='ocrx_word' id='word_1_115' title='bbox 537 854 615 897; x_wconf 87' lang='lat' dir='ltr'><strong>deuotio,</strong></span> <span class='ocrx_word' id='word_1_116' title='bbox 629 854 684 889; x_wconf 89' lang='lat' dir='ltr'><strong>etiam</strong></span> <span class='ocrx_word' id='word_1_117' title='bbox 699 860 742 899; x_wconf 92' lang='lat' dir='ltr'><strong>post</strong></span> <span class='ocrx_word' id='word_1_118' title='bbox 759 859 837 890; x_wconf 89' lang='lat' dir='ltr'><strong>mortem</strong></span> 
     </span>
     <span class='ocr_line' id='line_1_14' title="bbox 132 907 838 951; baseline 0 -9"><span class='ocrx_word' id='word_1_119' title='bbox 132 908 221 942; x_wconf 88' lang='lat' dir='ltr'><strong>virtutum</strong></span> <span class='ocrx_word' id='word_1_120' title='bbox 234 907 326 941; x_wconf 83' lang='lat' dir='ltr'><strong>miraculis</strong></span> <span class='ocrx_word' id='word_1_121' title='bbox 338 907 408 942; x_wconf 88' lang='lat' dir='ltr'><strong>claruit.</strong></span> <span class='ocrx_word' id='word_1_122' title='bbox 432 908 479 941; x_wconf 89' lang='lat' dir='ltr'><strong>Nam</strong></span> <span class='ocrx_word' id='word_1_123' title='bbox 490 907 509 940; x_wconf 90' lang='lat' dir='ltr'><strong>in</strong></span> <span class='ocrx_word' id='word_1_124' title='bbox 521 908 561 941; x_wconf 92' lang='lat' dir='ltr'><strong>loco</strong></span> <span class='ocrx_word' id='word_1_125' title='bbox 568 908 599 942; x_wconf 92' lang='lat' dir='ltr'><strong>vbi</strong></span> <span class='ocrx_word' id='word_1_126' title='bbox 611 918 644 951; x_wconf 90' lang='lat' dir='ltr'><strong>pro</strong></span> <span class='ocrx_word' id='word_1_127' title='bbox 656 908 715 950; x_wconf 89' lang='lat' dir='ltr'><strong>patria</strong></span> <span class='ocrx_word' id='word_1_128' title='bbox 727 907 816 940; x_wconf 89' lang='lat' dir='ltr'><strong>dimicans</strong></span> <span class='ocrx_word' id='word_1_129' title='bbox 827 919 838 942; x_wconf 88' lang='lat' dir='ltr'><strong>a</strong></span> 
     </span>
     <span class='ocr_line' id='line_1_15' title="bbox 133 959 839 1004; baseline 0 -11"><span class='ocrx_word' id='word_1_130' title='bbox 133 961 210 1004; x_wconf 82' lang='lat' dir='ltr'><strong>paganis</strong></span> <span class='ocrx_word' id='word_1_131' title='bbox 221 959 328 993; x_wconf 88' lang='lat' dir='ltr'><strong>interfectus</strong></span> <span class='ocrx_word' id='word_1_132' title='bbox 340 964 373 1001; x_wconf 92' lang='lat' dir='ltr'><strong>est,</strong></span> <span class='ocrx_word' id='word_1_133' title='bbox 385 970 444 1004; x_wconf 89' lang='lat' dir='ltr'><strong>vsque</strong></span> <span class='ocrx_word' id='word_1_134' title='bbox 455 959 509 993; x_wconf 90' lang='lat' dir='ltr'><strong>hodie</strong></span> <span class='ocrx_word' id='word_1_135' title='bbox 521 961 608 993; x_wconf 85' lang='lat' dir='ltr'><strong>sanitates</strong></span> <span class='ocrx_word' id='word_1_136' title='bbox 622 960 738 993; x_wconf 85' lang='lat' dir='ltr'><strong>infirmorum</strong></span> <span class='ocrx_word' id='word_1_137' title='bbox 750 960 839 994; x_wconf 87' lang='lat' dir='ltr'><strong>celebrari</strong></span> 
     </span>
     <span class='ocr_line' id='line_1_16' title="bbox 107 1011 838 1052; baseline 0.001 -6"><span class='ocrx_word' id='word_1_138' title='bbox 107 1023 124 1052; x_wconf 80' lang='lat'><strong>15</strong></span> <span class='ocrx_word' id='word_1_139' title='bbox 134 1024 171 1046; x_wconf 88' lang='lat' dir='ltr'><strong>non</strong></span> <span class='ocrx_word' id='word_1_140' title='bbox 186 1011 278 1047; x_wconf 88' lang='lat' dir='ltr'><strong>desinunt.</strong></span> <span class='ocrx_word' id='word_1_141' title='bbox 301 1012 340 1046; x_wconf 93' lang='lat' dir='ltr'><strong>Nec</strong></span> <span class='ocrx_word' id='word_1_142' title='bbox 356 1011 460 1046; x_wconf 86' lang='lat' dir='ltr'><strong>mirandum</strong></span> <span class='ocrx_word' id='word_1_143' title='bbox 475 1018 505 1046; x_wconf 87' lang='lat' dir='ltr'><strong>est</strong></span> <span class='ocrx_word' id='word_1_144' title='bbox 520 1011 539 1045; x_wconf 93' lang='lat' dir='ltr'><strong>in</strong></span> <span class='ocrx_word' id='word_1_145' title='bbox 555 1013 594 1046; x_wconf 89' lang='lat' dir='ltr'><strong>loco</strong></span> <span class='ocrx_word' id='word_1_146' title='bbox 610 1011 673 1045; x_wconf 89' lang='lat' dir='ltr'><strong>mortis</strong></span> <span class='ocrx_word' id='word_1_147' title='bbox 691 1012 740 1046; x_wconf 90' lang='lat' dir='ltr'><strong>illius</strong></span> <span class='ocrx_word' id='word_1_148' title='bbox 755 1012 838 1047; x_wconf 90' lang='lat' dir='ltr'><strong>infirmos</strong></span> 
     </span>
     <span class='ocr_line' id='line_1_17' title="bbox 133 1063 838 1109; baseline 0.001 -11"><span class='ocrx_word' id='word_1_149' title='bbox 133 1065 199 1106; x_wconf 86' lang='lat' dir='ltr'><strong>sanari,</strong></span> <span class='ocrx_word' id='word_1_150' title='bbox 211 1063 242 1108; x_wconf 89' lang='lat' dir='ltr'><strong>qui</strong></span> <span class='ocrx_word' id='word_1_151' title='bbox 257 1075 337 1109; x_wconf 85' lang='lat' dir='ltr'><strong>semper,</strong></span> <span class='ocrx_word' id='word_1_152' title='bbox 350 1064 393 1098; x_wconf 92' lang='lat' dir='ltr'><strong>dum</strong></span> <span class='ocrx_word' id='word_1_153' title='bbox 404 1065 480 1107; x_wconf 91' lang='lat' dir='ltr'><strong>viueret,</strong></span> <span class='ocrx_word' id='word_1_154' title='bbox 492 1064 571 1099; x_wconf 89' lang='lat' dir='ltr'><strong>infirmis</strong></span> <span class='ocrx_word' id='word_1_155' title='bbox 583 1070 601 1099; x_wconf 91' lang='lat' dir='ltr'><strong>et</strong></span> <span class='ocrx_word' id='word_1_156' title='bbox 612 1065 724 1108; x_wconf 88' lang='lat' dir='ltr'><strong>pauperibus</strong></span> <span class='ocrx_word' id='word_1_157' title='bbox 736 1064 838 1108; x_wconf 89' lang='lat' dir='ltr'><strong>consulere,</strong></span> 
     </span>
     <span class='ocr_line' id='line_1_18' title="bbox 133 1110 838 1162; baseline 0.003 -10"><span class='ocrx_word' id='word_1_158' title='bbox 133 1117 243 1152; x_wconf 83' lang='lat' dir='ltr'><strong>elemosinas</strong></span> <span class='ocrx_word' id='word_1_159' title='bbox 259 1119 308 1159; x_wconf 87' lang='lat' dir='ltr'><strong>dare,</strong></span> <span class='ocrx_word' id='word_1_160' title='bbox 324 1128 379 1162; x_wconf 92' lang='lat' dir='ltr'><strong>opem</strong></span> <span class='ocrx_word' id='word_1_161' title='bbox 395 1118 443 1153; x_wconf 88' lang='lat' dir='ltr'><strong>ferre</strong></span> <span class='ocrx_word' id='word_1_162' title='bbox 458 1129 495 1152; x_wconf 91' lang='lat' dir='ltr'><strong>non</strong></span> <span class='ocrx_word' id='word_1_163' title='bbox 510 1119 599 1153; x_wconf 85' lang='lat' dir='ltr'><strong>cessabat.</strong></span> <span class='ocrx_word' id='word_1_164' title='bbox 652 1110 675 1152; x_wconf 89' lang='lat' dir='ltr'><strong>ln</strong></span> <span class='ocrx_word' id='word_1_165' title='bbox 690 1119 730 1152; x_wconf 90' lang='lat' dir='ltr'><strong>loco</strong></span> <span class='ocrx_word' id='word_1_166' title='bbox 748 1118 838 1162; x_wconf 88' lang='lat' dir='ltr'><strong>siquidem</strong></span> 
     </span>
     <span class='ocr_line' id='line_1_19' title="bbox 133 1171 839 1214; baseline -0.001 -9"><span class='ocrx_word' id='word_1_167' title='bbox 133 1171 209 1205; x_wconf 89' lang='lat' dir='ltr'><strong>martirii</strong></span> <span class='ocrx_word' id='word_1_168' title='bbox 217 1171 257 1205; x_wconf 89' lang='lat' dir='ltr'><strong>eius</strong></span> <span class='ocrx_word' id='word_1_169' title='bbox 265 1171 358 1214; x_wconf 89' lang='lat' dir='ltr'><strong>paralitica</strong></span> <span class='ocrx_word' id='word_1_170' title='bbox 365 1173 444 1214; x_wconf 88' lang='lat' dir='ltr'><strong>quedam</strong></span> <span class='ocrx_word' id='word_1_171' title='bbox 452 1176 531 1205; x_wconf 84' lang='lat' dir='ltr'><strong>curatur.</strong></span> <span class='ocrx_word' id='word_1_172' title='bbox 555 1171 617 1205; x_wconf 90' lang='lat' dir='ltr'><strong>Puluis</strong></span> <span class='ocrx_word' id='word_1_173' title='bbox 628 1172 651 1204; x_wconf 87' lang='lat' dir='ltr'><strong>de</strong></span> <span class='ocrx_word' id='word_1_174' title='bbox 662 1171 701 1205; x_wconf 89' lang='lat' dir='ltr'><strong>loco</strong></span> <span class='ocrx_word' id='word_1_175' title='bbox 712 1171 788 1204; x_wconf 90' lang='lat' dir='ltr'><strong>martirii</strong></span> <span class='ocrx_word' id='word_1_176' title='bbox 799 1171 839 1205; x_wconf 92' lang='lat' dir='ltr'><strong>eius</strong></span> 
     </span>
     <span class='ocr_line' id='line_1_20' title="bbox 133 1223 839 1267; baseline 0.001 -10"><span class='ocrx_word' id='word_1_177' title='bbox 133 1224 153 1257; x_wconf 91' lang='lat' dir='ltr'><strong>in</strong></span> <span class='ocrx_word' id='word_1_178' title='bbox 164 1223 229 1266; x_wconf 84' lang='lat' dir='ltr'><strong>poste⁴</strong></span> <span class='ocrx_word' id='word_1_179' title='bbox 241 1224 335 1256; x_wconf 89' lang='lat' dir='ltr'><strong>cuiusdam</strong></span> <span class='ocrx_word' id='word_1_180' title='bbox 348 1224 413 1257; x_wconf 90' lang='lat' dir='ltr'><strong>domus</strong></span> <span class='ocrx_word' id='word_1_181' title='bbox 427 1235 515 1266; x_wconf 87' lang='lat' dir='ltr'><strong>appensa,</strong></span> <span class='ocrx_word' id='word_1_182' title='bbox 528 1224 639 1266; x_wconf 84' lang='lat' dir='ltr'><strong>conflagrata</strong></span> <span class='ocrx_word' id='word_1_183' title='bbox 650 1229 687 1258; x_wconf 87' lang='lat' dir='ltr'><strong>tota</strong></span> <span class='ocrx_word' id='word_1_184' title='bbox 699 1225 759 1265; x_wconf 93' lang='lat' dir='ltr'><strong>domo,</strong></span> <span class='ocrx_word' id='word_1_185' title='bbox 770 1224 839 1267; x_wconf 84' lang='lat' dir='ltr'><strong>postis⁴</strong></span> 
     </span>
     <span class='ocr_line' id='line_1_21' title="bbox 108 1268 839 1320; baseline 0 -10"><span class='ocrx_word' id='word_1_186' title='bbox 108 1290 127 1311; x_wconf 86' lang='lat'><strong>20</strong></span> <span class='ocrx_word' id='word_1_187' title='bbox 135 1276 250 1310; x_wconf 89' lang='lat' dir='ltr'><strong>solummodo</strong></span> <span class='ocrx_word' id='word_1_188' title='bbox 265 1276 284 1309; x_wconf 92' lang='lat' dir='ltr'><strong>in</strong></span> <span class='ocrx_word' id='word_1_189' title='bbox 300 1286 336 1319; x_wconf 90' lang='lat' dir='ltr'><strong>qua</strong></span> <span class='ocrx_word' id='word_1_190' title='bbox 352 1275 413 1319; x_wconf 89' lang='lat' dir='ltr'><strong>puluis</strong></span> <span class='ocrx_word' id='word_1_191' title='bbox 432 1276 525 1319; x_wconf 87' lang='lat' dir='ltr'><strong>pendebat</strong></span> <span class='ocrx_word' id='word_1_192' title='bbox 544 1276 611 1309; x_wconf 88' lang='lat' dir='ltr'><strong>intacta</strong></span> <span class='ocrx_word' id='word_1_193' title='bbox 629 1276 736 1320; x_wconf 89' lang='lat' dir='ltr'><strong>permansit.</strong></span> <span class='ocrx_word' id='word_1_194' title='bbox 789 1268 839 1310; x_wconf 84' lang='lat' dir='ltr'><strong>Cum</strong></span> 
     </span>
     <span class='ocr_line' id='line_1_22' title="bbox 134 1328 840 1373; baseline 0.001 -10"><span class='ocrx_word' id='word_1_195' title='bbox 134 1330 208 1373; x_wconf 89' lang='lat' dir='ltr'><strong>quidam</strong></span> <span class='ocrx_word' id='word_1_196' title='bbox 217 1330 240 1361; x_wconf 89' lang='lat' dir='ltr'><strong>ab</strong></span> <span class='ocrx_word' id='word_1_197' title='bbox 247 1328 343 1362; x_wconf 90' lang='lat' dir='ltr'><strong>immundo</strong></span> <span class='ocrx_word' id='word_1_198' title='bbox 351 1329 416 1372; x_wconf 87' lang='lat' dir='ltr'><strong>spiritu</strong></span> <span class='ocrx_word' id='word_1_199' title='bbox 424 1328 506 1373; x_wconf 85' lang='lat' dir='ltr'><strong>grauiter</strong></span> <span class='ocrx_word' id='word_1_200' title='bbox 513 1335 616 1371; x_wconf 81' lang='lat' dir='ltr'><strong>vexaretur,</strong></span> <span class='ocrx_word' id='word_1_201' title='bbox 624 1329 678 1363; x_wconf 88' lang='lat' dir='ltr'><strong>allata</strong></span> <span class='ocrx_word' id='word_1_202' title='bbox 686 1336 715 1364; x_wconf 90' lang='lat' dir='ltr'><strong>est</strong></span> <span class='ocrx_word' id='word_1_203' title='bbox 722 1340 770 1373; x_wconf 89' lang='lat' dir='ltr'><strong>aqua</strong></span> <span class='ocrx_word' id='word_1_204' title='bbox 777 1328 796 1362; x_wconf 88' lang='lat' dir='ltr'><strong>in</strong></span> <span class='ocrx_word' id='word_1_205' title='bbox 805 1340 840 1373; x_wconf 89' lang='lat' dir='ltr'><strong>qua</strong></span> 
     </span>
     <span class='ocr_line' id='line_1_23' title="bbox 135 1382 839 1425; baseline -0.004 -7"><span class='ocrx_word' id='word_1_206' title='bbox 135 1394 178 1417; x_wconf 89' lang='lat' dir='ltr'><strong>ossa</strong></span> <span class='ocrx_word' id='word_1_207' title='bbox 185 1382 243 1417; x_wconf 87' lang='lat' dir='ltr'><strong>sancti</strong></span> <span class='ocrx_word' id='word_1_208' title='bbox 252 1382 331 1416; x_wconf 89' lang='lat' dir='ltr'><strong>martiris</strong></span> <span class='ocrx_word' id='word_1_209' title='bbox 339 1382 411 1416; x_wconf 91' lang='lat' dir='ltr'><strong>suerant</strong></span> <span class='ocrx_word' id='word_1_210' title='bbox 419 1383 465 1417; x_wconf 89' lang='lat' dir='ltr'><strong>lota:</strong></span> <span class='ocrx_word' id='word_1_211' title='bbox 478 1388 496 1416; x_wconf 88' lang='lat' dir='ltr'><strong>et</strong></span> <span class='ocrx_word' id='word_1_212' title='bbox 504 1393 546 1417; x_wconf 88' lang='lat' dir='ltr'><strong>ecce</strong></span> <span class='ocrx_word' id='word_1_213' title='bbox 554 1382 672 1416; x_wconf 89' lang='lat' dir='ltr'><strong>demoniacus</strong></span> <span class='ocrx_word' id='word_1_214' title='bbox 680 1382 740 1417; x_wconf 88' lang='lat' dir='ltr'><strong>subito</strong></span> <span class='ocrx_word' id='word_1_215' title='bbox 748 1382 839 1425; x_wconf 84' lang='lat' dir='ltr'><strong>conticuit,</strong></span> 
     </span>
     <span class='ocr_line' id='line_1_24' title="bbox 135 1434 840 1479; baseline -0.001 -9"><span class='ocrx_word' id='word_1_216' title='bbox 135 1441 154 1470; x_wconf 84' lang='lat' dir='ltr'><strong>et</strong></span> <span class='ocrx_word' id='word_1_217' title='bbox 167 1434 219 1479; x_wconf 88' lang='lat' dir='ltr'><strong>quasi</strong></span> <span class='ocrx_word' id='word_1_218' title='bbox 233 1434 252 1468; x_wconf 91' lang='lat' dir='ltr'><strong>in</strong></span> <span class='ocrx_word' id='word_1_219' title='bbox 264 1446 363 1479; x_wconf 90' lang='lat' dir='ltr'><strong>sompnum</strong></span> <span class='ocrx_word' id='word_1_220' title='bbox 376 1435 448 1469; x_wconf 81' lang='lat' dir='ltr'><strong>laxatus</strong></span> <span class='ocrx_word' id='word_1_221' title='bbox 461 1440 515 1479; x_wconf 90' lang='lat' dir='ltr'><strong>caput</strong></span> <span class='ocrx_word' id='word_1_222' title='bbox 527 1440 545 1469; x_wconf 93' lang='lat' dir='ltr'><strong>et</strong></span> <span class='ocrx_word' id='word_1_223' title='bbox 557 1441 618 1469; x_wconf 90' lang='lat' dir='ltr'><strong>cetera</strong></span> <span class='ocrx_word' id='word_1_224' title='bbox 629 1436 712 1469; x_wconf 90' lang='lat' dir='ltr'><strong>membra</strong></span> <span class='ocrx_word' id='word_1_225' title='bbox 725 1436 744 1469; x_wconf 92' lang='lat' dir='ltr'><strong>in</strong></span> <span class='ocrx_word' id='word_1_226' title='bbox 760 1436 840 1479; x_wconf 90' lang='lat' dir='ltr'><strong>quietem</strong></span> 
     </span>
     <span class='ocr_line' id='line_1_25' title="bbox 136 1487 841 1532; baseline 0 -10"><span class='ocrx_word' id='word_1_227' title='bbox 136 1487 244 1532; x_wconf 85' lang='lat' dir='ltr'><strong>composuit.</strong></span> <span class='ocrx_word' id='word_1_228' title='bbox 267 1488 291 1521; x_wconf 88' lang='lat' dir='ltr'><strong>Et</strong></span> <span class='ocrx_word' id='word_1_229' title='bbox 302 1493 344 1531; x_wconf 88' lang='lat' dir='ltr'><strong>post</strong></span> <span class='ocrx_word' id='word_1_230' title='bbox 356 1487 486 1531; x_wconf 87' lang='lat' dir='ltr'><strong>aliquantulum</strong></span> <span class='ocrx_word' id='word_1_231' title='bbox 498 1488 543 1521; x_wconf 91' lang='lat' dir='ltr'><strong>hore</strong></span> <span class='ocrx_word' id='word_1_232' title='bbox 555 1487 636 1531; x_wconf 88' lang='lat' dir='ltr'><strong>spacium</strong></span> <span class='ocrx_word' id='word_1_233' title='bbox 649 1488 722 1529; x_wconf 85' lang='lat' dir='ltr'><strong>resedit,</strong></span> <span class='ocrx_word' id='word_1_234' title='bbox 730 1493 748 1521; x_wconf 92' lang='lat' dir='ltr'><strong>et</strong></span> <span class='ocrx_word' id='word_1_235' title='bbox 760 1488 841 1532; x_wconf 84' lang='lat' dir='ltr'><strong>grauiter</strong></span> 
     </span>
     <span class='ocr_line' id='line_1_26' title="bbox 110 1540 841 1586; baseline -0.005 -7"><span class='ocrx_word' id='word_1_236' title='bbox 110 1555 128 1586; x_wconf 87' lang='lat'><strong>²5</strong></span> <span class='ocrx_word' id='word_1_237' title='bbox 137 1541 233 1585; x_wconf 83' lang='lat' dir='ltr'><strong>suspirans</strong></span> <span class='ocrx_word' id='word_1_238' title='bbox 244 1540 280 1576; x_wconf 89' lang='lat' dir='ltr'><strong>ait:</strong></span> <span class='ocrx_word' id='word_1_239' title='bbox 293 1541 347 1574; x_wconf 86' lang='lat' dir='ltr'><strong>‘Mox</strong></span> <span class='ocrx_word' id='word_1_240' title='bbox 358 1540 391 1584; x_wconf 89' lang='lat' dir='ltr'><strong>[vt]</strong></span> <span class='ocrx_word' id='word_1_241' title='bbox 399 1540 462 1585; x_wconf 83' lang='lat' dir='ltr'><strong>virgo⁶</strong></span> <span class='ocrx_word' id='word_1_242' title='bbox 473 1551 514 1575; x_wconf 92' lang='lat' dir='ltr'><strong>cum</strong></span> <span class='ocrx_word' id='word_1_243' title='bbox 523 1541 602 1585; x_wconf 87' lang='lat' dir='ltr'><strong>capsella</strong></span> <span class='ocrx_word' id='word_1_244' title='bbox 610 1540 655 1574; x_wconf 87' lang='lat' dir='ltr'><strong>atrio</strong></span> <span class='ocrx_word' id='word_1_245' title='bbox 665 1541 730 1575; x_wconf 90' lang='lat' dir='ltr'><strong>domus</strong></span> <span class='ocrx_word' id='word_1_246' title='bbox 741 1540 841 1585; x_wconf 91' lang='lat' dir='ltr'><strong>appropin-</strong></span> 
     </span>
     <span class='ocr_line' id='line_1_27' title="bbox 137 1593 841 1639; baseline 0.001 -11"><span class='ocrx_word' id='word_1_247' title='bbox 137 1594 204 1639; x_wconf 86' lang='lat' dir='ltr'><strong>quauit,</strong></span> <span class='ocrx_word' id='word_1_248' title='bbox 213 1598 330 1628; x_wconf 89' lang='lat' dir='ltr'><strong>recesserunt</strong></span> <span class='ocrx_word' id='word_1_249' title='bbox 338 1604 403 1628; x_wconf 89' lang='lat' dir='ltr'><strong>omnes</strong></span> <span class='ocrx_word' id='word_1_250' title='bbox 411 1593 442 1638; x_wconf 91' lang='lat' dir='ltr'><strong>qui</strong></span> <span class='ocrx_word' id='word_1_251' title='bbox 451 1604 480 1628; x_wconf 88' lang='lat' dir='ltr'><strong>me</strong></span> <span class='ocrx_word' id='word_1_252' title='bbox 488 1594 596 1638; x_wconf 89' lang='lat' dir='ltr'><strong>premebant</strong></span> <span class='ocrx_word' id='word_1_253' title='bbox 604 1593 679 1638; x_wconf 89' lang='lat' dir='ltr'><strong>spiritus</strong></span> <span class='ocrx_word' id='word_1_254' title='bbox 687 1593 778 1638; x_wconf 63' lang='lat' dir='ltr'><strong>malignit</strong></span> <span class='ocrx_word' id='word_1_255' title='bbox 786 1599 804 1629; x_wconf 90' lang='lat' dir='ltr'><strong>et</strong></span> <span class='ocrx_word' id='word_1_256' title='bbox 811 1604 841 1629; x_wconf 90' lang='lat' dir='ltr'><strong>me</strong></span> 
     </span>
     <span class='ocr_line' id='line_1_28' title="bbox 136 1640 841 1690; baseline 0 -9"><span class='ocrx_word' id='word_1_257' title='bbox 136 1648 199 1682; x_wconf 89' lang='lat' dir='ltr'><strong>relicto</strong></span> <span class='ocrx_word' id='word_1_258' title='bbox 208 1656 298 1690; x_wconf 80' lang='lat' dir='ltr'><strong>nusquam</strong></span> <span class='ocrx_word' id='word_1_259' title='bbox 307 1648 458 1690; x_wconf 66' lang='lat' dir='ltr'><strong>comparuerunt?</strong></span> <span class='ocrx_word' id='word_1_260' title='bbox 505 1640 576 1681; x_wconf 84' lang='lat' dir='ltr'><strong>Ferunt</strong></span> <span class='ocrx_word' id='word_1_261' title='bbox 587 1647 636 1681; x_wconf 92' lang='lat' dir='ltr'><strong>enim</strong></span> <span class='ocrx_word' id='word_1_262' title='bbox 646 1647 670 1680; x_wconf 87' lang='lat' dir='ltr'><strong>de</strong></span> <span class='ocrx_word' id='word_1_263' title='bbox 681 1653 745 1681; x_wconf 91' lang='lat' dir='ltr'><strong>sancto</strong></span> <span class='ocrx_word' id='word_1_264' title='bbox 754 1647 841 1681; x_wconf 90' lang='lat' dir='ltr'><strong>Oswaldo</strong></span> 
     </span>
     <span class='ocr_line' id='line_1_29' title="bbox 137 1699 841 1744; baseline 0.001 -11"><span class='ocrx_word' id='word_1_265' title='bbox 137 1700 179 1744; x_wconf 89' lang='lat' dir='ltr'><strong>quia</strong></span> <span class='ocrx_word' id='word_1_266' title='bbox 191 1705 293 1743; x_wconf 85' lang='lat' dir='ltr'><strong>atempore</strong></span> <span class='ocrx_word' id='word_1_267' title='bbox 303 1699 391 1733; x_wconf 83' lang='lat' dir='ltr'><strong>matutine</strong></span> <span class='ocrx_word' id='word_1_268' title='bbox 402 1699 460 1733; x_wconf 89' lang='lat' dir='ltr'><strong>laudis</strong></span> <span class='ocrx_word' id='word_1_269' title='bbox 471 1699 533 1743; x_wconf 87' lang='lat' dir='ltr'><strong>sepius</strong></span> <span class='ocrx_word' id='word_1_270' title='bbox 544 1700 567 1734; x_wconf 92' lang='lat' dir='ltr'><strong>ad</strong></span> <span class='ocrx_word' id='word_1_271' title='bbox 575 1700 623 1734; x_wconf 90' lang='lat' dir='ltr'><strong>diem</strong></span> <span class='ocrx_word' id='word_1_272' title='bbox 631 1710 689 1743; x_wconf 81' lang='lat' dir='ltr'><strong>usque</strong></span> <span class='ocrx_word' id='word_1_273' title='bbox 699 1700 719 1734; x_wconf 92' lang='lat' dir='ltr'><strong>in</strong></span> <span class='ocrx_word' id='word_1_274' title='bbox 729 1700 841 1734; x_wconf 92' lang='lat' dir='ltr'><strong>orationibus</strong></span> 
     </span>
     <span class='ocr_line' id='line_1_30' title="bbox 137 1752 842 1796; baseline 0 -10"><span class='ocrx_word' id='word_1_275' title='bbox 137 1752 243 1796; x_wconf 86' lang='lat' dir='ltr'><strong>perstiterit,</strong></span> <span class='ocrx_word' id='word_1_276' title='bbox 259 1757 314 1794; x_wconf 88' lang='lat' dir='ltr'><strong>atque</strong></span> <span class='ocrx_word' id='word_1_277' title='bbox 329 1753 352 1785; x_wconf 94' lang='lat' dir='ltr'><strong>ob</strong></span> <span class='ocrx_word' id='word_1_278' title='bbox 368 1753 452 1785; x_wconf 85' lang='lat' dir='ltr'><strong>crebrum</strong></span> <span class='ocrx_word' id='word_1_279' title='bbox 468 1762 538 1785; x_wconf 90' lang='lat' dir='ltr'><strong>morem</strong></span> <span class='ocrx_word' id='word_1_280' title='bbox 553 1752 616 1785; x_wconf 89' lang='lat' dir='ltr'><strong>orandi</strong></span> <span class='ocrx_word' id='word_1_281' title='bbox 632 1752 672 1786; x_wconf 88' lang='lat' dir='ltr'><strong>siue</strong></span> <span class='ocrx_word' id='word_1_282' title='bbox 687 1752 754 1796; x_wconf 85' lang='lat' dir='ltr'><strong>gratias</strong></span> <span class='ocrx_word' id='word_1_283' title='bbox 767 1752 842 1786; x_wconf 84' lang='lat' dir='ltr'><strong>domino</strong></span> 
     </span>
     <span class='ocr_line' id='line_1_31' title="bbox 111 1803 842 1849; baseline -0.003 -10"><span class='ocrx_word' id='word_1_284' title='bbox 111 1819 130 1849; x_wconf 80' lang='lat'><strong>30</strong></span> <span class='ocrx_word' id='word_1_285' title='bbox 138 1804 209 1849; x_wconf 85' lang='lat' dir='ltr'><strong>agendi,</strong></span> <span class='ocrx_word' id='word_1_286' title='bbox 216 1814 291 1848; x_wconf 89' lang='lat' dir='ltr'><strong>semper</strong></span> <span class='ocrx_word' id='word_1_287' title='bbox 297 1803 407 1847; x_wconf 85' lang='lat' dir='ltr'><strong>ubicumque</strong></span> <span class='ocrx_word' id='word_1_288' title='bbox 415 1805 483 1838; x_wconf 87' lang='lat' dir='ltr'><strong>sedens</strong></span> <span class='ocrx_word' id='word_1_289' title='bbox 492 1803 594 1847; x_wconf 89' lang='lat' dir='ltr'><strong>[supinas]⁷</strong></span> <span class='ocrx_word' id='word_1_290' title='bbox 603 1815 660 1848; x_wconf 87' lang='lat' dir='ltr'><strong>super</strong></span> <span class='ocrx_word' id='word_1_291' title='bbox 667 1816 727 1848; x_wconf 89' lang='lat' dir='ltr'><strong>genua</strong></span> <span class='ocrx_word' id='word_1_292' title='bbox 735 1815 768 1838; x_wconf 92' lang='lat' dir='ltr'><strong>sua</strong></span> <span class='ocrx_word' id='word_1_293' title='bbox 776 1814 842 1838; x_wconf 90' lang='lat' dir='ltr'><strong>manus</strong></span> 
     </span>
     <span class='ocr_line' id='line_1_32' title="bbox 138 1857 842 1902; baseline -0.001 -9"><span class='ocrx_word' id='word_1_294' title='bbox 138 1859 206 1893; x_wconf 89' lang='lat' dir='ltr'><strong>habere</strong></span> <span class='ocrx_word' id='word_1_295' title='bbox 221 1857 286 1892; x_wconf 92' lang='lat' dir='ltr'><strong>solitus</strong></span> <span class='ocrx_word' id='word_1_296' title='bbox 303 1857 331 1891; x_wconf 86' lang='lat' dir='ltr'><strong>sit.</strong></span> <span class='ocrx_word' id='word_1_297' title='bbox 353 1857 452 1901; x_wconf 81' lang='lat' dir='ltr'><strong>Vulgatum</strong></span> <span class='ocrx_word' id='word_1_298' title='bbox 467 1862 495 1891; x_wconf 93' lang='lat' dir='ltr'><strong>est</strong></span> <span class='ocrx_word' id='word_1_299' title='bbox 514 1863 574 1892; x_wconf 90' lang='lat' dir='ltr'><strong>autem</strong></span> <span class='ocrx_word' id='word_1_300' title='bbox 590 1859 638 1902; x_wconf 90' lang='lat' dir='ltr'><strong>quod</strong></span> <span class='ocrx_word' id='word_1_301' title='bbox 653 1858 708 1892; x_wconf 86' lang='lat' dir='ltr'><strong>etiam</strong></span> <span class='ocrx_word' id='word_1_302' title='bbox 723 1859 772 1892; x_wconf 94' lang='lat' dir='ltr'><strong>inter</strong></span> <span class='ocrx_word' id='word_1_303' title='bbox 786 1858 842 1892; x_wconf 88' lang='lat' dir='ltr'><strong>verba</strong></span> 
     </span>
     <span class='ocr_line' id='line_1_33' title="bbox 137 1909 842 1955; baseline -0.001 -10"><span class='ocrx_word' id='word_1_304' title='bbox 137 1909 225 1945; x_wconf 86' lang='lat' dir='ltr'><strong>orationis</strong></span> <span class='ocrx_word' id='word_1_305' title='bbox 233 1909 289 1944; x_wconf 91' lang='lat' dir='ltr'><strong>vitam</strong></span> <span class='ocrx_word' id='word_1_306' title='bbox 301 1909 379 1944; x_wconf 85' lang='lat' dir='ltr'><strong>finierit:</strong></span> <span class='ocrx_word' id='word_1_307' title='bbox 392 1910 440 1944; x_wconf 89' lang='lat' dir='ltr'><strong>Nam</strong></span> <span class='ocrx_word' id='word_1_308' title='bbox 451 1921 493 1944; x_wconf 91' lang='lat' dir='ltr'><strong>cum</strong></span> <span class='ocrx_word' id='word_1_309' title='bbox 504 1910 587 1944; x_wconf 85' lang='lat' dir='ltr'><strong>hostibus</strong></span> <span class='ocrx_word' id='word_1_310' title='bbox 599 1912 731 1955; x_wconf 86' lang='lat' dir='ltr'><strong>circumseptus</strong></span> <span class='ocrx_word' id='word_1_311' title='bbox 739 1911 810 1945; x_wconf 84' lang='lat' dir='ltr'><strong>videret</strong></span> <span class='ocrx_word' id='word_1_312' title='bbox 821 1921 842 1944; x_wconf 88' lang='lat' dir='ltr'><strong>se</strong></span> 
     </span>
     <span class='ocr_line' id='line_1_34' title="bbox 138 1962 842 2009; baseline -0.003 -10"><span class='ocrx_word' id='word_1_313' title='bbox 138 1964 272 2009; x_wconf 88' lang='lat' dir='ltr'><strong>perimendum,</strong></span> <span class='ocrx_word' id='word_1_314' title='bbox 286 1963 344 1998; x_wconf 86' lang='lat' dir='ltr'><strong>orauit</strong></span> <span class='ocrx_word' id='word_1_315' title='bbox 359 1974 393 2007; x_wconf 91' lang='lat' dir='ltr'><strong>pro</strong></span> <span class='ocrx_word' id='word_1_316' title='bbox 406 1962 502 1998; x_wconf 87' lang='lat' dir='ltr'><strong>animabus</strong></span> <span class='ocrx_word' id='word_1_317' title='bbox 515 1963 606 1998; x_wconf 83' lang='lat' dir='ltr'><strong>exercitus</strong></span> <span class='ocrx_word' id='word_1_318' title='bbox 621 1963 655 1998; x_wconf 89' lang='lat' dir='ltr'><strong>sui.</strong></span> <span class='ocrx_word' id='word_1_319' title='bbox 677 1963 732 1999; x_wconf 87' lang='lat' dir='ltr'><strong>Vnde</strong></span> <span class='ocrx_word' id='word_1_320' title='bbox 745 1964 811 1998; x_wconf 91' lang='lat' dir='ltr'><strong>dicitur</strong></span> <span class='ocrx_word' id='word_1_321' title='bbox 823 1962 842 1997; x_wconf 91' lang='lat' dir='ltr'><strong>in</strong></span> 
     </span>
     <span class='ocr_line' id='line_1_35' title="bbox 138 2016 842 2061; baseline -0.001 -10"><span class='ocrx_word' id='word_1_322' title='bbox 138 2016 247 2061; x_wconf 86' lang='lat' dir='ltr'><strong>prouerbio:</strong></span> <span class='ocrx_word' id='word_1_323' title='bbox 268 2017 330 2050; x_wconf 85' lang='lat' dir='ltr'><strong>‘Deus</strong></span> <span class='ocrx_word' id='word_1_324' title='bbox 346 2016 435 2050; x_wconf 88' lang='lat' dir='ltr'><strong>miserere</strong></span> <span class='ocrx_word' id='word_1_325' title='bbox 450 2016 550 2058; x_wconf 88' lang='lat' dir='ltr'><strong>animabus,</strong></span> <span class='ocrx_word' id='word_1_326' title='bbox 566 2017 611 2050; x_wconf 85' lang='lat' dir='ltr'><strong>dixit</strong></span> <span class='ocrx_word' id='word_1_327' title='bbox 627 2017 725 2051; x_wconf 90' lang='lat' dir='ltr'><strong>Oswaldus</strong></span> <span class='ocrx_word' id='word_1_328' title='bbox 740 2019 808 2051; x_wconf 89' lang='lat' dir='ltr'><strong>cadens</strong></span> <span class='ocrx_word' id='word_1_329' title='bbox 823 2016 842 2050; x_wconf 90' lang='lat' dir='ltr'><strong>in</strong></span> 
     </span>
     <span class='ocr_line' id='line_1_36' title="bbox 112 2061 843 2114; baseline -0.004 -11"><span class='ocrx_word' id='word_1_330' title='bbox 112 2084 130 2114; x_wconf 76' lang='lat'><strong>35</strong></span> <span class='ocrx_word' id='word_1_331' title='bbox 138 2061 321 2112; x_wconf 84' lang='lat' dir='ltr'><strong>terram.&#39;—-Apud</strong></span> <span class='ocrx_word' id='word_1_332' title='bbox 330 2068 423 2100; x_wconf 84' lang='lat' dir='ltr'><strong>Farnham</strong></span> <span class='ocrx_word' id='word_1_333' title='bbox 433 2068 452 2100; x_wconf 92' lang='lat' dir='ltr'><strong>in</strong></span> <span class='ocrx_word' id='word_1_334' title='bbox 462 2068 531 2100; x_wconf 88' lang='lat' dir='ltr'><strong>honore</strong></span> <span class='ocrx_word' id='word_1_335' title='bbox 542 2068 600 2101; x_wconf 91' lang='lat' dir='ltr'><strong>sancti</strong></span> <span class='ocrx_word' id='word_1_336' title='bbox 608 2068 689 2101; x_wconf 89' lang='lat' dir='ltr'><strong>Oswaldi</strong></span> <span class='ocrx_word' id='word_1_337' title='bbox 700 2074 804 2102; x_wconf 84' lang='lat' dir='ltr'><strong>constructa</strong></span> <span class='ocrx_word' id='word_1_338' title='bbox 815 2073 843 2101; x_wconf 88' lang='lat' dir='ltr'><strong>est</strong></span> 
     </span>
     <span class='ocr_line' id='line_1_37' title="bbox 140 2119 843 2165; baseline -0.003 -9"><span class='ocrx_word' id='word_1_339' title='bbox 140 2120 222 2163; x_wconf 89' lang='lat' dir='ltr'><strong>ecclesia,</strong></span> <span class='ocrx_word' id='word_1_340' title='bbox 234 2120 253 2153; x_wconf 91' lang='lat' dir='ltr'><strong>in</strong></span> <span class='ocrx_word' id='word_1_341' title='bbox 264 2131 301 2165; x_wconf 84' lang='lat' dir='ltr'><strong>qua</strong></span> <span class='ocrx_word' id='word_1_342' title='bbox 314 2119 366 2153; x_wconf 90' lang='lat' dir='ltr'><strong>multi</strong></span> <span class='ocrx_word' id='word_1_343' title='bbox 379 2120 468 2155; x_wconf 84' lang='lat' dir='ltr'><strong>beneficia</strong></span> <span class='ocrx_word' id='word_1_344' title='bbox 481 2120 520 2154; x_wconf 90' lang='lat' dir='ltr'><strong>eius</strong></span> <span class='ocrx_word' id='word_1_345' title='bbox 532 2122 652 2165; x_wconf 88' lang='lat' dir='ltr'><strong>postulantes,</strong></span> <span class='ocrx_word' id='word_1_346' title='bbox 664 2121 773 2156; x_wconf 88' lang='lat' dir='ltr'><strong>infirmitatis</strong></span> <span class='ocrx_word' id='word_1_347' title='bbox 787 2126 805 2155; x_wconf 92' lang='lat' dir='ltr'><strong>et</strong></span> <span class='ocrx_word' id='word_1_348' title='bbox 817 2120 843 2154; x_wconf 89' lang='lat' dir='ltr'><strong>in·</strong></span> 
     </span>
     <span class='ocr_line' id='line_1_38' title="bbox 140 2172 843 2218; baseline -0.003 -10"><span class='ocrx_word' id='word_1_349' title='bbox 140 2172 248 2217; x_wconf 86' lang='lat' dir='ltr'><strong>co[m]modi</strong></span> <span class='ocrx_word' id='word_1_350' title='bbox 253 2173 335 2207; x_wconf 87' lang='lat' dir='ltr'><strong>remedia</strong></span> <span class='ocrx_word' id='word_1_351' title='bbox 340 2173 445 2207; x_wconf 86' lang='lat' dir='ltr'><strong>multotiens</strong></span> <span class='ocrx_word' id='word_1_352' title='bbox 452 2174 523 2217; x_wconf 82' lang='lat' dir='ltr'><strong>experti</strong></span> <span class='ocrx_word' id='word_1_353' title='bbox 529 2180 576 2209; x_wconf 88' lang='lat' dir='ltr'><strong>sunt.</strong></span> <span class='ocrx_word' id='word_1_354' title='bbox 589 2174 645 2208; x_wconf 90' lang='lat' dir='ltr'><strong>Cuius</strong></span> <span class='ocrx_word' id='word_1_355' title='bbox 650 2174 711 2209; x_wconf 87' lang='lat' dir='ltr'><strong>claues</strong></span> <span class='ocrx_word' id='word_1_356' title='bbox 717 2176 763 2208; x_wconf 88' lang='lat' dir='ltr'><strong>latro</strong></span> <span class='ocrx_word' id='word_1_357' title='bbox 769 2174 843 2218; x_wconf 85' lang='lat' dir='ltr'><strong>quidam</strong></span> 
     </span>
     <span class='ocr_line' id='line_1_39' title="bbox 140 2225 843 2269; baseline -0.001 -9"><span class='ocrx_word' id='word_1_358' title='bbox 140 2227 219 2260; x_wconf 88' lang='lat' dir='ltr'><strong>latenter</strong></span> <span class='ocrx_word' id='word_1_359' title='bbox 230 2225 322 2268; x_wconf 84' lang='lat' dir='ltr'><strong>auferens,</strong></span> <span class='ocrx_word' id='word_1_360' title='bbox 330 2229 393 2269; x_wconf 87' lang='lat' dir='ltr'><strong>aperto</strong></span> <span class='ocrx_word' id='word_1_361' title='bbox 404 2226 451 2260; x_wconf 87' lang='lat' dir='ltr'><strong>ostio</strong></span> <span class='ocrx_word' id='word_1_362' title='bbox 462 2226 541 2269; x_wconf 87' lang='lat' dir='ltr'><strong>intrauit,</strong></span> <span class='ocrx_word' id='word_1_363' title='bbox 550 2232 568 2261; x_wconf 89' lang='lat' dir='ltr'><strong>et</strong></span> <span class='ocrx_word' id='word_1_364' title='bbox 578 2227 665 2261; x_wconf 88' lang='lat' dir='ltr'><strong>vniuersa</strong></span> <span class='ocrx_word' id='word_1_365' title='bbox 676 2226 724 2261; x_wconf 92' lang='lat' dir='ltr'><strong>illius</strong></span> <span class='ocrx_word' id='word_1_366' title='bbox 736 2232 843 2261; x_wconf 88' lang='lat' dir='ltr'><strong>ornamenta</strong></span> 
     </span>
     <span class='ocr_line' id='line_1_40' title="bbox 140 2278 843 2323; baseline -0.001 -10"><span class='ocrx_word' id='word_1_367' title='bbox 140 2279 215 2322; x_wconf 89' lang='lat' dir='ltr'><strong>rapiens</strong></span> <span class='ocrx_word' id='word_1_368' title='bbox 228 2278 334 2321; x_wconf 87' lang='lat' dir='ltr'><strong>asportauit.</strong></span> <span class='ocrx_word' id='word_1_369' title='bbox 357 2278 380 2311; x_wconf 86' lang='lat' dir='ltr'><strong>Et</strong></span> <span class='ocrx_word' id='word_1_370' title='bbox 391 2290 439 2320; x_wconf 87' lang='lat' dir='ltr'><strong>ecce,</strong></span> <span class='ocrx_word' id='word_1_371' title='bbox 451 2279 520 2313; x_wconf 91' lang='lat' dir='ltr'><strong>lumine</strong></span> <span class='ocrx_word' id='word_1_372' title='bbox 532 2281 626 2314; x_wconf 83' lang='lat' dir='ltr'><strong>oculorum</strong></span> <span class='ocrx_word' id='word_1_373' title='bbox 637 2281 761 2320; x_wconf 87' lang='lat' dir='ltr'><strong>obtenebrato,</strong></span> <span class='ocrx_word' id='word_1_374' title='bbox 773 2290 809 2323; x_wconf 90' lang='lat' dir='ltr'><strong>quo</strong></span> <span class='ocrx_word' id='word_1_375' title='bbox 822 2289 843 2312; x_wconf 90' lang='lat' dir='ltr'><strong>se</strong></span> 
     </span>
     <span class='ocr_line' id='line_1_41' title="bbox 112 2330 843 2377; baseline -0.005 -10"><span class='ocrx_word' id='word_1_376' title='bbox 112 2346 133 2377; x_wconf 80' lang='lat'><strong>40</strong></span> <span class='ocrx_word' id='word_1_377' title='bbox 141 2332 241 2366; x_wconf 89' lang='lat' dir='ltr'><strong>diuerteret</strong></span> <span class='ocrx_word' id='word_1_378' title='bbox 249 2330 323 2374; x_wconf 90' lang='lat' dir='ltr'><strong>penitus</strong></span> <span class='ocrx_word' id='word_1_379' title='bbox 329 2330 424 2374; x_wconf 85' lang='lat' dir='ltr'><strong>ignorauit.</strong></span> <span class='ocrx_word' id='word_1_380' title='bbox 443 2331 559 2366; x_wconf 87' lang='lat' dir='ltr'><strong>Adueniente</strong></span> <span class='ocrx_word' id='word_1_381' title='bbox 565 2333 640 2366; x_wconf 88' lang='lat' dir='ltr'><strong>tandem</strong></span> <span class='ocrx_word' id='word_1_382' title='bbox 646 2333 746 2375; x_wconf 84' lang='lat' dir='ltr'><strong>sacerdote,</strong></span> <span class='ocrx_word' id='word_1_383' title='bbox 751 2330 843 2366; x_wconf 87' lang='lat' dir='ltr'><strong>lachrimis</strong></span> 
     </span>
     <span class='ocr_line' id='line_1_42' title="bbox 141 2383 843 2431; baseline -0.004 -11"><span class='ocrx_word' id='word_1_384' title='bbox 141 2383 233 2431; x_wconf 53' lang='lat' dir='ltr'><strong>profusis*</strong></span> <span class='ocrx_word' id='word_1_385' title='bbox 241 2383 384 2418; x_wconf 87' lang='lat' dir='ltr'><strong>misericordiam</strong></span> <span class='ocrx_word' id='word_1_386' title='bbox 396 2384 444 2419; x_wconf 92' lang='lat' dir='ltr'><strong>illius</strong></span> <span class='ocrx_word' id='word_1_387' title='bbox 454 2385 509 2419; x_wconf 90' lang='lat' dir='ltr'><strong>homo</strong></span> <span class='ocrx_word' id='word_1_388' title='bbox 517 2385 573 2421; x_wconf 88' lang='lat' dir='ltr'><strong>miser</strong></span> <span class='ocrx_word' id='word_1_389' title='bbox 581 2386 718 2430; x_wconf 87' lang='lat' dir='ltr'><strong>deprecabatur,</strong></span> <span class='ocrx_word' id='word_1_390' title='bbox 726 2395 815 2429; x_wconf 88' lang='lat' dir='ltr'><strong>reumque</strong></span> <span class='ocrx_word' id='word_1_391' title='bbox 823 2393 843 2418; x_wconf 91' lang='lat' dir='ltr'><strong>se</strong></span> 
     </span>
     <span class='ocr_line' id='line_1_43' title="bbox 142 2436 844 2484; baseline -0.007 -10"><span class='ocrx_word' id='word_1_392' title='bbox 142 2439 187 2484; x_wconf 77' lang='lat' dir='ltr'><strong>[et]⁷</strong></span> <span class='ocrx_word' id='word_1_393' title='bbox 196 2436 261 2472; x_wconf 87' lang='lat' dir='ltr'><strong>merito</strong></span> <span class='ocrx_word' id='word_1_394' title='bbox 271 2437 407 2481; x_wconf 85' lang='lat' dir='ltr'><strong>dampnabilem</strong></span> <span class='ocrx_word' id='word_1_395' title='bbox 417 2437 504 2480; x_wconf 86' lang='lat' dir='ltr'><strong>iudicans,</strong></span> <span class='ocrx_word' id='word_1_396' title='bbox 513 2449 568 2481; x_wconf 88' lang='lat' dir='ltr'><strong>quam</strong></span> <span class='ocrx_word' id='word_1_397' title='bbox 578 2439 702 2474; x_wconf 80' lang='lat' dir='ltr'><strong>fraudulenter</strong></span> <span class='ocrx_word' id='word_1_398' title='bbox 712 2438 784 2473; x_wconf 89' lang='lat' dir='ltr'><strong>diabolo</strong></span> <span class='ocrx_word' id='word_1_399' title='bbox 793 2436 844 2470; x_wconf 87' lang='lat' dir='ltr'><strong>insti-</strong></span> 
     </span>
    </p>
   </div>
   <div class='ocr_carea' id='block_1_3' title="bbox 142 2556 844 2636">
    <p class='ocr_par' dir='ltr' id='par_1_3' title="bbox 142 2556 844 2636">
     <span class='ocr_line' id='line_1_44' title="bbox 162 2556 844 2595; baseline -0.007 -6"><span class='ocrx_word' id='word_1_400' title='bbox 162 2558 242 2594; x_wconf 84' lang='lat' dir='ltr'><strong>¹Higden</strong></span> <span class='ocrx_word' id='word_1_401' title='bbox 250 2556 342 2593; x_wconf 87' lang='lat' dir='ltr'><strong>Policr.VI,</strong></span> <span class='ocrx_word' id='word_1_402' title='bbox 351 2565 366 2593; x_wconf 84' lang='lat'><strong>4.</strong></span> <span class='ocrx_word' id='word_1_403' title='bbox 405 2556 529 2587; x_wconf 57' lang='lat' dir='ltr'><strong>‘aesmundi</strong></span> <span class='ocrx_word' id='word_1_404' title='bbox 571 2558 666 2594; x_wconf 71' lang='lat' dir='ltr'><strong>³Bedalll,</strong></span> <span class='ocrx_word' id='word_1_405' title='bbox 674 2567 689 2595; x_wconf 87' lang='lat'><strong>9.</strong></span> <span class='ocrx_word' id='word_1_406' title='bbox 734 2557 844 2593; x_wconf 75' lang='lat' dir='ltr'><strong>‘Bedposta</strong></span> 
     </span>
     <span class='ocr_line' id='line_1_45' title="bbox 142 2594 837 2636; baseline -0.007 -7"><span class='ocrx_word' id='word_1_407' title='bbox 142 2598 269 2630; x_wconf 60' lang='lat' dir='ltr'><strong>*auoxvero</strong></span> <span class='ocrx_word' id='word_1_408' title='bbox 310 2595 490 2635; x_wconf 67' lang='lat' dir='ltr'><strong>⁰13.malignispirnus.</strong></span> <span class='ocrx_word' id='word_1_409' title='bbox 531 2595 562 2628; x_wconf 71' lang='lat' dir='ltr'><strong>&#39;so</strong></span> <span class='ocrx_word' id='word_1_410' title='bbox 570 2598 638 2632; x_wconf 79' lang='lat' dir='ltr'><strong>T.;om.</strong></span> <span class='ocrx_word' id='word_1_411' title='bbox 647 2598 663 2627; x_wconf 94' lang='lat' dir='ltr'><strong>in</strong></span> <span class='ocrx_word' id='word_1_412' title='bbox 671 2598 689 2628; x_wconf 86' lang='lat' dir='ltr'><strong>E.</strong></span> <span class='ocrx_word' id='word_1_413' title='bbox 729 2597 758 2628; x_wconf 74' lang='grc' dir='ltr'><strong>ΒΤ.</strong></span> <span class='ocrx_word' id='word_1_414' title='bbox 766 2594 837 2636; x_wconf 79' lang='lat' dir='ltr'><strong>profusis.</strong></span> 
     </span>
    </p>
   </div>
   <div class='ocr_carea' id='block_1_4' title="bbox 0 0 897 2803">
    <p class='ocr_par' dir='ltr' id='par_1_4' title="bbox 0 0 897 2803">
     <span class='ocr_line' id='line_1_46' title="bbox 0 0 897 2803; baseline 0 0"><span class='ocrx_word' id='word_1_415' title='bbox 0 0 897 2803; x_wconf 95' lang='lat' dir='ltr'><strong> </strong></span> 
     </span>
    </p>
   </div>
  </div>
 </body>
</html>
