1762 2803
115 125 163 177 722.
379 111 503 173 tremuit
520 113 566 159 111.

119 236 195 267 locorum
203 232 323 274 adiacentium,
332 234 421 276 clerusque
428 238 445 265 et
453 233 525 274 populus
533 244 537 266 :
549 232 602 276 quiin
610 232 681 266 ecclesia
687 231 732 265 beati
738 230 824 272 Guthlaci,

120 284 176 327 palliis
184 289 205 319 ,et
217 283 278 325 tapetis
292 289 353 316 ornata
364 282 485 326 sollempniter,
499 283 517 316 in
528 283 583 316 muita
594 284 684 316 deuotione
697 288 714 316 et
725 281 824 315 reuerencia

121 339 242 368 conuenerunt.
260 334 343 367 Monachi
351 339 367 367 et
374 333 430 368 clerici
438 334 481 367 albis
489 333 587 376 induuntur,
593 339 676 368 ornantur
681 332 750 374 sericis;
761 336 824 366 sonant

121 396 190 428 organa,
205 395 289 428 campane
305 385 399 427 pulsantur.
428 384 550 426 Thimiamata,
565 386 666 425 balsamum,
681 383 771 417 luminaria
787 383 824 416 vin·

103 442 162 472 scunt
176 434 227 468 diem.
256 436 276 468 In
292 435 320 467 illa
333 435 423 477 sollempni
436 434 540 468 exultatione
552 436 621 469 beatum
635 445 653 468 se
668 439 735 476 reputat
747 431 824 475 quisquis

122 486 203 520 interiora
211 485 316 519 conscientie
326 495 357 518 sue
367 491 397 518 aut
406 485 493 518 hilaritate
503 486 564 526 uultus,
573 493 602 519 aut
613 485 720 518 lacrimarum
728 484 825 522 deuotione,

122 542 151 569 aut
164 535 202 569 aliis
214 534 330 577 spiritualibus
343 535 430 578 obsequiis
442 542 552 578 representat.
577 536 623 569 Inter
635 534 693 568 omnia
703 533 769 577 publice
783 543 825 565 con-

122 585 241 628 gratulationis
252 585 309 618 officia
321 586 350 629 qui
361 586 399 629 plus
411 586 472 620 ceteris
483 586 561 629 obsequii
569 593 598 620 aut
606 586 701 620 deuotionis
709 583 825 627 impendit5se

122 646 183 679 parum
191 642 259 679 reputat
267 636 377 679 impendisse,
401 637 430 671 Sic
438 638 553 671 sacratissima
560 638 589 670 illa
596 637 669 680 pignora
675 646 713 669 cum
721 634 769 669 omni
776 644 825 667 reue-

96 695 115 717 10
123 687 180 720 rencia
185 687 292 729 deferuntur;
301 687 327 720 sic
332 687 409 721 eiusdem
415 687 514 721 monasterii
520 689 620 728 aduncatus,
626 688 649 719 ad
655 687 747 720 laudemet
753 685 825 726 gloriam

123 735 165 778 [dei]
175 737 193 769 in
204 737 316 769 eminentiore
328 738 365 769 loco
376 738 437 769 domus
449 737 517 778 proprie
528 738 626 768 collocatur.
642 738 657 769 O
669 736 708 768 felix
721 734 825 773 Croifandia,

123 791 140 819 et
148 786 189 819 dum
198 787 296 819 thesaurum
308 785 443 819 inestimabiliter
452 786 549 827 preciosum
559 786 577 818 in
587 785 625 818 sinu
637 795 668 818 suo
676 784 760 818 secrecius
768 790 825 817 custo·

124 835 171 877 dtuli,
179 841 196 869 et
205 836 245 867 dum
253 836 357 868 domesticas
369 845 411 876 opes
421 841 438 867 et
445 835 529 868 familiare
539 835 620 878 gaudium
631 834 648 868 in
659 833 749 868 materiam
757 833 826 876 publice

124 885 253 928 sollempnitatis
263 890 280 918 et
291 886 387 918 communis
397 885 453 919 leticie
464 885 569 919 reuelatione
580 885 642 919 celebri
653 883 759 928 propalauit!
783 884 826 917 Erat

98 946 115 975 15
124 936 146 969 ibi
160 937 212 969 homo
225 936 313 968 Alwoldus
324 936 398 977 nornine,
411 936 429 968 in
440 935 572 969 architectorial
583 937 648 977 doctus,
663 935 693 969 sed
704 945 796 977 percussus
808 933 826 967 in

123 987 221 1028 emigranea
228 986 309 1027 passione
316 985 421 1020 miserabili:
434 986 515 1020 continua
525 986 608 1028 uertigine
619 985 685 1028 capitis,
694 992 711 1019 et
722 983 826 1027 importabili

123 1035 203 1076 angustia
214 1036 328 1077 torquebatur.
352 1036 387 1067 Hic
398 1036 466 1067 accedit
477 1037 500 1068 ad
511 1035 611 1077 episcopum
622 1041 639 1068 et
649 1035 736 1068 humiliter
746 1040 796 1076 rogat
807 1039 827 1067 ut

124 1084 205 1118 scrinium
218 1084 235 1117 in
248 1095 282 1127 quo
294 1090 331 1118 erat
344 1084 379 1117 iarn
391 1091 442 1128 caput
457 1085 504 1118 beati
520 1085 600 1119 Guthlaci
615 1085 715 1127 repositum,
727 1094 759 1118 sno
774 1083 827 1127 capiti

124 1141 232 1178 superponat.
255 1136 310 1169 Fauet
321 1135 423 1177 episcopus:
435 1135 532 1178 scrinioque
542 1135 600 1169 uertici
608 1135 645 1168 eins
652 1134 736 1177 apposito,
745 1135 769 1167 ita
776 1135 827 1177 plene

97 1198 116 1219 ro
124 1192 194 1219 sanatus
210 1190 241 1226 est,
257 1191 275 1218 ut
294 1190 355 1228 postea
369 1191 405 1219 toto
420 1191 497 1228 tempore
513 1185 548 1219 uite
563 1197 594 1219 sue
612 1185 693 1219 continua
711 1184 827 1219 incolumitate

123 1237 210 1277 gauderet.
238 1236 332 1268 Missarum
345 1236 402 1278 itaque
414 1236 520 1278 sollempniis
532 1238 555 1269 ab
568 1237 648 1278 episcopo
661 1235 770 1269 celeberrime
785 1245 827 1268 con-

123 1285 218 1326 summatis,
230 1291 315 1328 reponunt
327 1286 443 1319 uenerandum
455 1296 517 1328 corpus
530 1286 624 1319 beatissimi
637 1286 739 1319 confessoris
752 1284 770 1318 in
781 1296 827 1318 nouo

124 1336 236 1378 sarcophago
244 1336 266 1367 ab
277 1336 339 1368 codem
349 1336 417 1377 presule
426 1335 522 1377 benedicto,
532 1336 555 1369 ad
565 1335 666 1369 orientalem
677 1335 735 1368 altaris
746 1335 827 1378 plagam;

125 1385 212 1429 signantes
219 1386 295 1428 lapidem
304 1386 348 1420 ferro
358 1392 375 1420 et
385 1387 460 1429 plumbo,
468 1391 485 1420 et
495 1387 519 1419 ita
528 1386 624 1420 munientes
633 1386 742 1428 sepulchrum
749 1386 827 1427 ligaturis

98 1442 116 1473 ²5
125 1437 187 1478 ferreis,
195 1442 213 1469 ut
224 1436 345 1479 impreciabilis
353 1436 380 1470 ille
387 1438 478 1470 thesaurus
488 1437 627 1470 machinamenta
635 1437 711 1469 humane
718 1436 785 1470 malicie
792 1447 828 1470 non

124 1487 196 1520 timeret.
220 1488 275 1520 Gleba
286 1497 326 1519 uero
338 1487 381 1519 iliius
393 1486 487 1519 beatissimi
499 1487 580 1528 corporis,
590 1486 638 1529 quasi
650 1496 692 1528 ager
703 1486 730 1518 cui
741 1486 829 1519 benedixit

125 1536 216 1577 dominuss
222 1535 354 1578 circumquaque
365 1536 480 1569 redolenciam
492 1542 540 1569 tante
552 1536 641 1569 suauitatis
652 1536 717 1575 effudit,
728 1541 747 1568 ut
758 1546 779 1569 ex
790 1537 828 1579 ipsa

126 1585 255 1628 incomparabili
263 1586 344 1629 qualitate
353 1585 419 1619 celestis
427 1586 522 1627 fragrancie
529 1587 631 1628 probaretur
638 1588 709 1627 angelos
717 1586 740 1619 illi
749 1586 831 1628 sollemp÷

126 1637 174 1669 nitati
190 1636 318 1679 presencialiter
335 1636 405 1669 affuisse
423 1641 537 1678 sanctumque
555 1635 612 1669 locum
630 1642 647 1669 et
665 1641 719 1668 totam
737 1636 828 1669 ecclesiam

98 1694 118 1723 30
126 1686 225 1720 deliciarum
240 1686 322 1719 odoribus
336 1685 436 1728 perfudisse.
465 1687 551 1719 Robertus
564 1692 622 1719 autem
633 1687 655 1719 de
668 1685 791 1728 Grandineto²,
803 1687 829 1720 uir

50 1735 51 1738 ’
126 1736 194 1769 illustris
206 1742 223 1769 et
234 1736 321 1777 religionis
332 1743 403 1775 amator,
416 1737 504 1768 conductis
516 1736 608 1768 artificibus
619 1736 660 1768 fecit
671 1736 694 1767 ad
705 1736 788 1768 honorem
799 1737 827 1769 dei

125 1791 142 1819 et
153 1785 248 1819 beatissimi
262 1785 364 1819 confessoris
377 1785 452 1828 ligneam
464 1785 547 1828 cooperiri
560 1786 647 1828 capsulam
659 1785 727 1819 laminis
742 1787 828 1827 argenteis

126 1835 216 1877 deauratis,
228 1846 300 1878 eamque
311 1836 385 1878 eleganti
397 1836 483 1878 sculptura
496 1841 513 1869 et
525 1846 632 1878 gemmarum
646 1835 728 1870 uarietate
741 1835 829 1878 distingui.

126 1887 166 1919 Hee
177 1897 228 1929 super
239 1887 322 1919 tumulum
336 1886 381 1920 beati
394 1887 474 1920 Guthlaci
485 1886 502 1919 in
514 1887 581 1921 sullime
594 1896 677 1929 suspensa
689 1892 719 1927 est,
731 1892 749 1919 ut
761 1886 789 1929 qui
803 1886 828 1919 in-

99 1946 117 1975 35
126 1939 230 1981 gredtunrur,
237 1940 295 1972 lumen
306 1939 382 1980 uideant,
390 1944 408 1973 et
419 1939 513 1982 glorificent
524 1946 591 1981 patrem
602 1939 631 1982 qui
643 1940 660 1973 in
672 1940 713 1973 celis
724 1945 755 1980 est,
764 1939 792 1983 qui
803 1940 833 1974 sic*

107 1988 109 1990 ’
126 1989 219 2024 uiuificauit
233 1995 311 2022 sanctum
324 2001 374 2023 suurn
387 1995 405 2023 ut
417 1990 446 2032 qui
459 1989 542 2022 beneficia
554 1991 608 2023 sancti
621 1991 724 2023 confessoris
737 1991 830 2031 implorant

126 2039 217 2080 humiliter,
230 2050 261 2072 sue
273 2039 361 2081 optineant
372 2038 491 2081 postulationis
506 2039 591 2072 effectum.
600 2044 604 2049 '
614 2039 649 2073 Hic
662 2039 708 2072 enim
722 2039 774 2080 surdi,
787 2039 829 2081 ceci,

126 2089 174 2131 muti,
182 2088 271 2132 paralitici,
280 2095 297 2122 et
305 2090 385 2131 precipue
396 2088 497 2129 demoniaci,
506 2088 533 2122 uel
543 2089 658 2132 quorumlibet
668 2090 767 2123 morborum
778 2089 829 2133 pesti-

127 2139 186 2172 lenciis
192 2139 295 2180 laborantes,
301 2139 319 2171 in
325 2139 417 2181 libroiugis
423 2139 529 2182 experiencie
535 2139 594 2181 legunt
600 2146 734 2182 quampromtus
740 2141 762 2174 sit
768 2142 829 2174 beatus

99 2199 119 2228 4o
128 2190 222 2223 Guthlacus
234 2189 257 2222 ad
267 2189 400 2230 exauditionem,
411 2200 464 2232 quam
475 2189 563 2231 mirabilis
576 2200 628 2232 quam
640 2196 701 2232 potens
713 2190 735 2223 ad
744 2190 830 2232 suffragia,

128 2250 180 2282 quam
186 2239 246 2272 efficax
253 2241 275 2271 ad
283 2241 360 2271 salutem
383 2240 438 2272 Facta
445 2246 503 2273 autem
511 2245 537 2273 est
545 2240 591 2273 beati
599 2239 679 2273 Guthlaci
688 2240 776 2273 translatio
784 2250 833 2274 anno

128 2290 151 2322 ab
162 2288 240 2322 eiusdem
252 2289 324 2321 transitu
336 2289 504 2331 quadringentesimo
519 2289 607 2330 vicesimo,
618 2300 664 2322 anno
675 2290 698 2322 ab
713 2288 831 2324 incarnatione

129 2338 194 2371 domini
200 2338 292 2376 millesimo
298 2338 390 2371 centesimo
397 2339 482 2373 tricesimo
489 2345 542 2381 sexto,
548 2349 594 2374 anno
602 2338 655 2374 tercio
661 2338 681 2383 (l)
689 2339 737 2382 regni
747 2339 830 2383 Stephani

129 2390 175 2432 regis
182 2389 249 2432 Anglie,
258 2390 326 2423 decimo
334 2389 531 2432 kalendas-septembris,
540 2390 568 2423 die
579 2391 624 2423 lune.
647 2391 686 2424 Hec
697 2402 738 2424 uero
749 2391 830 2424 reuelatio

100 2443 121 2473 45
130 2439 234 2474 sanctissimi
246 2438 347 2473 confessoris
359 2449 416 2472 annua
427 2440 532 2473 reuolutione
546 2439 607 2473 celebri
619 2446 636 2473 et
647 2451 693 2474 noua
705 2442 830 2483 sollempnitate

286 2545 291 2563 ¹
302 2556 314 2577 r.
321 2547 426 2578 architectura.
507 2546 514 2564 ²
524 2546 563 2578 Boll.
571 2547 670 2579 Guardineto.
