1762 2803
143 132 172 174 80
333 131 413 183 noua
428 128 544 191 tenuta
559 127 652 191 unuln

142 250 187 285 bean
195 249 306 297 Augustini:
349 243 411 287 ‘Cum
419 262 456 286 vna
467 250 490 285 sit
502 251 553 293 fides,
562 250 665 295 quomodo¹
673 254 716 285 sunt
725 250 844 286 ecclesiarum

143 305 217 338 diuerse
233 305 379 347 consuetudines,
395 310 413 338 et
432 306 489 337 altera
503 305 616 338 consuetudo
633 304 732 338 missarum
747 305 766 337 in
781 310 845 339 sancta

143 369 219 391 romana
231 358 308 391 ecclesia
319 362 374 401 atque
385 357 442 390 altera
453 356 472 390 in
481 357 580 391 Galliarum
588 358 682 391 tenetur?'
726 357 845 402 VResponsio

143 411 187 445 beati
192 411 331 455 Gregon'ipnpe:
374 403 445 444 ‘Nouit
453 410 557 445 fraternitas
565 415 596 444 tua
603 421 679 445 romane
685 411 762 445 ecclesie
768 422 845 446 consue-

126 465 230 504 5tudinem,
241 464 260 496 in
272 474 307 506 qua
318 474 340 497 se
351 463 434 497 meminit
445 463 543 504 nutritam3
556 464 589 496 sed
600 463 655 497 michi
667 464 728 506 placet
738 469 763 506 vt,
774 464 814 498 siue
826 465 845 498 in

144 527 224 557 romana,
233 515 272 550 siue
284 517 302 549 in
313 515 418 559 Galliarum,
428 527 461 550 seu
472 515 490 549 in
501 516 582 560 qualibet
592 515 670 550 ecclesia
680 515 747 561 aliquid
758 516 845 551 inuenisti

143 571 191 614 quod
200 570 241 612 plus
250 569 370 613 omnipotenti
378 570 413 603 deo
421 569 479 613 possit
487 570 565 613 placere,
572 569 648 603 sollicite
656 569 718 613 eligas,
724 575 742 604 et
750 570 769 604 in
775 570 845 615 Anglo·

143 633 184 655 rum
193 621 274 664 ecclesia,
283 633 319 664 que
327 622 386 655 adhuc
395 623 418 655 ad
426 622 482 655 fidem
490 633 538 654 noua
546 627 579 663 est,
587 622 701 656 institutione
709 623 801 666 precipua,
808 635 844 667 que

144 675 167 709 de
173 674 235 709 multis
242 674 324 709 ecclesiis
331 674 416 718 colligere
422 673 496 717 potuisti
503 674 594 709 infundas.
614 675 655 709 Non
662 675 711 709 enim
718 686 752 719 pro
758 675 802 710 loeis
808 687 844 719 res,

117 736 135 758 10
144 729 176 762 sed
184 738 218 771 pro
226 727 279 762 bonis
291 729 347 761 rebus
357 728 397 761 loca
407 728 485 761 amanda
496 732 543 761 sunt.
567 728 595 761 Ex
604 728 682 772 singulis
690 739 733 772 ergo
742 729 844 773 quibusque

144 779 230 822 ecclesiis,
239 791 275 824 que
285 780 320 825 pia,
329 791 364 825 que
372 780 462 825 religiosa,
471 791 507 824 que
517 785 567 814 recta
577 785 624 823 sunt,
633 780 685 825 elige,
693 786 711 815 et
721 781 755 816 hec
764 782 815 826 quasi
826 781 845 816 in

143 833 249 868 fasciculum
256 834 335 875 collecta¹
341 835 390 878 apud
395 834 498 878 Anglorum
503 838 576 867 mentes
580 833 599 867 in
605 835 756 869 consuetudinem
762 836 844 879 depone!

143 888 157 924 “l
165 886 280 930 Iuenogano
288 887 332 921 beati
337 887 438 930 Augustini
441 899 448 921 :
492 879 589 921 ‘Obsecro
600 887 643 930 quid
651 887 688 930 pati
697 888 767 929 debeat,
779 888 794 921 si
804 888 845 932 quis

144 939 396 984 aliquid²iurtoabstulerit?'
437 939 555 983 VResponsio
563 939 606 973 teau
614 939 694 984 Gregorii
697 944 754 984 pape:
794 941 846 976 ‘Hoc

118 1006 135 1035 15
144 998 175 1027 tua
183 993 286 1028 fraternitas
293 1005 317 1027 ex
322 1004 403 1038 persona
410 993 455 1027 furis
463 1004 542 1036 pensare
550 998 616 1036 potest,
624 993 702 1037 qualiter
707 994 766 1028 valeat
774 994 845 1039 corrigi.

145 1047 192 1081 Sunt
201 1046 250 1080 enim
259 1047 333 1090 quidam
341 1046 372 1090 qui
380 1047 469 1080 habentes
480 1045 561 1079 subsidia
569 1046 636 1080 furtum
644 1052 762 1090 perpetrant;
775 1053 793 1081 et
803 1052 846 1082 sunt

144 1099 175 1133 alii
183 1098 214 1143 qui
223 1098 242 1132 in
250 1099 284 1133 hac
295 1110 315 1133 re
326 1110 350 1133 ex
360 1098 422 1142 inopia
430 1098 548 1142 delinquunt:
560 1098 614 1133 Vnde
622 1111 699 1134 necesse
707 1106 736 1134 est
743 1105 762 1134 vt
770 1100 844 1144 quidam

145 1152 199 1187 minis
205 1151 216 1195 ³,
223 1151 297 1196 quidam
304 1163 349 1187 vero
354 1152 462 1187 verberibus
469 1164 473 1195 ;
485 1157 503 1186 et
511 1151 585 1196 quidam
593 1151 697 1196 districtius,
703 1152 777 1197 quidam
784 1158 845 1188 autem

144 1206 203 1239 leuius
219 1205 337 1249 corrigantur.
361 1206 384 1239 Et
399 1216 440 1239 curn
455 1206 510 1248 paulo
526 1205 624 1239 districtius
639 1205 704 1249 agitur,
720 1217 743 1240 ex
758 1207 846 1241 charitate

117 1271 136 1292 zo
145 1259 236 1303 agendum
244 1264 277 1299 est,
284 1264 302 1292 et
310 1270 347 1292 non
355 1270 379 1292 ex
386 1258 459 1292 furore:
472 1258 514 1301 quia
521 1257 556 1301 ipsi
565 1258 598 1292 hoc
606 1264 699 1302 prestatur
705 1259 736 1303 qui
744 1259 846 1303 corrigitur,

144 1323 168 1345 ne
177 1312 256 1346 iehenne
264 1311 336 1355 ignibus
344 1313 431 1345 tradatur.
455 1311 485 1344 Sic
493 1311 543 1344 enim
554 1322 587 1344 nos
598 1311 683 1345 fidelibus
693 1317 757 1346 tenere
766 1313 845 1356 discipli-

145 1375 188 1398 nam
200 1365 295 1407 debemus,
303 1365 350 1398 sicut
360 1364 404 1398 boni
414 1369 476 1408 patres
487 1363 589 1397 carnalibus
600 1364 642 1398 filiis
653 1365 718 1406 solent,
726 1376 772 1408 quos
783 1370 801 1399 et
812 1376 845 1410 pro

145 1417 204 1462 culpis
217 1417 324 1452 verberibus
340 1417 411 1460 feriunt,
424 1423 442 1451 et
457 1422 519 1451 tamen
534 1417 585 1460 ipsos
599 1428 645 1461 quos
658 1417 751 1452 doloribus
764 1418 846 1463 affligunt

146 1471 213 1504 habere
225 1470 303 1504 heredes
315 1476 400 1514 querunt,
410 1475 427 1504 et
439 1481 475 1514 que
487 1470 582 1514 possident
593 1469 639 1513 ipsis
651 1475 725 1504 seruant
737 1482 783 1514 quos
794 1471 846 1506 irati*

118 1530 136 1559 ²5
147 1523 233 1567 [inlsequi
240 1523 330 1557 videntur.
354 1523 394 1557 Hec
405 1534 448 1565 ergo
457 1523 535 1556 charitas
545 1522 564 1555 in
575 1527 637 1556 mente
646 1524 726 1556 tenenda
736 1529 764 1557 est
775 1529 793 1558 et
804 1524 845 1568 ipsa

146 1578 221 1610 modum
227 1576 345 1610 correctionis
353 1576 413 1617 dictat,
419 1576 443 1610 ita
448 1582 468 1610 vt
476 1586 529 1609 mens
538 1581 590 1608 extra
597 1574 672 1609 rationis
681 1577 763 1619 regulam
771 1577 845 1611 omnino

145 1628 202 1661 nichil
212 1628 270 1661 faciat.
293 1628 357 1661 Addas
365 1628 425 1670 etiam,
434 1628 524 1671 quomodo
533 1638 554 1661 ea
562 1638 598 1670 que
606 1627 653 1660 furto
662 1628 685 1661 de
693 1628 774 1662 ecclesiis
785 1630 845 1663 abstu-

146 1681 200 1715 lerint
210 1682 289 1714 reddere
297 1682 386 1715 debeant:
399 1682 432 1714 sed
438 1681 486 1714 absit
493 1686 513 1714 vt
520 1680 598 1714 ecclesia
609 1691 650 1714 cum
660 1688 759 1725 augmento
771 1682 846 1727 recipiat

146 1735 195 1777 quod
207 1735 230 1767 de
241 1734 319 1768 terrenis
331 1735 386 1768 rebus
394 1734 466 1768 videtur
477 1734 565 1773 amittere,
574 1738 592 1767 et
603 1734 653 1767 lucra
663 1735 687 1768 de
695 1734 747 1768 vanis
758 1737 846 1778 querere.¹

118 1788 160 1828 gell
172 1787 286 1831 Iutenognttn
300 1787 343 1820 beati
353 1787 461 1831 Augustini:
506 1779 530 1821 Si
542 1787 620 1820 debeant
634 1787 669 1820 duo
684 1788 768 1830 germani
781 1788 847 1822 fratres

146 1840 227 1884 singulas
235 1850 308 1873 sorores
318 1840 406 1884 accipere,
414 1851 450 1884 que
461 1844 504 1873 sunt
514 1840 536 1872 ab
545 1839 581 1873 illis
591 1839 645 1883 longa
653 1840 741 1884 progenie
749 1844 848 1885 generate?

145 1894 158 1929 ll
167 1893 263 1935 Responsio
271 1893 315 1926 beati
322 1893 403 1937 Gug'nrii
409 1898 466 1936 pape:
510 1886 566 1926 ‘Hoc
576 1892 616 1925 fieri
627 1892 686 1926 modis
698 1893 783 1927 omnihus
794 1894 846 1929 licet:

146 1946 266 1990 Nequaquam
274 1946 324 1979 enim
332 1946 351 1979 in
359 1946 416 1980 sacris
424 1945 501 1990 eloquiis
511 1944 604 1979 inuenitur
611 1946 660 1989 quod
668 1945 710 1980 huic
718 1946 796 1990 capitulo
804 1958 847 1981 con-

145 2000 234 2034 tradicere
246 1999 334 2034 videatur.
377 2001 392 2037 tl
404 2000 519 2042 Interrogatio
534 1999 578 2033 henli
588 1999 699 2043 Augustini:
742 1993 809 2044 Vsque
824 2001 847 2034 ad

117 2064 136 2095 35
146 2058 220 2097 quotam
226 2052 363 2096 generationem
370 2053 449 2087 debeant
455 2053 518 2087 fideles
525 2063 566 2087 cum
573 2052 681 2096 propinquis
689 2052 723 2087 sibi
730 2053 813 2097 coniugio
819 2066 847 2088 co·

145 2105 719 2150 pulari?etnouercis[et]cognatissiliceatcopulariconiugio?
751 2107 848 2150 Responsio

145 2160 189 2192 beuti
200 2159 281 2201 Gugun'i
289 2157 357 2201 pnpe⁵:
401 2151 498 2202 ‘Quedam
510 2164 583 2191 terrena
595 2159 625 2191 lex
637 2158 656 2191 in
667 2169 743 2191 romana
755 2160 848 2203 republica

145 2210 234 2254 permittit
240 2215 260 2243 vt
268 2209 307 2243 siue
315 2209 371 2242 srater
378 2215 396 2243 et
404 2221 461 2252 soror,
468 2221 501 2243 seu
510 2211 587 2243 duorum
596 2210 672 2243 fratrum
680 2221 810 2254 germanorum
817 2213 848 2245 vel

146 2266 223 2298 duarum
236 2274 320 2297 sororum
332 2262 380 2296 filius
396 2268 414 2297 et
426 2263 463 2297 filia
474 2262 599 2298 misceantur..
614 2263 651 2297 Sed
663 2263 790 2306 experimento
803 2265 848 2299 didi·

118 2330 137 2361 40
146 2317 209 2359 cimus,
218 2328 242 2350 ex
251 2316 282 2350 tali
293 2315 376 2360 coniugio
387 2316 469 2350 sobolem
479 2327 517 2350 non
526 2327 582 2360 posse
593 2327 715 2359 succrescere,
725 2321 743 2351 et
755 2328 806 2352 sacra
817 2319 848 2353 lex

146 2370 231 2414 prohibet
247 2369 360 2414 cognationis
373 2369 505 2413 turpitudinem
521 2370 609 2404 reuelare.
632 2368 687 2403 Vnde
699 2380 776 2405 necesse
789 2377 817 2406 est
829 2377 849 2406 vt

146 2424 182 2458 iam
193 2423 247 2457 tertia
257 2424 287 2458 vel
299 2429 363 2467 quarta
374 2423 468 2467 generatio
479 2423 562 2457 fidelium
575 2423 652 2457 licenter
664 2422 698 2456 sibi
710 2423 761 2468 iungi
772 2425 848 2461 debeat:

146 2487 189 2510 nam
201 2478 286 2517 secunda,
298 2487 352 2520 quarn
365 2476 484 2520 prediximus,
496 2487 507 2510 a
520 2487 541 2510 se
554 2475 604 2509 omni
616 2476 671 2509 modo
683 2477 737 2511 debet
751 2478 848 2513 abstinere.

166 2544 260 2574 lominT.
305 2544 341 2574 ²nl.
349 2545 406 2582 aliquid
414 2545 511 2574 deecclesia.
557 2543 668 2574 ³altdamnisr
715 2544 847 2584 ⁴E.iratlm;T.

146 2584 191 2622 irati3
202 2584 219 2612 E.
227 2584 244 2613 T.
252 2584 301 2620 sequi.
341 2584 347 2601 ⁵
358 2594 399 2621 pape
406 2594 436 2613 om.
444 2585 460 2613 in
467 2585 487 2614 Τ,
