1762 2803
257 121 303 177 Di
319 119 419 174 &811stss
435 117 580 177 dutbhutn.
725 135 768 179 217

65 242 151 277 aseendit.
182 243 250 288 Elapso
268 249 329 278 autem
348 244 372 278 de
389 242 474 277 manibus
490 241 542 286 pueri
558 241 671 286 psalmorum
688 241 739 283 libro,
751 242 769 277 in

66 297 121 330 maris
137 296 247 341 profundum
261 297 333 340 corruit,
345 302 363 331 et
374 295 441 331 vitulus
457 296 539 331 marinus
551 296 591 331 sine
604 305 656 330 mora
670 305 771 340 erumpens

66 360 97 383 ore
114 349 176 384 hiante
191 350 257 385 libmm
274 351 368 385 absorbuit
380 355 398 384 et
414 349 448 384 sub
465 349 519 384 vndls
537 349 616 384 euanuit.
646 349 733 393 Egressis
751 347 770 382 in

65 408 121 446 portu
140 404 164 437 de
182 404 225 437 naui
245 405 336 446 omnibus,
355 403 423 437 vitulus
441 402 471 437 ille
490 404 572 437 marinus
593 402 654 437 subito
672 411 771 447 apparens,

66 454 132 490 librum
144 457 217 500 penitus
228 457 300 491 illesum
312 456 398 491 euomuit.
420 455 475 490 Venit
488 456 531 491 inde
543 462 602 490 mater
617 467 659 490 cum
674 466 733 499 puero
747 455 788 496 ad5

66 510 172 552 episcopum
184 509 296 552 Columbam,
308 510 339 554 qui
351 509 421 554 primus
434 510 498 543 sedem
512 509 603 544 Dunkeld’
615 510 663 544 rexit
673 510 692 543 in
703 509 771 551 Scotia‚

66 566 84 593 et
96 562 119 594 ab
133 572 155 594 eo
172 563 251 606 benigne
266 568 352 606 suscepta
368 568 401 596 est.
431 562 527 604 Merulam,
543 563 600 595 sancti
619 561 701 605 episcopi
716 571 770 594 auem

66 613 191 656 domesticam,
203 616 281 649 occisam
293 615 316 650 ab
327 614 398 658 emulis,
408 624 464 659 prece
473 625 506 649 sua
515 625 562 659 puer
570 614 630 649 almus
639 614 676 649 vite
685 613 771 649 reddidit.

68 659 157 700 Habebat
169 668 217 701 enim
229 674 288 702 mater
298 669 350 712 puen'
361 669 380 701 in
392 667 453 702 Scotia
464 669 510 702 duos
521 668 587 701 iratres
597 678 696 712 germanos
711 667 771 712 ponti·

67 719 117 761 fices,
124 719 230 755 Meldanum
239 721 306 756 scilicet
314 727 332 755 et
339 721 439 762 Eatanum;
452 732 493 755 cum
501 722 567 764 quibus
575 722 685 764 aliquamdiu
694 731 770 755 conuer·
780 735 799 757 ro

67 776 111 812 sata,
123 772 186 807 relicto
197 774 232 807 sub
245 784 308 807 eorum
321 774 403 807 custodia
419 773 462 815 filio,
474 773 553 807 Romam
569 773 651 817 prolecta
666 779 699 808 est.
722 773 772 807 Puer

67 830 128 858 autem
142 824 160 859 in
174 826 336 861 montealtissimo
352 826 447 868 Doilwem,
459 825 477 860 id
493 832 522 859 est
534 827 588 860 ‘area
604 826 690 869 pulchra‚'
701 831 772 864 vocato,

68 878 151 922 expulsis
168 880 191 913 de
207 879 318 913 habitatione
333 890 366 913 sua
383 879 457 921 antiqua
473 879 568 920 demoniis,
584 878 676 913 solitarius
691 878 772 912 hahitare

68 930 126 973 cepit3
144 931 212 964 sontem
228 933 251 964 de
267 942 312 964 saxo
328 931 427 964 durissimo
443 931 535 973 produxit,
551 935 569 964 et
585 936 649 964 noctes
664 929 773 973 insompnes

68 983 134 1025 iugiter
150 983 205 1017 deum
223 993 277 1017 orans
295 983 351 1016 duxit.
379 982 436 1016 Cuius
454 983 541 1026 operibus
556 983 591 1026 piis
610 982 669 1017 hostis
687 984 773 1025 antiquus
783 994 800 1023 15

68 1034 159 1077 inuidens,
176 1034 195 1068 in
211 1036 279 1069 montis
294 1035 392 1080 supercilio
408 1034 526 1069 balneareum
542 1035 639 1080 lapideum,
651 1036 703 1080 quasi
719 1046 774 1069 seruo

69 1088 98 1122 dei
114 1088 206 1130 tunsurus,
217 1089 324 1122 construxit.
351 1088 437 1122 Enormis
448 1094 510 1122 tamen
522 1095 540 1123 et
551 1090 672 1133 incomposite
683 1090 774 1133 magnitu-

69 1142 117 1176 dinis
128 1141 167 1176 fuit.
189 1142 273 1184 Quadam
285 1148 346 1176 autem
358 1142 387 1176 die
400 1152 443 1176 eum
459 1142 537 1186 amplius
554 1153 620 1176 seruus
636 1143 666 1176 dei
682 1143 774 1176 sustinere

69 1195 139 1236 nolens,
151 1195 218 1229 fustem
232 1196 354 1239 pergrandem
367 1196 448 1239 arripuit,
460 1197 483 1229 dc
495 1196 534 1229 loco
550 1196 573 1229 ad
590 1196 649 1229 locum
665 1200 773 1238 persecutus

69 1252 97 1280 est
109 1247 208 1289 inimicum,
219 1258 314 1291 quousque
321 1248 368 1282 vltra
379 1248 447 1281 montis
457 1248 544 1282 verticem
556 1259 598 1282 eum
610 1258 665 1282 ruere
677 1247 760 1292 cogeret¹
768 1259 772 1281 ε
781 1264 801 1287 20

69 1300 111 1334 vbi²
121 1311 179 1344 vsque
190 1300 209 1334 in
226 1301 335 1334 hodiernum
351 1299 399 1335 diem
415 1301 491 1345 vestigia
508 1307 545 1336 tam
562 1302 619 1336 sancti
637 1311 692 1345 quam
705 1300 773 1335 inimici

69 1354 88 1387 in
101 1355 151 1387 saxis
164 1356 255 1397 impressa
269 1355 365 1388 videntur:
382 1354 460 1397 Dyaboli
475 1360 537 1389 tamen
553 1356 630 1398 vestigia
647 1355 715 1399 pedum
732 1354 773 1397 lata,

70 1416 130 1448 curua,
142 1417 209 1450 magna
220 1417 240 1441 ac
252 1407 327 1441 distorta
338 1411 386 1441 sunt.
409 1407 464 1441 Hunc
475 1408 534 1441 locum
546 1406 666 1452 imposterum
678 1407 774 1442 mulierum

70 1461 120 1495 nulla
130 1459 206 1504 impune
217 1460 285 1495 intrare
298 1460 361 1504 potuit.
406 1453 429 1495 ln
442 1460 509 1494 finibus
523 1461 615 1495 Pictorum
627 1467 701 1495 sanctus
718 1462 774 1495 Cuth-

70 1514 134 1548 bertus
145 1514 189 1548 dum
201 1513 280 1549 solitarie
291 1519 333 1558 post
345 1514 379 1548 hec
391 1519 484 1556 maneret;
499 1513 536 1548 filia
548 1513 598 1559 regis
613 1513 661 1549 illius
676 1514 775 1558 prouincie,
784 1527 803 1557 ²5

71 1577 113 1601 cum
132 1566 199 1601 iuuene
215 1567 320 1609 adulterata,
337 1566 432 1610 concepit:
448 1573 466 1601 et
483 1577 494 1600 a
509 1577 558 1611 rege,
575 1567 616 1611 quis
635 1578 676 1602 eam
695 1567 775 1612 impreg-

71 1625 140 1661 nasset,
155 1619 259 1662 diligentius
274 1619 365 1662 inquisita,
377 1619 412 1654 ait:
429 1619 514 1654 ‘quenis
527 1621 557 1654 ille
573 1620 665 1654 solitarius
681 1620 699 1653 in
716 1619 776 1654 vicino

71 1672 160 1713 habitans,
176 1682 209 1705 sua
223 1672 357 1717 pulchritudine
373 1677 390 1705 et
406 1672 478 1706 blandis
491 1672 607 1706 sermonibus
623 1682 653 1706 me
669 1672 741 1716 decepit
758 1678 776 1706 et

71 1725 173 1769 oppressit)
196 1724 304 1768 Indignatus
317 1724 372 1768 igitur
386 1736 425 1766 rex,
437 1724 516 1768 plurimo
527 1725 604 1769 stipatus
615 1725 678 1767 milite,
687 1736 723 1759 vna
734 1736 776 1760 cum

72 1778 109 1812 filia
124 1779 148 1811 ad
164 1777 224 1812 virum
241 1778 270 1811 dei
286 1777 394 1811 furibundus
411 1779 507 1819 accedens,
523 1778 558 1811 alt:
577 1778 640 1811 ‘Tune
657 1787 678 1812 es
694 1778 724 1821 qui
742 1778 777 1811 sub
785 1791 805 1820 3⁰

72 1829 134 1873 specie
149 1829 242 1872 religionis
256 1829 306 1863 omni
325 1829 412 1873 spurcitia
427 1835 445 1862 et
461 1830 531 1863 incestu
548 1830 671 1864 sanctuarium
688 1830 718 1863 dei
734 1841 777 1874 pro·

72 1884 170 1927 phanando
186 1882 263 1926 polluis?
293 1881 341 1916 Ecce
360 1881 389 1916 hic
408 1882 445 1916 filia
460 1893 506 1925 mea,
523 1893 578 1927 quam
595 1882 631 1917 tuis
648 1883 743 1917 fraudibus
759 1890 777 1918 et

72 1937 155 1971 ludibriis
170 1946 288 1979 cormmpere
304 1941 322 1969 et
339 1946 380 1970 cum
397 1935 428 1969 illa
444 1941 514 1969 tantum
531 1935 592 1969 scelus
609 1935 723 1970 committere
738 1947 775 1969 non

73 1989 178 2024 formidasti.
201 1989 254 2022 Nunc
264 1994 325 2022 tamen
335 1988 396 2032 palam
406 1994 456 2022 tuam
466 1999 533 2022 noxam
544 1988 648 2030 confitere³,
656 1993 674 2022 et
684 1989 777 2033 quomodo

73 2043 120 2077 hanc
131 2042 232 2084 seduxeris,
244 2051 305 2074 coram
317 2040 387 2075 cunctis
401 2040 489 2082 edissere,
500 2040 607 2076 iubemus⁴.’
630 2041 692 2076 Puella
704 2052 776 2084 quoque
785 2055 804 2085 35

72 2096 183 2140 pertinacius
200 2104 305 2138 erumpens,
318 2093 352 2127 hoc
369 2093 420 2128 illum
432 2093 502 2128 facinus
516 2093 631 2128 commisisse
642 2099 747 2128 constanter
758 2100 777 2128 et

73 2148 197 2183 inuerecunde
208 2146 291 2181 asseruit.
314 2145 414 2181 Admirans
424 2153 485 2181 autem
494 2146 572 2189 iuuenis,
583 2153 600 2181 et
611 2146 676 2181 diaboli
686 2148 777 2182 versutias

73 2202 107 2235 has
120 2212 162 2234 esse
173 2211 210 2234 non
222 2199 313 2243 ignorans,
324 2198 424 2243 plurimum
436 2199 520 2233 anxiatus
531 2206 549 2234 et
561 2200 584 2233 ad
597 2199 652 2233 deum
665 2204 702 2232 tota
715 2205 777 2234 mente

74 2264 175 2289 conuersus
187 2252 244 2287 dixit:
258 2251 347 2286 ‘Domine
358 2251 410 2294 deus,
422 2251 452 2295 qui
465 2251 515 2286 solus
528 2251 639 2286 occultorum
652 2262 672 2286 es
689 2250 778 2296 cognitor,

74 2308 108 2343 hoc
120 2318 166 2351 opus
177 2305 276 2351 iniquitatis
288 2304 385 2339 manifesta
397 2310 415 2339 et
430 2310 461 2339 tua
476 2304 542 2339 virtute
558 2304 576 2338 in
592 2304 673 2349 presenti
690 2305 778 2341 diuinitus
786 2315 807 2344 40

74 2361 152 2403 declara,
162 2365 182 2395 vt
193 2359 304 2404 glorificetur
314 2368 382 2391 nomen
393 2363 446 2391 tuum
458 2363 547 2401 sanctum,
559 2359 607 2402 quod
619 2364 647 2392 est
660 2358 778 2394 benedictum

74 2416 93 2448 in
108 2414 181 2449 secula.¹
203 2413 248 2447 Viro
261 2418 321 2446 autem
336 2411 366 2445 dei
381 2422 422 2445 cum
435 2411 534 2455 lachrymis
549 2411 591 2445 talia
602 2417 706 2456 perorante,
718 2412 779 2447 subito

74 2467 93 2501 in
108 2468 148 2502 loco
163 2477 200 2511 quo
215 2470 305 2501 steterunt
319 2465 377 2509 pedes
392 2464 438 2506 eius,
452 2470 501 2499 terra
516 2464 614 2499 dehiscens
629 2476 651 2500 os
666 2476 721 2501 suum
736 2477 779 2510 ape-

75 2521 116 2563 mit‚
131 2526 149 2553 et
165 2521 184 2553 in
200 2519 258 2553 oculis
275 2518 356 2552 omnium
377 2517 437 2561 ipsam
454 2517 569 2551 absorbendo
587 2517 688 2561 deglutiuit.
718 2519 779 2554 Locus

114 2579 148 2609 ¹T.
155 2588 202 2609 mere
209 2582 274 2617 cogeret
281 2586 321 2608 eum.
366 2575 413 2606 'om
420 2576 437 2606 in
443 2576 461 2606 T.
505 2576 539 2606 ³T.
547 2577 624 2607 confiteri.
664 2577 739 2608 ‘olom
