1762 2803
94 153 96 158 .
135 124 181 166 400
328 109 408 160 tunna
423 105 541 168 tacendo
556 104 648 168 tinctio.

136 231 208 277 trat[er]
220 229 292 277 su[us]¹
301 230 365 266 morbo
375 228 491 274 dissenterio,
498 234 551 274 pater
558 239 602 266 vero
612 227 665 274 quasi
675 231 734 263 morte
744 224 839 262 subitanea

137 285 206 332 [periit]
212 285 223 320 ².

160 404 203 449 [Ms.
211 404 231 440 T.
240 405 276 440 and
284 404 316 439 Ta.
324 404 371 440 add:

151 467 323 553 COnsuetudines
339 473 401 502 autem
417 468 551 512 subsequentes
569 465 651 503 recitauit
668 471 743 501 sanctus
758 464 840 500 Thomas

208 520 345 555 Cantuariensis
355 531 416 555 coram
424 531 473 565 papa
481 520 597 563 Alexandr03
610 531 686 565 quarum
697 519 768 564 aliquas
776 519 840 563 damp-

121 583 129 614 5
138 573 194 616 nauit,
202 573 272 618 aliquas
280 584 324 608 uero
332 574 422 608 tollerauit
428 575 439 607 ³.

160 626 293 671 Dampnauiffl:
306 620 339 662 De
349 627 470 662 aduocacione
477 633 496 662 et
503 626 643 671 presentacione
650 625 768 661 ecclesiarum
774 624 790 660 si
797 636 841 660 con-

138 681 228 714 trouersia
238 680 339 714 emerserit¹
347 680 395 714 inter
408 680 475 715 laicos⁵
485 680 516 714 uel
526 680 575 714 inter
586 678 667 720 clericos,
678 679 698 713 in
711 678 760 713 curia
772 677 842 712 domini

138 732 187 777 regis
198 738 285 767 tractetur
296 737 314 768 et
325 732 438 769 terminetur.
484 732 586 768 Tollerauit:
598 724 683 767 Ecclesie
694 731 717 767 de
728 731 783 766 teudo
793 731 842 775 regis

139 796 176 821 non
185 791 263 831 possunt
274 786 410 832 imperpetuum
417 786 457 822 dari
468 787 537 831 absque
544 797 637 821 consensu
644 785 707 831 ipsius.
772 785 842 829 Demp-

113 855 131 879 10
140 840 199 875 nouit:
215 833 285 876 Clerici
296 840 374 876 accusati
386 842 409 875 de
420 851 528 885 quacunque
539 851 565 882 re,
577 839 682 874 summoniti
692 850 703 872 a
712 838 783 874 iusticia
793 838 842 882 regis

140 893 215 929 uenient
221 893 239 927 in
245 893 314 928 curiam
320 893 378 938 ipsius
385 893 492 937 responsuri
498 893 521 927 de
528 892 562 928 hoc
568 892 636 927 ibidem
641 891 653 934 ⁶,
659 897 677 926 et
684 891 703 926 in
710 892 759 926 curia
765 892 842 926 ecclesie

140 948 189 981 unde
202 946 293 981 uidebitur
306 947 354 989 quod
369 945 392 980 sit
405 945 430 979 ibi
443 946 596 989 respondendum,
607 945 632 978 ita
646 945 695 989 quod
708 944 779 979 iusticia
793 944 843 988 regis

141 998 200 1035 mittet
215 998 234 1033 in
247 998 315 1033 curiam
329 1003 392 1033 sancte
405 997 482 1033 ecclesie
494 999 517 1032 ad
529 998 630 1032 uidendum
643 1008 679 1041 qua
691 997 763 1032 racione
774 1009 805 1032 res
818 998 843 1032 ibi

140 1051 251 1087 tractabitur.
274 1051 297 1086 Et
308 1051 325 1086 si
336 1051 413 1086 clericus
425 1052 519 1086 conuictus
529 1052 559 1086 uel
570 1051 666 1087 confessus
677 1050 735 1093 suerit,
747 1052 771 1087 de
782 1057 843 1087 cetero

114 1117 132 1146 15
141 1116 178 1140 non
193 1106 249 1139 debet
263 1106 310 1139 tucri
325 1116 368 1139 eurn
383 1105 464 1140 ecclesia.
540 1105 663 1149 Dampnam't:
685 1098 843 1149 Archiepiscopis‚

141 1158 233 1203 episcopis
244 1164 262 1192 et
272 1159 357 1203 personis
367 1158 420 1203 regni
430 1168 467 1192 non
477 1158 519 1193 licet
530 1159 581 1192 exire
589 1159 612 1192 de
623 1168 680 1202 regno
691 1158 760 1203 absque
768 1158 843 1193 licencia

141 1212 200 1254 regis;
213 1216 231 1244 et
240 1211 255 1245 si
262 1212 313 1246 exire
321 1211 416 1253 noluerint,
423 1210 439 1246 si
447 1212 485 1255 regi
491 1212 580 1255 placuerit
587 1211 719 1245 assecurabunt
727 1212 775 1255 quod
782 1221 816 1245 nec
824 1211 843 1245 in

142 1265 203 1299 eundo
215 1275 249 1298 nec
261 1264 280 1297 in
291 1275 362 1298 moram
374 1264 457 1299 faciendo
466 1269 565 1308 procurent
576 1264 644 1299 malum
654 1264 684 1299 uel
694 1265 794 1308 dampnum
805 1264 844 1308 regi

141 1318 172 1354 uel
183 1328 246 1362 regno.
295 1318 417 1362 Dampttauil:
431 1311 590 1353 Excommunicati
597 1327 634 1351 non
642 1317 710 1353 debent
718 1318 762 1352 dare
770 1317 844 1352 uadium

115 1385 134 1406 ao
142 1373 165 1408 ad
171 1382 275 1413 remanens,
280 1382 315 1405 nec
321 1377 403 1415 prestare
409 1371 537 1414 iuramentum,
542 1375 571 1406 set
578 1375 649 1405 tantum
655 1370 729 1405 uadium
737 1376 756 1405 et
763 1372 844 1416 plegium

142 1425 202 1461 standi
212 1424 277 1459 iudicio
288 1424 365 1458 ecclesie
375 1429 395 1458 ut
405 1424 528 1459 absoluantur.
552 1423 652 1459 Tollerauit:
667 1424 717 1459 Laici
729 1435 766 1459 non
777 1426 845 1460 debent

143 1477 225 1512 accusari
235 1477 270 1510 nisi
281 1487 315 1520 per
325 1481 385 1511 certos
396 1481 414 1511 et
423 1476 491 1520 legales
501 1481 616 1511 accusatores
627 1481 646 1511 et
653 1481 710 1512 testes
720 1476 740 1511 in
749 1477 846 1521 presencia

143 1529 276 1574 archiepiscopi
291 1529 321 1565 uel
333 1529 419 1573 episcopi,
434 1529 459 1564 ita
472 1530 521 1573 quod
535 1529 673 1564 archidiaconus
686 1541 723 1564 non
736 1531 801 1574 perdat
816 1530 845 1565 ius

144 1593 199 1619 suum
210 1593 244 1617 nec
256 1581 352 1627 quicquam
364 1583 412 1627 quod
425 1582 468 1617 inde
480 1583 556 1626 habeat;
572 1589 590 1617 et
602 1583 617 1617 si
629 1584 675 1618 tales
686 1583 754 1618 suerint
766 1583 796 1629 qui
808 1585 845 1618 cul-

117 1649 135 1679 2⁵
144 1641 211 1682 pantur
219 1637 268 1680 quod
276 1646 313 1670 non
321 1635 365 1671 uelit
373 1641 447 1670 autnon
455 1637 521 1671 audeat
528 1646 560 1671 eos
570 1636 635 1680 aliquis
643 1648 735 1680 accusare,
742 1636 846 1672 uicecornes

144 1689 243 1733 requisitus
253 1690 276 1724 de
287 1700 310 1723 eo
320 1689 373 1723 saciet
384 1689 446 1723 iurare
456 1689 552 1723 duodecim
560 1689 629 1733 legales
639 1689 723 1724 homines
733 1692 757 1724 de
767 1690 846 1724 uicineto

144 1752 178 1778 seu
192 1743 215 1775 de
229 1741 272 1775 uilla
284 1751 345 1775 coram
358 1740 445 1786 episcopo
457 1742 506 1786 quod
521 1741 564 1777 inde
575 1741 671 1776 ueritatem
687 1742 788 1777 secundum
803 1753 846 1777 con-

144 1795 243 1832 scienciam
254 1805 307 1829 suam
318 1793 466 1829 manifestabunt.
509 1794 631 1840 Dampnauit:
644 1787 714 1831 Nullus
725 1796 756 1841 qui
767 1797 791 1831 de
802 1807 846 1840 rege

144 1854 206 1883 teneat
216 1848 235 1881 in
247 1848 305 1892 capite
314 1848 343 1882 uei
354 1848 420 1892 aliquis
433 1848 566 1882 dominicorum
575 1846 700 1883 ministrorum
712 1849 761 1893 regis
772 1859 847 1884 excom-

117 1914 136 1945 50
144 1901 247 1937 municetur
254 1901 284 1935 uel
294 1906 343 1936 terre
354 1900 394 1936 eius
404 1900 450 1935 sub⁷
457 1901 553 1936 interdicto
561 1906 654 1945 ponantur
659 1901 670 1944 Β,
678 1901 714 1936 nisi
725 1901 777 1945 prius
786 1913 820 1936 rex
831 1901 847 1937 si

144 1956 164 1990 in
175 1960 225 1988 terra
236 1953 290 1988 suerit
301 1954 426 1995 conueniatur,
434 1955 463 1988 uel
474 1953 545 1988 iusticia
556 1954 596 1988 eius
608 1955 624 1989 si
636 1959 688 1988 extra
699 1965 777 1997 regnum
788 1954 847 1996 suerit,

144 2013 164 2041 ut
175 2012 245 2040 rectum
257 2007 280 2040 de
292 2006 332 2050 ipso
344 2006 407 2048 faciat,
419 2011 438 2040 et
448 2006 473 2040 ita
483 2011 503 2040 ut
514 2007 562 2051 quod
574 2007 653 2050 pertiuet
664 2008 687 2041 ad
698 2006 767 2041 curiam
778 2006 848 2051 regiam

144 2060 213 2094 ibidem
225 2059 339 2101 terminetur,
350 2064 369 2092 et
380 2060 403 2093 de
415 2071 437 2092 eo
449 2061 498 2103 quod
510 2066 580 2104 spectat
591 2061 615 2093 ad
625 2058 767 2093 ecclesiasticam
779 2060 848 2094 curiam

145 2114 168 2149 ad
184 2113 262 2147 eandem
277 2112 359 2147 mittatur
374 2118 393 2147 ut
404 2112 473 2147 ibidem
488 2115 602 2147 terminetur.
675 2113 797 2156 Dampnauit:
815 2106 848 2148 De

119 2165 305 2211 35appellacionibus,
324 2166 340 2200 si
359 2166 473 2207 emerserint,
491 2167 514 2201 ab
536 2165 663 2200 archidiacono
686 2166 766 2200 debent⁹
784 2177 849 2209 proce·

147 2220 191 2255 dere
202 2219 225 2253 ad
235 2218 342 2262 episcopum
354 2225 372 2254 et
383 2220 406 2253 ab
417 2220 505 2263 episcopo
516 2219 540 2253 ad
551 2218 710 2264 archiepiscopum
716 2231 721 2260 i
733 2225 751 2254 et
762 2218 778 2253 si
789 2219 848 2254 archi-

167 2335 197 2366 ιΤ.
204 2336 252 2366 fratre
259 2344 297 2373 su0;
308 2335 326 2366 E.
331 2336 378 2366 fratre
382 2345 412 2366 suo
417 2335 470 2366 Galsr..
510 2334 517 2355 ²
527 2345 557 2366 om.
566 2334 582 2365 in
589 2334 607 2366 E.
647 2335 653 2353 ³
663 2336 716 2365 These
725 2336 850 2365 ‘constitutions

147 2376 165 2408 of
170 2376 260 2406 Clarcndon
266 2375 270 2388 '
277 2385 304 2406 are
313 2376 338 2408 ed.
345 2376 362 2406 in
369 2376 397 2406 the
404 2375 463 2412 Quadr.
472 2384 515 2414 1495,
524 2375 552 2406 the
557 2374 593 2406 Vita
600 2378 641 2406 auct.
646 2375 690 2406 Witt.
696 2376 741 2407 Cant.
751 2377 849 2415 (Robertson

148 2418 159 2453 l,
168 2426 182 2456 p.
192 2417 223 2455 18),
232 2417 286 2454 Lupus
293 2416 333 2454 Epp.
341 2420 357 2445 et
364 2415 400 2445 Vita
408 2416 436 2445 Th.
444 2424 459 2453 p.
470 2417 503 2453 163,
513 2416 567 2452 Roger
574 2415 672 2446 chdover.
712 2416 718 2434 ⁴
729 2416 752 2446 So
759 2416 796 2452 Ta:
806 2417 823 2445 in
830 2416 848 2446 T.

147 2458 193 2487 these
200 2460 250 2486 terms
256 2465 301 2486 were
309 2465 330 2485 on
337 2456 364 2486 the
371 2455 437 2492 margin.
522 2455 528 2473 ⁵
538 2455 559 2486 al.
566 2455 607 2486 add:
618 2456 643 2486 uel
651 2457 692 2486 inter
699 2455 748 2486 laicos
755 2459 771 2486 et
778 2455 849 2486 clericos.

146 2497 153 2517 ⁶
163 2497 183 2527 al.
191 2505 233 2533 resp.
241 2495 299 2525 ibidem
306 2496 364 2525 dehoc
371 2497 413 2525 unde
421 2495 500 2524 uidebitur
507 2495 549 2524 cun'e
558 2496 600 2533 regis
607 2497 650 2534 quod
657 2496 679 2525 sit
686 2496 708 2525 ibi
715 2496 849 2534 respondendum,

147 2536 187 2606 {tin
195 2546 208 2566 c.
216 2545 230 2564 e.
238 2536 285 2605 rimie,
294 2539 324 2565 etc.
369 2534 602 2565 ¹T.Taue1certesubeius.
642 2535 685 2566 ”Ta
694 2540 766 2574 ponatur.
816 2535 849 2565 li’.

161 2586 175 2606 a.
183 2576 242 2605 nonde
254 2578 286 2605 ent.
