1762 2803
164 135 210 192 Qu
225 133 325 188 &aaut
342 131 444 191 ethome
461 132 644 194 tudiniacum.
710 134 754 190 383

53 268 85 292 eas
93 256 194 298 destruere,
204 255 246 290 ideo
254 261 272 289 te
279 265 332 289 reum
340 254 414 299 periurii
422 254 505 296 dicimus,
511 259 529 287 et
535 253 609 298 periuro
617 253 755 299 archiepiscopo

53 312 77 345 de
89 315 150 344 cetero
165 319 202 342 non
213 308 327 342 obediemus.
350 307 431 351 Ideoque
442 308 465 341 ad
476 306 589 351 presentiam
599 317 648 351 pape
660 312 679 341 te
694 307 756 350 appel·

54 364 119 403 lamus,
127 372 184 405 super
191 361 227 395 hiis
234 361 378 403 responsurum!
401 360 425 393 Et
435 360 484 393 diem
496 365 582 393 statuunt.
606 360 687 392 ‘Audio’
698 360 757 402 inquit

53 414 207 459 archiepiscopus,
252 406 327 448 Extunc
339 411 431 457 principes
443 417 461 447 et
473 413 526 456 regni
539 412 618 447 maiores
630 412 725 457 periurum
739 417 757 448 et

54 469 167 514 proditorem
178 467 322 511 archipresulem
334 466 441 500 iudicarunt.
463 466 531 501 Comes
544 475 589 500 vero
604 465 704 500 Leicestrie
715 472 774 502 cumi

55 522 118 556 multis
129 521 211 565 perrexit
222 521 244 555 ad
256 530 304 561 eum,
316 520 389 554 dicens:
402 519 488 554 ‘Mandat
501 519 534 554 tibi
547 529 580 553 rex
592 524 611 554 vt
620 518 685 554 venias
696 518 757 553 reddi-

55 582 106 610 turus
120 573 209 609 rationem
222 584 279 617 super
292 573 377 615 obiectis;
391 573 471 617 alioquin
481 572 523 606 audi
534 572 621 606 iudicium
632 574 694 607 tuum'
717 573 758 607 ‘lu-

55 627 133 670 dicium,'
141 626 199 671 inquit
210 626 364 670 archiepiscopus,
372 631 390 661 et
400 625 480 660 surrexit
488 625 551 659 diceus
559 638 563 659 :
572 626 576 643 ¹
583 625 648 667 Immo,
656 626 682 660 fili
690 636 758 667 comes,

56 687 73 715 et
85 687 104 715 tu
115 680 167 724 prius
179 681 226 714 audi.
250 679 291 713 Non
303 684 321 714 te
332 679 381 721 latet,
389 679 420 721 fili,
428 689 483 723 quam
494 678 554 713 fidelis
564 677 630 713 fuerim
642 679 694 722 regi:
707 678 759 713 cuius

56 734 83 767 rei
98 733 156 778 gratia
170 743 200 766 me
215 733 234 766 in
249 731 407 777 archiepiscopum
419 730 515 776 promouit,
530 731 576 767 deus
587 730 622 766 scit
635 742 665 766 me
678 732 759 766 nolente.
769 739 787 762 10

57 787 105 821 Nota
116 786 165 820 eninr
176 786 209 819 suit
219 785 264 819 mihi
274 785 371 820 infirmitas
382 795 428 826 mea,
437 790 454 819 et
462 785 521 829 magis
528 796 562 829 pro
570 795 610 828 suo,
618 795 673 831 quam
681 796 716 831 pro
723 785 759 827 dei,

57 850 119 874 amore
127 838 274 882 acquieui-ideo
283 839 329 872 deus
337 845 355 872 et
363 850 385 872 se
394 838 439 873 mihi
447 839 543 880 subtrahit,
551 843 569 873 et
576 839 638 883 ipsum
646 849 714 883 regem.
738 839 759 873 ln

57 893 146 928 electione
157 903 230 937 quoque
243 902 284 926 mea
296 892 374 926 liberum
388 902 418 926 me
431 891 473 927 iecit
485 896 504 927 et
517 892 597 936 quietum
611 892 634 926 ab
647 892 696 926 omni
710 902 759 927 nexu

57 945 129 980 curiali:
146 956 180 980 nec
192 945 286 988 superbis
296 955 306 979 a
317 945 382 988 quibus
393 955 434 979 sum
447 944 540 986 liberatus,
552 949 621 984 teneor,
632 955 666 978 nec
677 944 724 985 volo,
732 955 760 978 re-

57 998 155 1041 spondere.
178 996 251 1038 Quanto
259 996 307 1030 enim
316 996 388 1040 dignior
395 1002 423 1031 est
431 997 492 1031 anima
500 1008 555 1043 quam
563 1007 635 1041 corpus,
644 1002 694 1033 tanto
702 997 760 1042 magis
771 1005 788 1036 15

58 1052 93 1085 deo
105 1056 123 1084 et
135 1050 179 1083 mihi
190 1049 259 1084 teneris
271 1050 346 1085 obedire
357 1061 412 1094 quam
423 1056 498 1085 terreno
510 1051 553 1094 regi.
577 1050 615 1084 Nec
627 1050 658 1085 lex
671 1061 704 1086 nee
715 1051 761 1085 ratio

58 1103 177 1148 permittitur
190 1103 222 1137 filii
235 1109 306 1148 patrem
317 1103 397 1138 iudicent
410 1108 441 1138 aut
452 1103 594 1148 condempnent.
616 1103 670 1139 Vnde
682 1104 731 1149 regis
743 1111 761 1140 et

59 1158 135 1192 aliorum
149 1156 220 1190 declino
232 1155 321 1199 iuditium,
333 1156 368 1191 sub
380 1157 415 1191 deo
428 1157 467 1191 solo
480 1168 491 1191 a
504 1157 579 1191 domiuo
589 1168 637 1201 papa
648 1157 761 1201 iudicandus,

59 1210 111 1244 cuius
122 1209 234 1253 presentiam
246 1209 329 1253 appello;
341 1215 360 1243 et
369 1210 430 1243 omnia
442 1221 483 1244 mea
493 1211 528 1244 sub
538 1211 568 1244 dei
579 1211 691 1255 protectione
699 1217 718 1245 et
727 1222 762 1246 sua

59 1273 114 1308 pono,
126 1267 144 1296 et
155 1261 195 1297 eius
206 1261 312 1297 auctoritate
323 1261 404 1297 munitus
415 1262 457 1297 hinc
465 1263 542 1297 recedo!
584 1256 692 1299 Abeuntem
701 1270 761 1299 autem
771 1273 791 1295 πο

60 1316 219 1359 prosequebantur
230 1315 308 1348 curiales
319 1315 348 1348 et¹
358 1315 473 1350 contumeliis
483 1321 501 1349 et
508 1316 579 1349 iniuriis
588 1315 693 1351 lacessitum
699 1317 711 1357 Ἃ,
719 1328 763 1361 pro·

61 1369 138 1403 ditarem
145 1374 163 1403 et
168 1367 262 1412 periurum
269 1368 395 1403 acclamantes.
415 1367 498 1402 Occurrit
505 1367 521 1403 ei
527 1367 622 1403 multitudo
630 1369 710 1404 maxima
718 1381 763 1415 pau·

61 1432 126 1467 perum
135 1427 153 1456 et
160 1421 275 1456 infirmorum
285 1420 422 1456 acclamantium
433 1427 452 1456 et
459 1421 570 1457 dicentium:
583 1422 704 1458 ‘Benedictus
712 1424 764 1466 dens,

61 1475 92 1519 qui
107 1475 173 1519 eripuit
188 1486 262 1509 seruum
278 1485 332 1509 suum
347 1486 358 1509 a
372 1475 419 1509 facie
433 1474 548 1509 inimieorum
564 1477 650 1510 suorum.y
673 1476 741 1520 Sicque
753 1488 764 1510 a

61 1529 115 1563 turba
123 1534 141 1562 et
149 1529 198 1562 clero
206 1527 311 1571 perducitur
319 1529 342 1562 ad
352 1527 483 1562 monasterium
494 1528 552 1562 sancti
563 1528 645 1563 Andree.
668 1528 692 1562 Et
703 1529 727 1563 ait
737 1530 765 1563 vir
773 1537 792 1566 ¹5

62 1580 92 1615 dei
104 1581 222 1625 sequentibus
234 1591 265 1614 se:
278 1580 348 1622 ‘Quam
360 1579 438 1623 gloriosa
449 1580 543 1625 processio
555 1592 589 1615 nos
602 1581 686 1616 conducit
697 1593 708 1616 a
719 1582 766 1617 facie

62 1633 176 1668 tribulantis!
189 1632 247 1667 Sinite
257 1643 349 1677 pauperes
357 1643 422 1666 omnes
430 1633 508 1674 intrare,'
516 1633 579 1677 inquit,
587 1635 615 1668 ‘vt
623 1635 642 1668 in
650 1634 725 1668 domino
733 1636 766 1669 ad·

63 1686 142 1721 inuicem
155 1685 271 1730 epulemur':
288 1691 305 1720 et
318 1684 394 1730 implete
407 1692 449 1721 sunt
464 1687 530 1721 domus
544 1691 563 1722 et
578 1686 635 1722 atria³¹
649 1688 766 1724 discumben-

63 1740 112 1774 tium.
146 1740 203 1774 Nocte
219 1750 263 1774 vero
278 1740 309 1773 illa
321 1750 383 1773 coram
398 1740 455 1774 altare
470 1750 511 1774 curn
522 1741 590 1784 paucis,
601 1746 673 1786 septem
685 1742 767 1785 psalmos

64 1804 106 1826 cum
118 1793 185 1826 letania
197 1792 266 1834 cecinit,
274 1794 297 1826 ad
307 1792 420 1835 singulorum
429 1797 534 1826 sanctorum
546 1792 621 1827 nomina
632 1793 714 1837 singulas
725 1794 767 1829 iecit
775 1804 795 1834 so

64 1845 212 1889 genuflectiones.
236 1844 308 1879 Deinde
322 1855 356 1889 per
369 1847 460 1890 posticum
475 1852 546 1880 secrete
561 1846 631 1889 exiens,
644 1857 709 1891 parum
724 1853 767 1884 ante

64 1899 175 1943 gallicinium
186 1900 318 1932 clandestinam
329 1899 368 1932 iniit
377 1898 444 1942 sugam.
489 1891 539 1933 Ecce
551 1898 638 1943 fugitiuus
648 1899 679 1934 ille
691 1900 767 1937 heritius

65 1953 88 1987 de
99 1964 135 1997 quo
146 1952 232 1986 diaconus
243 1952 317 1996 quidam
324 1952 369 1986 vidit
380 1952 399 1985 in
407 1951 483 1986 visione.
506 1952 553 1986 Nam
561 1963 605 1996 rege
613 1952 717 1998 Anglorum
725 1965 767 1989 cum

64 2006 155 2040 vniuersis
163 2005 254 2039 nobilibus
262 2011 280 2039 et
287 2005 363 2049 prelatis
370 2011 450 2039 venante
458 2004 476 2039 in
484 2006 524 2039 loco
532 2005 563 2049 qui
571 2006 636 2040 dieitur
643 2006 750 2050 Wanberge
755 2008 767 2051 ⁴,

66 2059 122 2093 exiliit
134 2059 209 2093 beritius
219 2059 242 2092 de
255 2058 316 2092 medio
327 2058 415 2101 ipsorum,
427 2063 514 2100 tanquam
525 2058 604 2091 tumultu
615 2060 721 2094 venantium
735 2072 768 2095 ex·
776 2070 795 2099 35

66 2111 136 2146 citatus.
159 2111 219 2153 Quem
230 2109 289 2145 cuncti
301 2109 384 2144 videntes
392 2109 461 2154 agitare
472 2110 582 2145 clamoribus
592 2116 610 2145 et
621 2111 769 2149 insultationibus

67 2170 159 2208 ceperunt.
183 2164 226 2209 lpse
238 2175 275 2198 non
284 2163 303 2198 in
312 2163 401 2198 directum
409 2164 443 2198 sed
450 2174 485 2208 per
492 2164 585 2199 flexuosas
595 2165 656 2206 calles,
664 2171 740 2211 portans
749 2166 769 2201 in

67 2219 122 2253 dorso
130 2230 163 2253 suo
170 2219 237 2253 librum
245 2217 354 2253 intitulatum
361 2218 427 2252 ‘Actus
435 2217 599 2261 apostolorum,'ad
607 2229 659 2254 mare
666 2219 769 2256 festinabat.

68 2271 127 2306 Nemo
140 2278 201 2307 autem
214 2283 277 2306 eorum
290 2272 321 2317 qui
336 2273 460 2316 sequebantur
475 2277 515 2306 erat
527 2271 568 2307 sine
581 2272 625 2307 vitio
640 2273 722 2317 eorporis
735 2275 769 2317 sui,

67 2326 101 2360 sed
112 2331 143 2360 aut
154 2337 209 2361 cecus
218 2331 248 2360 aut
259 2326 322 2360 luscus
333 2330 364 2359 aut
375 2325 451 2360 claudus
462 2331 492 2359 aut
504 2325 557 2360 labiis
568 2326 662 2361 mutilatus
671 2332 701 2361 aut
712 2327 770 2362 naso⁰
777 2337 798 2367 ao

67 2379 168 2413 videbatur.
190 2379 274 2413 'landem
282 2389 324 2412 cum
335 2378 412 2412 beritius
419 2378 500 2412 venisset
511 2379 534 2412 ad
542 2389 598 2421 mare,
606 2379 656 2413 misit
664 2390 685 2413 se
693 2379 711 2413 in
720 2380 770 2421 illud,

68 2435 86 2464 et
101 2431 177 2466 ulterius
195 2442 232 2466 non
249 2431 355 2474 comparuit.
385 2431 439 2474 Quod
453 2431 538 2465 videntes
553 2431 583 2475 qui
603 2442 645 2467 eum
664 2433 770 2477 persequuti

69 2483 249 2528 [fuerant‚reuersi]⁶
257 2489 305 2520 sunt.
328 2484 351 2519 Et
363 2494 406 2519 ecce
417 2484 491 2519 suborta
503 2489 532 2519 est
543 2484 611 2519 nebula
621 2485 679 2520 densa
690 2491 709 2520 et
719 2491 770 2520 tene-

89 2561 210 2602 ¹Q.etinuidi.
249 2564 318 2602 ²⁵⁰0«,
326 2564 346 2596 at
354 2574 384 2596 om.
425 2564 459 2596 ³13.
467 2564 511 2596 atrie.
553 2563 772 2604 ‘Q.inluco..Waberge.

69 2601 75 2620 ⁵
85 2603 103 2635 E.
110 2610 137 2635 aut
144 2606 185 2635 simo
191 2615 206 2637 v.
215 2614 254 2636 naso
258 2615 263 2643 ;
273 2605 291 2636 Τ.
299 2610 326 2636 aut
333 2615 372 2635 naso
379 2615 394 2637 v.
434 2604 440 2622 ⁸
450 2605 512 2635 fuerant
519 2605 580 2636 reuersi
587 2614 617 2635 cm.
624 2606 641 2634 in
648 2605 666 2636 E.
