<?xml version="1.0" encoding="UTF-8"?>
<!DOCTYPE html PUBLIC "-//W3C//DTD XHTML 1.0 Transitional//EN"
    "http://www.w3.org/TR/xhtml1/DTD/xhtml1-transitional.dtd">
<html xmlns="http://www.w3.org/1999/xhtml" xml:lang="en" lang="en">
 <head>
  <title>
</title>
<meta http-equiv="Content-Type" content="text/html;charset=utf-8" />
  <meta name='ocr-system' content='tesseract 3.04.00' />
  <meta name='ocr-capabilities' content='ocr_page ocr_carea ocr_par ocr_line ocrx_word'/>
</head>
<body>
  <div class='ocr_page' id='page_1' title='image "./MN5111ucmf_0/MN5111ucmf_0_0772.png"; bbox 0 0 1762 2803; ppageno 0'>
   <div class='ocr_carea' id='block_1_1' title="bbox 137 127 657 213">
    <p class='ocr_par' dir='ltr' id='par_1_1' title="bbox 137 127 657 213">
     <span class='ocr_line' id='line_1_1' title="bbox 137 127 657 213; baseline 0.013 -24"><span class='ocrx_word' id='word_1_1' title='bbox 137 127 191 202; x_wconf 74' lang='lat'><strong>&#39;156</strong></span> <span class='ocrx_word' id='word_1_2' title='bbox 238 209 239 213; x_wconf 7' lang='grc' dir='ltr'><strong>Ἰ</strong></span> <span class='ocrx_word' id='word_1_3' title='bbox 338 145 417 198; x_wconf 67' lang='lat' dir='ltr'>nont</span> <span class='ocrx_word' id='word_1_4' title='bbox 432 143 549 206; x_wconf 69' lang='lat' dir='ltr'>treenta</span> <span class='ocrx_word' id='word_1_5' title='bbox 563 142 657 206; x_wconf 69' lang='lat' dir='ltr'>aneta</span> 
     </span>
    </p>
   </div>
   <div class='ocr_carea' id='block_1_2' title="bbox 122 263 850 880">
    <p class='ocr_par' dir='ltr' id='par_1_2' title="bbox 147 263 849 468">
     <span class='ocr_line' id='line_1_2' title="bbox 147 263 848 309; baseline 0.001 -10"><span class='ocrx_word' id='word_1_6' title='bbox 147 269 237 309; x_wconf 81' lang='lat' dir='ltr'>potestate</span> <span class='ocrx_word' id='word_1_7' title='bbox 249 263 303 298; x_wconf 91' lang='lat' dir='ltr'>huius</span> <span class='ocrx_word' id='word_1_8' title='bbox 314 264 404 299; x_wconf 88' lang='lat' dir='ltr'>liberaret.</span> <span class='ocrx_word' id='word_1_9' title='bbox 427 265 476 300; x_wconf 87' lang='lat' dir='ltr'>Dum</span> <span class='ocrx_word' id='word_1_10' title='bbox 487 265 521 300; x_wconf 88' lang='lat' dir='ltr'>hec</span> <span class='ocrx_word' id='word_1_11' title='bbox 533 265 624 308; x_wconf 82' lang='lat' dir='ltr'>cogitaret,</span> <span class='ocrx_word' id='word_1_12' title='bbox 633 263 718 299; x_wconf 90' lang='lat' dir='ltr'>inimicus</span> <span class='ocrx_word' id='word_1_13' title='bbox 729 263 759 298; x_wconf 88' lang='lat' dir='ltr'>ille</span> <span class='ocrx_word' id='word_1_14' title='bbox 767 265 848 309; x_wconf 86' lang='lat' dir='ltr'>accessit,</span> 
     </span>
     <span class='ocr_line' id='line_1_3' title="bbox 147 316 849 362; baseline 0.003 -11"><span class='ocrx_word' id='word_1_15' title='bbox 147 323 166 352; x_wconf 90' lang='lat' dir='ltr'>et</span> <span class='ocrx_word' id='word_1_16' title='bbox 175 323 241 352; x_wconf 87' lang='lat' dir='ltr'>tenens</span> <span class='ocrx_word' id='word_1_17' title='bbox 250 317 332 362; x_wconf 83' lang='lat' dir='ltr'>gladium</span> <span class='ocrx_word' id='word_1_18' title='bbox 343 318 417 362; x_wconf 86' lang='lat' dir='ltr'>igneum</span> <span class='ocrx_word' id='word_1_19' title='bbox 427 317 543 351; x_wconf 83' lang='lat' dir='ltr'>membratim</span> <span class='ocrx_word' id='word_1_20' title='bbox 553 316 614 351; x_wconf 91' lang='lat' dir='ltr'>diuisit</span> <span class='ocrx_word' id='word_1_21' title='bbox 625 327 673 358; x_wconf 91' lang='lat' dir='ltr'>eum,</span> <span class='ocrx_word' id='word_1_22' title='bbox 685 316 757 360; x_wconf 88' lang='lat' dir='ltr'>singula</span> <span class='ocrx_word' id='word_1_23' title='bbox 767 319 849 353; x_wconf 87' lang='lat' dir='ltr'>membra</span> 
     </span>
     <span class='ocr_line' id='line_1_4' title="bbox 147 370 848 416; baseline 0.003 -11"><span class='ocrx_word' id='word_1_24' title='bbox 147 371 212 416; x_wconf 88' lang='lat' dir='ltr'>parieti</span> <span class='ocrx_word' id='word_1_25' title='bbox 220 373 333 415; x_wconf 85' lang='lat' dir='ltr'>appendens.</span> <span class='ocrx_word' id='word_1_26' title='bbox 349 371 453 405; x_wconf 88' lang='lat' dir='ltr'>Nouissime</span> <span class='ocrx_word' id='word_1_27' title='bbox 461 376 515 415; x_wconf 89' lang='lat' dir='ltr'>caput</span> <span class='ocrx_word' id='word_1_28' title='bbox 523 370 562 405; x_wconf 89' lang='lat' dir='ltr'>eius</span> <span class='ocrx_word' id='word_1_29' title='bbox 570 381 612 405; x_wconf 84' lang='lat' dir='ltr'>curn</span> <span class='ocrx_word' id='word_1_30' title='bbox 619 370 678 405; x_wconf 88' lang='lat' dir='ltr'>torto1</span> <span class='ocrx_word' id='word_1_31' title='bbox 686 370 752 405; x_wconf 86' lang='lat' dir='ltr'>malleo</span> <span class='ocrx_word' id='word_1_32' title='bbox 759 370 848 407; x_wconf 85' lang='lat' dir='ltr'>eontriuit.</span> 
     </span>
     <span class='ocr_line' id='line_1_5' title="bbox 148 423 849 468; baseline 0.001 -10"><span class='ocrx_word' id='word_1_33' title='bbox 148 424 172 459; x_wconf 88' lang='lat' dir='ltr'>Et</span> <span class='ocrx_word' id='word_1_34' title='bbox 179 435 221 459; x_wconf 90' lang='lat' dir='ltr'>ecce</span> <span class='ocrx_word' id='word_1_35' title='bbox 229 424 288 458; x_wconf 87' lang='lat' dir='ltr'>subito</span> <span class='ocrx_word' id='word_1_36' title='bbox 297 428 370 458; x_wconf 88' lang='lat' dir='ltr'>sanctus</span> <span class='ocrx_word' id='word_1_37' title='bbox 379 423 463 458; x_wconf 89' lang='lat' dir='ltr'>Macutus</span> <span class='ocrx_word' id='word_1_38' title='bbox 471 423 572 458; x_wconf 88' lang='lat' dir='ltr'>adueniens</span> <span class='ocrx_word' id='word_1_39' title='bbox 583 423 674 457; x_wconf 83' lang='lat' dir='ltr'>diabolum</span> <span class='ocrx_word' id='word_1_40' title='bbox 682 423 757 468; x_wconf 83' lang='lat' dir='ltr'>expulit,</span> <span class='ocrx_word' id='word_1_41' title='bbox 766 424 849 459; x_wconf 90' lang='lat' dir='ltr'>membra</span> 
     </span>
    </p>

    <p class='ocr_par' dir='ltr' id='par_1_3' title="bbox 131 470 849 732">
     <span class='ocr_line' id='line_1_6' title="bbox 131 470 849 522; baseline 0.001 -10"><span class='ocrx_word' id='word_1_42' title='bbox 131 478 210 519; x_wconf 89' lang='lat' dir='ltr'>5omnia</span> <span class='ocrx_word' id='word_1_43' title='bbox 221 477 356 521; x_wconf 88' lang='lat' dir='ltr'>redintegrauit,</span> <span class='ocrx_word' id='word_1_44' title='bbox 368 483 386 511; x_wconf 90' lang='lat' dir='ltr'>et</span> <span class='ocrx_word' id='word_1_45' title='bbox 402 477 496 511; x_wconf 89' lang='lat' dir='ltr'>hominem</span> <span class='ocrx_word' id='word_1_46' title='bbox 508 477 580 512; x_wconf 88' lang='lat' dir='ltr'>sanitati</span> <span class='ocrx_word' id='word_1_47' title='bbox 592 470 759 512; x_wconf 81' lang='lat' dir='ltr'>restituit—Die</span> <span class='ocrx_word' id='word_1_48' title='bbox 770 477 849 522; x_wconf 89' lang='lat' dir='ltr'>quadam</span> 
     </span>
     <span class='ocr_line' id='line_1_7' title="bbox 148 529 849 572; baseline 0 -9"><span class='ocrx_word' id='word_1_49' title='bbox 148 535 222 563; x_wconf 85' lang='lat' dir='ltr'>sanctus</span> <span class='ocrx_word' id='word_1_50' title='bbox 231 529 314 562; x_wconf 89' lang='lat' dir='ltr'>Macutus</span> <span class='ocrx_word' id='word_1_51' title='bbox 322 540 364 562; x_wconf 86' lang='lat' dir='ltr'>cum</span> <span class='ocrx_word' id='word_1_52' title='bbox 372 529 410 561; x_wconf 89' lang='lat' dir='ltr'>suis</span> <span class='ocrx_word' id='word_1_53' title='bbox 418 529 512 571; x_wconf 85' lang='lat' dir='ltr'>discipulis</span> <span class='ocrx_word' id='word_1_54' title='bbox 520 530 538 561; x_wconf 93' lang='lat' dir='ltr'>in</span> <span class='ocrx_word' id='word_1_55' title='bbox 550 540 614 571; x_wconf 88' lang='lat' dir='ltr'>agrurn</span> <span class='ocrx_word' id='word_1_56' title='bbox 627 540 682 562; x_wconf 87' lang='lat' dir='ltr'>causa</span> <span class='ocrx_word' id='word_1_57' title='bbox 693 530 769 572; x_wconf 89' lang='lat' dir='ltr'>putandi</span> <span class='ocrx_word' id='word_1_58' title='bbox 776 530 849 564; x_wconf 87' lang='lat' dir='ltr'>vineam</span> 
     </span>
     <span class='ocr_line' id='line_1_8' title="bbox 148 580 849 627; baseline 0.001 -12"><span class='ocrx_word' id='word_1_59' title='bbox 148 592 233 627; x_wconf 84' lang='lat' dir='ltr'>pergens,</span> <span class='ocrx_word' id='word_1_60' title='bbox 249 592 314 625; x_wconf 88' lang='lat' dir='ltr'>capam</span> <span class='ocrx_word' id='word_1_61' title='bbox 329 580 348 615; x_wconf 94' lang='lat' dir='ltr'>in</span> <span class='ocrx_word' id='word_1_62' title='bbox 363 581 442 625; x_wconf 88' lang='lat' dir='ltr'>quodam</span> <span class='ocrx_word' id='word_1_63' title='bbox 457 580 510 616; x_wconf 88' lang='lat' dir='ltr'>vinee</span> <span class='ocrx_word' id='word_1_64' title='bbox 525 581 565 616; x_wconf 89' lang='lat' dir='ltr'>loco</span> <span class='ocrx_word' id='word_1_65' title='bbox 580 581 670 626; x_wconf 83' lang='lat' dir='ltr'>deposuit.</span> <span class='ocrx_word' id='word_1_66' title='bbox 698 581 774 616; x_wconf 86' lang='lat' dir='ltr'>Peracto</span> <span class='ocrx_word' id='word_1_67' title='bbox 789 587 849 618; x_wconf 87' lang='lat' dir='ltr'>autem</span> 
     </span>
     <span class='ocr_line' id='line_1_9' title="bbox 148 634 849 680; baseline 0 -10"><span class='ocrx_word' id='word_1_68' title='bbox 148 636 210 671; x_wconf 86' lang='lat' dir='ltr'>labore</span> <span class='ocrx_word' id='word_1_69' title='bbox 222 647 264 669; x_wconf 90' lang='lat' dir='ltr'>cum</span> <span class='ocrx_word' id='word_1_70' title='bbox 276 635 333 670; x_wconf 90' lang='lat' dir='ltr'>vellet</span> <span class='ocrx_word' id='word_1_71' title='bbox 346 646 410 680; x_wconf 89' lang='lat' dir='ltr'>capam</span> <span class='ocrx_word' id='word_1_72' title='bbox 423 635 526 678; x_wconf 80' lang='lat' dir='ltr'>reinduere,</span> <span class='ocrx_word' id='word_1_73' title='bbox 538 634 634 669; x_wconf 84' lang='lat' dir='ltr'>inuentum</span> <span class='ocrx_word' id='word_1_74' title='bbox 645 639 674 670; x_wconf 91' lang='lat' dir='ltr'>est</span> <span class='ocrx_word' id='word_1_75' title='bbox 686 634 705 670; x_wconf 89' lang='lat' dir='ltr'>in</span> <span class='ocrx_word' id='word_1_76' title='bbox 718 646 740 670; x_wconf 91' lang='lat' dir='ltr'>ea</span> <span class='ocrx_word' id='word_1_77' title='bbox 755 634 849 671; x_wconf 90' lang='lat' dir='ltr'>cuiusdam</span> 
     </span>
     <span class='ocr_line' id='line_1_10' title="bbox 148 688 849 732; baseline 0 -9"><span class='ocrx_word' id='word_1_78' title='bbox 148 688 218 723; x_wconf 91' lang='lat' dir='ltr'>auicule</span> <span class='ocrx_word' id='word_1_79' title='bbox 230 699 291 722; x_wconf 88' lang='lat' dir='ltr'>ouum.</span> <span class='ocrx_word' id='word_1_80' title='bbox 314 689 354 730; x_wconf 81' lang='lat' dir='ltr'>Quo</span> <span class='ocrx_word' id='word_1_81' title='bbox 366 688 444 731; x_wconf 85' lang='lat' dir='ltr'>cognito,</span> <span class='ocrx_word' id='word_1_82' title='bbox 452 688 480 722; x_wconf 90' lang='lat' dir='ltr'>vir</span> <span class='ocrx_word' id='word_1_83' title='bbox 492 688 522 722; x_wconf 93' lang='lat' dir='ltr'>dei</span> <span class='ocrx_word' id='word_1_84' title='bbox 533 689 625 732; x_wconf 86' lang='lat' dir='ltr'>prohibuit</span> <span class='ocrx_word' id='word_1_85' title='bbox 636 689 764 723; x_wconf 91' lang='lat' dir='ltr'>indumentum</span> <span class='ocrx_word' id='word_1_86' title='bbox 775 690 798 722; x_wconf 91' lang='lat' dir='ltr'>de</span> <span class='ocrx_word' id='word_1_87' title='bbox 810 690 849 723; x_wconf 90' lang='lat' dir='ltr'>loco</span> 
     </span>
    </p>

    <p class='ocr_par' dir='ltr' id='par_1_4' title="bbox 122 740 850 880">
     <span class='ocr_line' id='line_1_11' title="bbox 122 740 850 785; baseline 0.003 -11"><span class='ocrx_word' id='word_1_88' title='bbox 122 753 140 775; x_wconf 77' lang='grc' dir='ltr'>ιο</span> <span class='ocrx_word' id='word_1_89' title='bbox 148 741 230 776; x_wconf 89' lang='lat' dir='ltr'>amoueri</span> <span class='ocrx_word' id='word_1_90' title='bbox 235 741 247 783; x_wconf 71' lang='lat'>⁴²,</span> <span class='ocrx_word' id='word_1_91' title='bbox 255 742 314 775; x_wconf 91' lang='lat' dir='ltr'>donec</span> <span class='ocrx_word' id='word_1_92' title='bbox 322 752 366 775; x_wconf 91' lang='lat' dir='ltr'>suos</span> <span class='ocrx_word' id='word_1_93' title='bbox 377 740 447 775; x_wconf 87' lang='lat' dir='ltr'>auicula</span> <span class='ocrx_word' id='word_1_94' title='bbox 456 741 517 785; x_wconf 90' lang='lat' dir='ltr'>pullos</span> <span class='ocrx_word' id='word_1_95' title='bbox 527 741 638 775; x_wconf 81' lang='lat' dir='ltr'>excluderet.</span> <span class='ocrx_word' id='word_1_96' title='bbox 662 741 737 776; x_wconf 84' lang='lat' dir='ltr'>Interim</span> <span class='ocrx_word' id='word_1_97' title='bbox 748 751 791 775; x_wconf 87' lang='lat' dir='ltr'>vero</span> <span class='ocrx_word' id='word_1_98' title='bbox 800 742 850 777; x_wconf 90' lang='lat' dir='ltr'>nulla</span> 
     </span>
     <span class='ocr_line' id='line_1_12' title="bbox 148 794 849 838; baseline 0 -9"><span class='ocrx_word' id='word_1_99' title='bbox 148 796 196 829; x_wconf 86' lang='lat' dir='ltr'>aeris</span> <span class='ocrx_word' id='word_1_100' title='bbox 205 794 325 837; x_wconf 86' lang='lat' dir='ltr'>intemperies</span> <span class='ocrx_word' id='word_1_101' title='bbox 334 794 363 827; x_wconf 88' lang='lat' dir='ltr'>vel</span> <span class='ocrx_word' id='word_1_102' title='bbox 373 795 435 837; x_wconf 87' lang='lat' dir='ltr'>pluuia</span> <span class='ocrx_word' id='word_1_103' title='bbox 445 795 506 838; x_wconf 88' lang='lat' dir='ltr'>ipsum</span> <span class='ocrx_word' id='word_1_104' title='bbox 517 794 564 828; x_wconf 87' lang='lat' dir='ltr'>sacri</span> <span class='ocrx_word' id='word_1_105' title='bbox 574 795 655 838; x_wconf 88' lang='lat' dir='ltr'>presulis</span> <span class='ocrx_word' id='word_1_106' title='bbox 666 795 796 829; x_wconf 89' lang='lat' dir='ltr'>vestimentum</span> <span class='ocrx_word' id='word_1_107' title='bbox 808 806 849 829; x_wconf 91' lang='lat' dir='ltr'>con-</span> 
     </span>
     <span class='ocr_line' id='line_1_13' title="bbox 149 845 248 880; baseline -0.01 0"><span class='ocrx_word' id='word_1_108' title='bbox 149 845 248 880; x_wconf 88' lang='lat' dir='ltr'>taminauit.</span> 
     </span>
    </p>
   </div>
   <div class='ocr_carea' id='block_1_3' title="bbox 233 976 767 1021">
    <p class='ocr_par' dir='ltr' id='par_1_5' title="bbox 233 976 767 1021">
     <span class='ocr_line' id='line_1_14' title="bbox 233 976 767 1021; baseline -0.004 0"><span class='ocrx_word' id='word_1_109' title='bbox 233 984 248 1021; x_wconf 59' lang='lat' dir='ltr'>ii</span> <span class='ocrx_word' id='word_1_110' title='bbox 260 976 293 1019; x_wconf 84' lang='lat' dir='ltr'>DE</span> <span class='ocrx_word' id='word_1_111' title='bbox 304 994 375 1019; x_wconf 79' lang='lat' dir='ltr'><strong>SANCTO</strong></span> <span class='ocrx_word' id='word_1_112' title='bbox 388 976 493 1019; x_wconf 73' lang='lat' dir='ltr'>Mactonro</span> <span class='ocrx_word' id='word_1_113' title='bbox 505 994 593 1019; x_wconf 83' lang='lat' dir='ltr'>EPISCOPO</span> <span class='ocrx_word' id='word_1_114' title='bbox 604 994 627 1019; x_wconf 86' lang='lat' dir='ltr'>ET</span> <span class='ocrx_word' id='word_1_115' title='bbox 639 982 767 1019; x_wconf 70' lang='lat' dir='ltr'><strong>CONFESSORE.³</strong></span> 
     </span>
    </p>
   </div>
   <div class='ocr_carea' id='block_1_4' title="bbox 123 1057 852 2467">
    <p class='ocr_par' dir='ltr' id='par_1_6' title="bbox 123 1057 852 2467">
     <span class='ocr_line' id='line_1_15' title="bbox 152 1057 850 1138; baseline -0.001 -45"><span class='ocrx_word' id='word_1_116' title='bbox 152 1058 255 1138; x_wconf 76' lang='lat' dir='ltr'>SAnctus</span> <span class='ocrx_word' id='word_1_117' title='bbox 269 1057 375 1101; x_wconf 77' lang='lat' dir='ltr'>MagloriuS,</span> <span class='ocrx_word' id='word_1_118' title='bbox 389 1058 441 1102; x_wconf 84' lang='lat' dir='ltr'>quasi</span> <span class='ocrx_word' id='word_1_119' title='bbox 458 1058 548 1102; x_wconf 66' lang='lat' dir='ltr'>‘magna4</span> <span class='ocrx_word' id='word_1_120' title='bbox 559 1057 627 1102; x_wconf 87' lang='lat' dir='ltr'>gloria,’</span> <span class='ocrx_word' id='word_1_121' title='bbox 644 1058 710 1092; x_wconf 86' lang='lat' dir='ltr'>merito</span> <span class='ocrx_word' id='word_1_122' title='bbox 726 1057 757 1091; x_wconf 88' lang='lat' dir='ltr'>tali</span> <span class='ocrx_word' id='word_1_123' title='bbox 773 1057 850 1101; x_wconf 84' lang='lat' dir='ltr'>refulget</span> 
     </span>
     <span class='ocr_line' id='line_1_16' title="bbox 205 1110 851 1155; baseline 0.002 -11"><span class='ocrx_word' id='word_1_124' title='bbox 205 1111 285 1154; x_wconf 89' lang='lat' dir='ltr'>nomine,</span> <span class='ocrx_word' id='word_1_125' title='bbox 299 1111 347 1154; x_wconf 86' lang='lat' dir='ltr'>quod</span> <span class='ocrx_word' id='word_1_126' title='bbox 362 1110 459 1154; x_wconf 88' lang='lat' dir='ltr'>acquisiuit</span> <span class='ocrx_word' id='word_1_127' title='bbox 473 1110 492 1144; x_wconf 91' lang='lat' dir='ltr'>in</span> <span class='ocrx_word' id='word_1_128' title='bbox 506 1122 568 1155; x_wconf 88' lang='lat' dir='ltr'>opere.</span> <span class='ocrx_word' id='word_1_129' title='bbox 591 1110 627 1144; x_wconf 87' lang='lat' dir='ltr'>Hic</span> <span class='ocrx_word' id='word_1_130' title='bbox 642 1111 661 1144; x_wconf 92' lang='lat' dir='ltr'>in</span> <span class='ocrx_word' id='word_1_131' title='bbox 677 1111 742 1144; x_wconf 88' lang='lat' dir='ltr'>Maiori</span> <span class='ocrx_word' id='word_1_132' title='bbox 758 1110 851 1145; x_wconf 82' lang='lat' dir='ltr'>Britannia</span> 
     </span>
     <span class='ocr_line' id='line_1_17' title="bbox 123 1163 850 1207; baseline 0.004 -13"><span class='ocrx_word' id='word_1_133' title='bbox 123 1174 141 1205; x_wconf 82' lang='lat'>¹5</span> <span class='ocrx_word' id='word_1_134' title='bbox 150 1163 244 1205; x_wconf 86' lang='lat' dir='ltr'>oriundus,</span> <span class='ocrx_word' id='word_1_135' title='bbox 251 1174 320 1207; x_wconf 86' lang='lat' dir='ltr'>genere</span> <span class='ocrx_word' id='word_1_136' title='bbox 331 1163 440 1206; x_wconf 83' lang='lat' dir='ltr'>spectabilis,</span> <span class='ocrx_word' id='word_1_137' title='bbox 449 1163 507 1196; x_wconf 87' lang='lat' dir='ltr'>sancti</span> <span class='ocrx_word' id='word_1_138' title='bbox 519 1164 629 1205; x_wconf 85' lang='lat' dir='ltr'>Sampsonis</span> <span class='ocrx_word' id='word_1_139' title='bbox 641 1174 717 1198; x_wconf 89' lang='lat' dir='ltr'>consors</span> <span class='ocrx_word' id='word_1_140' title='bbox 729 1163 792 1198; x_wconf 84' lang='lat' dir='ltr'>extitit.</span> <span class='ocrx_word' id='word_1_141' title='bbox 815 1163 850 1204; x_wconf 82' lang='lat' dir='ltr'>Qui</span> 
     </span>
     <span class='ocr_line' id='line_1_18' title="bbox 150 1212 850 1256; baseline -0.001 -9"><span class='ocrx_word' id='word_1_142' title='bbox 150 1215 205 1248; x_wconf 89' lang='lat' dir='ltr'>etiam</span> <span class='ocrx_word' id='word_1_143' title='bbox 220 1215 313 1247; x_wconf 85' lang='lat' dir='ltr'>decedens</span> <span class='ocrx_word' id='word_1_144' title='bbox 330 1224 372 1246; x_wconf 90' lang='lat' dir='ltr'>eum</span> <span class='ocrx_word' id='word_1_145' title='bbox 388 1213 407 1245; x_wconf 91' lang='lat' dir='ltr'>in</span> <span class='ocrx_word' id='word_1_146' title='bbox 422 1213 529 1256; x_wconf 83' lang='lat' dir='ltr'>episcopatu</span> <span class='ocrx_word' id='word_1_147' title='bbox 548 1212 630 1247; x_wconf 75' lang='lat' dir='ltr'>dolensi³</span> <span class='ocrx_word' id='word_1_148' title='bbox 647 1213 682 1247; x_wconf 91' lang='lat' dir='ltr'>sibi</span> <span class='ocrx_word' id='word_1_149' title='bbox 701 1212 794 1247; x_wconf 88' lang='lat' dir='ltr'>constituit</span> <span class='ocrx_word' id='word_1_150' title='bbox 810 1224 850 1247; x_wconf 92' lang='lat' dir='ltr'>suc·</span> 
     </span>
     <span class='ocr_line' id='line_1_19' title="bbox 150 1265 850 1310; baseline -0.004 -9"><span class='ocrx_word' id='word_1_151' title='bbox 150 1276 248 1301; x_wconf 83' lang='lat' dir='ltr'>cessorem.</span> <span class='ocrx_word' id='word_1_152' title='bbox 270 1265 306 1300; x_wconf 90' lang='lat' dir='ltr'>Vbi</span> <span class='ocrx_word' id='word_1_153' title='bbox 321 1276 363 1300; x_wconf 89' lang='lat' dir='ltr'>curn</span> <span class='ocrx_word' id='word_1_154' title='bbox 378 1266 508 1310; x_wconf 84' lang='lat' dir='ltr'>spectabilibus</span> <span class='ocrx_word' id='word_1_155' title='bbox 524 1266 638 1300; x_wconf 83' lang='lat' dir='ltr'>documentis</span> <span class='ocrx_word' id='word_1_156' title='bbox 653 1266 708 1300; x_wconf 89' lang='lat' dir='ltr'>simul</span> <span class='ocrx_word' id='word_1_157' title='bbox 724 1272 742 1300; x_wconf 87' lang='lat' dir='ltr'>et</span> <span class='ocrx_word' id='word_1_158' title='bbox 759 1265 850 1310; x_wconf 79' lang='lat' dir='ltr'>exemplis</span> 
     </span>
     <span class='ocr_line' id='line_1_20' title="bbox 150 1319 849 1365; baseline -0.001 -11"><span class='ocrx_word' id='word_1_159' title='bbox 150 1320 264 1362; x_wconf 86' lang='lat' dir='ltr'>enitesceret,</span> <span class='ocrx_word' id='word_1_160' title='bbox 276 1320 353 1363; x_wconf 83' lang='lat' dir='ltr'>angelus</span> <span class='ocrx_word' id='word_1_161' title='bbox 366 1319 383 1354; x_wconf 91' lang='lat' dir='ltr'>ei</span> <span class='ocrx_word' id='word_1_162' title='bbox 396 1319 415 1353; x_wconf 89' lang='lat' dir='ltr'>in</span> <span class='ocrx_word' id='word_1_163' title='bbox 428 1319 512 1363; x_wconf 90' lang='lat' dir='ltr'>sompnis</span> <span class='ocrx_word' id='word_1_164' title='bbox 527 1319 611 1364; x_wconf 89' lang='lat' dir='ltr'>apparuit</span> <span class='ocrx_word' id='word_1_165' title='bbox 626 1330 706 1365; x_wconf 84' lang='lat' dir='ltr'>eumque</span> <span class='ocrx_word' id='word_1_166' title='bbox 721 1320 815 1354; x_wconf 87' lang='lat' dir='ltr'>admonuit</span> <span class='ocrx_word' id='word_1_167' title='bbox 830 1325 849 1354; x_wconf 93' lang='lat' dir='ltr'>vt</span> 
     </span>
     <span class='ocr_line' id='line_1_21' title="bbox 150 1372 850 1417; baseline -0.001 -10"><span class='ocrx_word' id='word_1_168' title='bbox 150 1373 265 1417; x_wconf 87' lang='lat' dir='ltr'>pontificatus</span> <span class='ocrx_word' id='word_1_169' title='bbox 284 1372 364 1407; x_wconf 89' lang='lat' dir='ltr'>culmine</span> <span class='ocrx_word' id='word_1_170' title='bbox 383 1373 450 1414; x_wconf 88' lang='lat' dir='ltr'>relicto,</span> <span class='ocrx_word' id='word_1_171' title='bbox 466 1374 489 1407; x_wconf 91' lang='lat' dir='ltr'>ad</span> <span class='ocrx_word' id='word_1_172' title='bbox 505 1373 609 1407; x_wconf 88' lang='lat' dir='ltr'>remotioris</span> <span class='ocrx_word' id='word_1_173' title='bbox 625 1373 660 1407; x_wconf 89' lang='lat' dir='ltr'>loci</span> <span class='ocrx_word' id='word_1_174' title='bbox 675 1373 750 1407; x_wconf 88' lang='lat' dir='ltr'>latibula</span> <span class='ocrx_word' id='word_1_175' title='bbox 765 1384 850 1417; x_wconf 85' lang='lat' dir='ltr'>pergens,</span> 
     </span>
     <span class='ocr_line' id='line_1_22' title="bbox 123 1424 850 1468; baseline -0.001 -9"><span class='ocrx_word' id='word_1_176' title='bbox 123 1439 142 1459; x_wconf 83' lang='lat'>20</span> <span class='ocrx_word' id='word_1_177' title='bbox 150 1425 250 1459; x_wconf 88' lang='lat' dir='ltr'>solitariam</span> <span class='ocrx_word' id='word_1_178' title='bbox 262 1424 318 1459; x_wconf 81' lang='lat' dir='ltr'>vitain</span> <span class='ocrx_word' id='word_1_179' title='bbox 330 1425 410 1465; x_wconf 89' lang='lat' dir='ltr'>duceret,</span> <span class='ocrx_word' id='word_1_180' title='bbox 422 1429 442 1458; x_wconf 93' lang='lat' dir='ltr'>vt</span> <span class='ocrx_word' id='word_1_181' title='bbox 454 1426 586 1458; x_wconf 89' lang='lat' dir='ltr'>monachorum</span> <span class='ocrx_word' id='word_1_182' title='bbox 599 1435 675 1468; x_wconf 81' lang='lat' dir='ltr'>gregem</span> <span class='ocrx_word' id='word_1_183' title='bbox 690 1435 775 1468; x_wconf 62' lang='lat' dir='ltr'>pascens</span> <span class='ocrx_word' id='word_1_184' title='bbox 787 1426 850 1458; x_wconf 89' lang='lat' dir='ltr'>laudes</span> 
     </span>
     <span class='ocr_line' id='line_1_23' title="bbox 150 1476 850 1521; baseline -0.006 -8"><span class='ocrx_word' id='word_1_185' title='bbox 150 1476 219 1513; x_wconf 91' lang='lat' dir='ltr'>domini</span> <span class='ocrx_word' id='word_1_186' title='bbox 238 1476 322 1512; x_wconf 89' lang='lat' dir='ltr'>licentius</span> <span class='ocrx_word' id='word_1_187' title='bbox 341 1477 447 1512; x_wconf 86' lang='lat' dir='ltr'>celebraret.</span> <span class='ocrx_word' id='word_1_188' title='bbox 470 1476 505 1519; x_wconf 81' lang='lat' dir='ltr'>Qui</span> <span class='ocrx_word' id='word_1_189' title='bbox 520 1478 661 1521; x_wconf 78' lang='lat' dir='ltr'>expergefactus</span> <span class='ocrx_word' id='word_1_190' title='bbox 676 1477 743 1521; x_wconf 86' lang='lat' dir='ltr'>gratias</span> <span class='ocrx_word' id='word_1_191' title='bbox 759 1477 796 1521; x_wconf 84' lang='lat' dir='ltr'>egit</span> <span class='ocrx_word' id='word_1_192' title='bbox 811 1478 850 1519; x_wconf 88' lang='lat' dir='ltr'>deo,</span> 
     </span>
     <span class='ocr_line' id='line_1_24' title="bbox 151 1524 850 1575; baseline -0.001 -11"><span class='ocrx_word' id='word_1_193' title='bbox 151 1537 170 1564; x_wconf 92' lang='lat' dir='ltr'>et</span> <span class='ocrx_word' id='word_1_194' title='bbox 177 1531 283 1563; x_wconf 90' lang='lat' dir='ltr'>mandatum</span> <span class='ocrx_word' id='word_1_195' title='bbox 292 1529 360 1563; x_wconf 92' lang='lat' dir='ltr'>domini</span> <span class='ocrx_word' id='word_1_196' title='bbox 368 1528 461 1573; x_wconf 84' lang='lat' dir='ltr'>impleuit;</span> <span class='ocrx_word' id='word_1_197' title='bbox 470 1534 488 1563; x_wconf 91' lang='lat' dir='ltr'>et</span> <span class='ocrx_word' id='word_1_198' title='bbox 496 1529 587 1564; x_wconf 90' lang='lat' dir='ltr'>miraculis</span> <span class='ocrx_word' id='word_1_199' title='bbox 595 1530 657 1564; x_wconf 90' lang='lat' dir='ltr'>multis</span> <span class='ocrx_word' id='word_1_200' title='bbox 663 1530 736 1564; x_wconf 86' lang='lat' dir='ltr'>effulsit.</span> <span class='ocrx_word' id='word_1_201' title='bbox 766 1524 850 1575; x_wconf 81' lang='lat' dir='ltr'>Quidam</span> 
     </span>
     <span class='ocr_line' id='line_1_25' title="bbox 151 1582 850 1627; baseline -0.001 -10"><span class='ocrx_word' id='word_1_202' title='bbox 151 1592 214 1618; x_wconf 90' lang='lat' dir='ltr'>comes</span> <span class='ocrx_word' id='word_1_203' title='bbox 227 1583 311 1627; x_wconf 88' lang='lat' dir='ltr'>leprosus</span> <span class='ocrx_word' id='word_1_204' title='bbox 324 1582 391 1617; x_wconf 85' lang='lat' dir='ltr'>famam</span> <span class='ocrx_word' id='word_1_205' title='bbox 405 1582 445 1617; x_wconf 92' lang='lat' dir='ltr'>eius</span> <span class='ocrx_word' id='word_1_206' title='bbox 459 1582 540 1624; x_wconf 87' lang='lat' dir='ltr'>audiens,</span> <span class='ocrx_word' id='word_1_207' title='bbox 554 1587 573 1617; x_wconf 89' lang='lat' dir='ltr'>et</span> <span class='ocrx_word' id='word_1_208' title='bbox 588 1584 611 1617; x_wconf 90' lang='lat' dir='ltr'>ad</span> <span class='ocrx_word' id='word_1_209' title='bbox 626 1593 668 1617; x_wconf 91' lang='lat' dir='ltr'>eum</span> <span class='ocrx_word' id='word_1_210' title='bbox 682 1582 764 1625; x_wconf 90' lang='lat' dir='ltr'>veniens,</span> <span class='ocrx_word' id='word_1_211' title='bbox 775 1582 850 1627; x_wconf 88' lang='lat' dir='ltr'>plenam</span> 
     </span>
     <span class='ocr_line' id='line_1_26' title="bbox 151 1635 851 1680; baseline -0.001 -9"><span class='ocrx_word' id='word_1_212' title='bbox 151 1636 248 1671; x_wconf 88' lang='lat' dir='ltr'>sanitatem</span> <span class='ocrx_word' id='word_1_213' title='bbox 263 1636 286 1669; x_wconf 92' lang='lat' dir='ltr'>ab</span> <span class='ocrx_word' id='word_1_214' title='bbox 301 1642 323 1669; x_wconf 82' lang='lat' dir='ltr'>eo</span> <span class='ocrx_word' id='word_1_215' title='bbox 336 1635 410 1679; x_wconf 88' lang='lat' dir='ltr'>recepit.</span> <span class='ocrx_word' id='word_1_216' title='bbox 433 1635 494 1670; x_wconf 90' lang='lat' dir='ltr'>Huius</span> <span class='ocrx_word' id='word_1_217' title='bbox 506 1642 596 1670; x_wconf 86' lang='lat' dir='ltr'>terrarum</span> <span class='ocrx_word' id='word_1_218' title='bbox 611 1635 717 1680; x_wconf 88' lang='lat' dir='ltr'>magnitudo</span> <span class='ocrx_word' id='word_1_219' title='bbox 730 1636 796 1680; x_wconf 91' lang='lat' dir='ltr'>triplici</span> <span class='ocrx_word' id='word_1_220' title='bbox 809 1646 851 1671; x_wconf 91' lang='lat' dir='ltr'>con·</span> 
     </span>
     <span class='ocr_line' id='line_1_27' title="bbox 124 1680 851 1733; baseline -0.003 -9"><span class='ocrx_word' id='word_1_221' title='bbox 124 1703 142 1732; x_wconf 83' lang='lat'>25</span> <span class='ocrx_word' id='word_1_222' title='bbox 152 1690 243 1723; x_wconf 87' lang='lat' dir='ltr'>tinebatur</span> <span class='ocrx_word' id='word_1_223' title='bbox 258 1688 360 1722; x_wconf 88' lang='lat' dir='ltr'>diuisione:</span> <span class='ocrx_word' id='word_1_224' title='bbox 385 1680 463 1732; x_wconf 76' lang='lat' dir='ltr'>quarum</span> <span class='ocrx_word' id='word_1_225' title='bbox 477 1700 533 1723; x_wconf 84' lang='lat' dir='ltr'>unam</span> <span class='ocrx_word' id='word_1_226' title='bbox 549 1700 586 1722; x_wconf 91' lang='lat' dir='ltr'>non</span> <span class='ocrx_word' id='word_1_227' title='bbox 601 1688 692 1733; x_wconf 87' lang='lat' dir='ltr'>integram</span> <span class='ocrx_word' id='word_1_228' title='bbox 708 1690 742 1723; x_wconf 90' lang='lat' dir='ltr'>sed</span> <span class='ocrx_word' id='word_1_229' title='bbox 759 1688 851 1723; x_wconf 88' lang='lat' dir='ltr'>dimidiam</span> 
     </span>
     <span class='ocr_line' id='line_1_28' title="bbox 151 1740 851 1786; baseline -0.001 -10"><span class='ocrx_word' id='word_1_230' title='bbox 151 1744 205 1777; x_wconf 88' lang='lat' dir='ltr'>beato</span> <span class='ocrx_word' id='word_1_231' title='bbox 216 1741 305 1785; x_wconf 87' lang='lat' dir='ltr'>Maglorio</span> <span class='ocrx_word' id='word_1_232' title='bbox 317 1741 392 1775; x_wconf 90' lang='lat' dir='ltr'>contulit</span> <span class='ocrx_word' id='word_1_233' title='bbox 403 1740 422 1775; x_wconf 93' lang='lat' dir='ltr'>in</span> <span class='ocrx_word' id='word_1_234' title='bbox 434 1752 516 1776; x_wconf 85' lang='lat' dir='ltr'>munere.</span> <span class='ocrx_word' id='word_1_235' title='bbox 539 1741 579 1776; x_wconf 89' lang='lat' dir='ltr'>Has</span> <span class='ocrx_word' id='word_1_236' title='bbox 591 1747 652 1776; x_wconf 89' lang='lat' dir='ltr'>autem</span> <span class='ocrx_word' id='word_1_237' title='bbox 666 1741 766 1776; x_wconf 85' lang='lat' dir='ltr'>diuisiones</span> <span class='ocrx_word' id='word_1_238' title='bbox 778 1741 851 1786; x_wconf 90' lang='lat' dir='ltr'>copiosa</span> 
     </span>
     <span class='ocr_line' id='line_1_29' title="bbox 151 1794 850 1838; baseline 0 -10"><span class='ocrx_word' id='word_1_239' title='bbox 151 1795 248 1829; x_wconf 88' lang='lat' dir='ltr'>multitudo</span> <span class='ocrx_word' id='word_1_240' title='bbox 255 1795 322 1836; x_wconf 88' lang='lat' dir='ltr'>auium,</span> <span class='ocrx_word' id='word_1_241' title='bbox 330 1806 366 1837; x_wconf 92' lang='lat' dir='ltr'>que</span> <span class='ocrx_word' id='word_1_242' title='bbox 374 1794 420 1828; x_wconf 89' lang='lat' dir='ltr'>mire</span> <span class='ocrx_word' id='word_1_243' title='bbox 428 1795 558 1837; x_wconf 83' lang='lat' dir='ltr'>magnitudinis</span> <span class='ocrx_word' id='word_1_244' title='bbox 568 1801 586 1829; x_wconf 88' lang='lat' dir='ltr'>et</span> <span class='ocrx_word' id='word_1_245' title='bbox 597 1795 674 1838; x_wconf 89' lang='lat' dir='ltr'>pulchre</span> <span class='ocrx_word' id='word_1_246' title='bbox 684 1800 741 1838; x_wconf 89' lang='lat' dir='ltr'>erant,</span> <span class='ocrx_word' id='word_1_247' title='bbox 749 1795 850 1838; x_wconf 81' lang='lat' dir='ltr'>frequenta·</span> 
     </span>
     <span class='ocr_line' id='line_1_30' title="bbox 151 1844 850 1889; baseline -0.004 -10"><span class='ocrx_word' id='word_1_248' title='bbox 151 1847 206 1886; x_wconf 86' lang='lat' dir='ltr'>bant;</span> <span class='ocrx_word' id='word_1_249' title='bbox 223 1850 299 1888; x_wconf 84' lang='lat' dir='ltr'>captura</span> <span class='ocrx_word' id='word_1_250' title='bbox 313 1854 385 1887; x_wconf 90' lang='lat' dir='ltr'>quoque</span> <span class='ocrx_word' id='word_1_251' title='bbox 401 1844 480 1887; x_wconf 87' lang='lat' dir='ltr'>piscium</span> <span class='ocrx_word' id='word_1_252' title='bbox 498 1845 619 1878; x_wconf 70' lang='lat' dir='ltr'>abundabat</span> <span class='ocrx_word' id='word_1_253' title='bbox 649 1844 728 1889; x_wconf 86' lang='lat' dir='ltr'>Contigit</span> <span class='ocrx_word' id='word_1_254' title='bbox 744 1855 794 1889; x_wconf 86' lang='lat' dir='ltr'>ergo,</span> <span class='ocrx_word' id='word_1_255' title='bbox 810 1854 850 1877; x_wconf 90' lang='lat' dir='ltr'>cum</span> 
     </span>
     <span class='ocr_line' id='line_1_31' title="bbox 151 1895 851 1941; baseline -0.003 -9"><span class='ocrx_word' id='word_1_256' title='bbox 151 1899 216 1932; x_wconf 89' lang='lat' dir='ltr'>beatus</span> <span class='ocrx_word' id='word_1_257' title='bbox 235 1895 334 1941; x_wconf 85' lang='lat' dir='ltr'>Maglorius</span> <span class='ocrx_word' id='word_1_258' title='bbox 354 1895 457 1941; x_wconf 87' lang='lat' dir='ltr'>portionem</span> <span class='ocrx_word' id='word_1_259' title='bbox 473 1908 526 1931; x_wconf 86' lang='lat' dir='ltr'>suam</span> <span class='ocrx_word' id='word_1_260' title='bbox 545 1901 665 1941; x_wconf 80' lang='lat' dir='ltr'>penetrasset,</span> <span class='ocrx_word' id='word_1_261' title='bbox 681 1902 701 1933; x_wconf 94' lang='lat' dir='ltr'>vt</span> <span class='ocrx_word' id='word_1_262' title='bbox 716 1897 776 1933; x_wconf 89' lang='lat' dir='ltr'>omnis</span> <span class='ocrx_word' id='word_1_263' title='bbox 791 1897 851 1932; x_wconf 87' lang='lat' dir='ltr'>auium</span> 
     </span>
     <span class='ocr_line' id='line_1_32' title="bbox 123 1948 851 1996; baseline -0.004 -9"><span class='ocrx_word' id='word_1_264' title='bbox 123 1967 143 1996; x_wconf 76' lang='lat'>30</span> <span class='ocrx_word' id='word_1_265' title='bbox 151 1958 169 1987; x_wconf 89' lang='lat' dir='ltr'>et</span> <span class='ocrx_word' id='word_1_266' title='bbox 184 1951 261 1995; x_wconf 88' lang='lat' dir='ltr'>piscium</span> <span class='ocrx_word' id='word_1_267' title='bbox 277 1949 372 1995; x_wconf 85' lang='lat' dir='ltr'>congeries</span> <span class='ocrx_word' id='word_1_268' title='bbox 385 1962 421 1995; x_wconf 89' lang='lat' dir='ltr'>que</span> <span class='ocrx_word' id='word_1_269' title='bbox 435 1951 488 1985; x_wconf 88' lang='lat' dir='ltr'>alteri</span> <span class='ocrx_word' id='word_1_270' title='bbox 500 1950 603 1985; x_wconf 78' lang='lat' dir='ltr'>medietati⁷</span> <span class='ocrx_word' id='word_1_271' title='bbox 617 1950 688 1986; x_wconf 87' lang='lat' dir='ltr'>comitis</span> <span class='ocrx_word' id='word_1_272' title='bbox 701 1950 765 1994; x_wconf 89' lang='lat' dir='ltr'>inerat,</span> <span class='ocrx_word' id='word_1_273' title='bbox 779 1948 851 1995; x_wconf 86' lang='lat' dir='ltr'>sugam⁸</span> 
     </span>
     <span class='ocr_line' id='line_1_33' title="bbox 151 2003 851 2048; baseline -0.006 -9"><span class='ocrx_word' id='word_1_274' title='bbox 151 2004 205 2039; x_wconf 89' lang='lat' dir='ltr'>iniret</span> <span class='ocrx_word' id='word_1_275' title='bbox 211 2008 230 2038; x_wconf 86' lang='lat' dir='ltr'>et</span> <span class='ocrx_word' id='word_1_276' title='bbox 237 2004 295 2037; x_wconf 89' lang='lat' dir='ltr'>sancti</span> <span class='ocrx_word' id='word_1_277' title='bbox 303 2008 374 2047; x_wconf 88' lang='lat' dir='ltr'>partem</span> <span class='ocrx_word' id='word_1_278' title='bbox 382 2008 482 2047; x_wconf 81' lang='lat' dir='ltr'>expeteret.</span> <span class='ocrx_word' id='word_1_279' title='bbox 503 2004 557 2046; x_wconf 82' lang='lat' dir='ltr'>Quod</span> <span class='ocrx_word' id='word_1_280' title='bbox 564 2014 611 2037; x_wconf 84' lang='lat' dir='ltr'>vxor</span> <span class='ocrx_word' id='word_1_281' title='bbox 618 2003 689 2038; x_wconf 89' lang='lat' dir='ltr'>comitis</span> <span class='ocrx_word' id='word_1_282' title='bbox 697 2005 778 2048; x_wconf 88' lang='lat' dir='ltr'>grauiter</span> <span class='ocrx_word' id='word_1_283' title='bbox 785 2003 851 2043; x_wconf 85' lang='lat' dir='ltr'>ferens,</span> 
     </span>
     <span class='ocr_line' id='line_1_34' title="bbox 151 2054 851 2099; baseline -0.003 -9"><span class='ocrx_word' id='word_1_284' title='bbox 151 2057 168 2091; x_wconf 92' lang='lat' dir='ltr'>ei</span> <span class='ocrx_word' id='word_1_285' title='bbox 177 2056 234 2090; x_wconf 87' lang='lat' dir='ltr'>suasit</span> <span class='ocrx_word' id='word_1_286' title='bbox 243 2063 262 2090; x_wconf 92' lang='lat' dir='ltr'>vt</span> <span class='ocrx_word' id='word_1_287' title='bbox 272 2056 322 2090; x_wconf 91' lang='lat' dir='ltr'>illam</span> <span class='ocrx_word' id='word_1_288' title='bbox 332 2057 439 2090; x_wconf 85' lang='lat' dir='ltr'>vendicaret</span> <span class='ocrx_word' id='word_1_289' title='bbox 451 2056 491 2098; x_wconf 88' lang='lat' dir='ltr'>sibi,</span> <span class='ocrx_word' id='word_1_290' title='bbox 503 2062 522 2090; x_wconf 91' lang='lat' dir='ltr'>et</span> <span class='ocrx_word' id='word_1_291' title='bbox 533 2057 609 2090; x_wconf 85' lang='lat' dir='ltr'>alteram</span> <span class='ocrx_word' id='word_1_292' title='bbox 617 2056 706 2099; x_wconf 86' lang='lat' dir='ltr'>Maglorio</span> <span class='ocrx_word' id='word_1_293' title='bbox 716 2057 773 2090; x_wconf 88' lang='lat' dir='ltr'>daret.</span> <span class='ocrx_word' id='word_1_294' title='bbox 796 2054 851 2090; x_wconf 89' lang='lat' dir='ltr'>Cuius</span> 
     </span>
     <span class='ocr_line' id='line_1_35' title="bbox 151 2106 850 2151; baseline -0.006 -9"><span class='ocrx_word' id='word_1_295' title='bbox 151 2109 181 2142; x_wconf 87' lang='lat' dir='ltr'>ille</span> <span class='ocrx_word' id='word_1_296' title='bbox 190 2106 326 2150; x_wconf 84' lang='lat' dir='ltr'>suggestionem</span> <span class='ocrx_word' id='word_1_297' title='bbox 332 2118 412 2150; x_wconf 88' lang='lat' dir='ltr'>nequam</span> <span class='ocrx_word' id='word_1_298' title='bbox 419 2118 464 2141; x_wconf 83' lang='lat' dir='ltr'>mox</span> <span class='ocrx_word' id='word_1_299' title='bbox 472 2107 580 2151; x_wconf 89' lang='lat' dir='ltr'>suscipiens,</span> <span class='ocrx_word' id='word_1_300' title='bbox 587 2108 635 2150; x_wconf 91' lang='lat' dir='ltr'>quod</span> <span class='ocrx_word' id='word_1_301' title='bbox 643 2118 680 2141; x_wconf 90' lang='lat' dir='ltr'>non</span> <span class='ocrx_word' id='word_1_302' title='bbox 689 2109 751 2142; x_wconf 91' lang='lat' dir='ltr'>debuit</span> <span class='ocrx_word' id='word_1_303' title='bbox 759 2106 850 2151; x_wconf 79' lang='lat' dir='ltr'>expleuit:</span> 
     </span>
     <span class='ocr_line' id='line_1_36' title="bbox 152 2159 851 2203; baseline -0.004 -9"><span class='ocrx_word' id='word_1_304' title='bbox 152 2161 235 2203; x_wconf 84' lang='lat' dir='ltr'>factaque</span> <span class='ocrx_word' id='word_1_305' title='bbox 247 2159 335 2203; x_wconf 84' lang='lat' dir='ltr'>nepharie</span> <span class='ocrx_word' id='word_1_306' title='bbox 346 2159 492 2194; x_wconf 85' lang='lat' dir='ltr'>commutationis</span> <span class='ocrx_word' id='word_1_307' title='bbox 502 2159 632 2202; x_wconf 88' lang='lat' dir='ltr'>controuersia,</span> <span class='ocrx_word' id='word_1_308' title='bbox 641 2159 700 2193; x_wconf 90' lang='lat' dir='ltr'>subito</span> <span class='ocrx_word' id='word_1_309' title='bbox 712 2170 757 2194; x_wconf 91' lang='lat' dir='ltr'>aues</span> <span class='ocrx_word' id='word_1_310' title='bbox 765 2164 784 2195; x_wconf 88' lang='lat' dir='ltr'>et</span> <span class='ocrx_word' id='word_1_311' title='bbox 791 2159 851 2202; x_wconf 85' lang='lat' dir='ltr'>pisces</span> 
     </span>
     <span class='ocr_line' id='line_1_37' title="bbox 125 2212 852 2257; baseline -0.006 -10"><span class='ocrx_word' id='word_1_312' title='bbox 125 2226 143 2257; x_wconf 79' lang='lat'>35</span> <span class='ocrx_word' id='word_1_313' title='bbox 152 2214 176 2247; x_wconf 84' lang='lat' dir='ltr'>ab</span> <span class='ocrx_word' id='word_1_314' title='bbox 181 2213 211 2245; x_wconf 88' lang='lat' dir='ltr'>illa</span> <span class='ocrx_word' id='word_1_315' title='bbox 216 2218 268 2256; x_wconf 88' lang='lat' dir='ltr'>parte</span> <span class='ocrx_word' id='word_1_316' title='bbox 277 2212 345 2256; x_wconf 85' lang='lat' dir='ltr'>[quam]</span> <span class='ocrx_word' id='word_1_317' title='bbox 353 2213 359 2231; x_wconf 71' lang='lat'>⁹</span> <span class='ocrx_word' id='word_1_318' title='bbox 367 2223 429 2246; x_wconf 88' lang='lat' dir='ltr'>comes</span> <span class='ocrx_word' id='word_1_319' title='bbox 437 2223 492 2246; x_wconf 88' lang='lat' dir='ltr'>auare</span> <span class='ocrx_word' id='word_1_320' title='bbox 501 2218 563 2246; x_wconf 87' lang='lat' dir='ltr'>sancto</span> <span class='ocrx_word' id='word_1_321' title='bbox 571 2212 610 2246; x_wconf 89' lang='lat' dir='ltr'>viro</span> <span class='ocrx_word' id='word_1_322' title='bbox 616 2212 730 2256; x_wconf 88' lang='lat' dir='ltr'>surripuerat</span> <span class='ocrx_word' id='word_1_323' title='bbox 736 2214 852 2246; x_wconf 86' lang='lat' dir='ltr'>recesserunt</span> 
     </span>
     <span class='ocr_line' id='line_1_38' title="bbox 153 2265 850 2310; baseline -0.004 -10"><span class='ocrx_word' id='word_1_324' title='bbox 153 2271 171 2301; x_wconf 93' lang='lat' dir='ltr'>et</span> <span class='ocrx_word' id='word_1_325' title='bbox 184 2276 228 2299; x_wconf 84' lang='lat' dir='ltr'>mox</span> <span class='ocrx_word' id='word_1_326' title='bbox 239 2266 262 2299; x_wconf 90' lang='lat' dir='ltr'>ad</span> <span class='ocrx_word' id='word_1_327' title='bbox 275 2265 369 2299; x_wconf 88' lang='lat' dir='ltr'>dominum</span> <span class='ocrx_word' id='word_1_328' title='bbox 382 2276 436 2299; x_wconf 90' lang='lat' dir='ltr'>suum</span> <span class='ocrx_word' id='word_1_329' title='bbox 451 2265 562 2310; x_wconf 84' lang='lat' dir='ltr'>Maglorium</span> <span class='ocrx_word' id='word_1_330' title='bbox 574 2265 644 2299; x_wconf 90' lang='lat' dir='ltr'>reuersi</span> <span class='ocrx_word' id='word_1_331' title='bbox 655 2270 702 2299; x_wconf 89' lang='lat' dir='ltr'>sunt.</span> <span class='ocrx_word' id='word_1_332' title='bbox 725 2266 777 2300; x_wconf 88' lang='lat' dir='ltr'>Tunc</span> <span class='ocrx_word' id='word_1_333' title='bbox 789 2273 850 2299; x_wconf 86' lang='lat' dir='ltr'>comes</span> 
     </span>
     <span class='ocr_line' id='line_1_39' title="bbox 152 2318 851 2364; baseline -0.006 -10"><span class='ocrx_word' id='word_1_334' title='bbox 152 2320 201 2364; x_wconf 85' lang='lat' dir='ltr'>apud</span> <span class='ocrx_word' id='word_1_335' title='bbox 215 2329 236 2353; x_wconf 90' lang='lat' dir='ltr'>se</span> <span class='ocrx_word' id='word_1_336' title='bbox 251 2318 352 2362; x_wconf 85' lang='lat' dir='ltr'>penitentia</span> <span class='ocrx_word' id='word_1_337' title='bbox 364 2319 434 2360; x_wconf 88' lang='lat' dir='ltr'>ductus,</span> <span class='ocrx_word' id='word_1_338' title='bbox 445 2323 541 2363; x_wconf 85' lang='lat' dir='ltr'>utramque</span> <span class='ocrx_word' id='word_1_339' title='bbox 552 2324 623 2363; x_wconf 89' lang='lat' dir='ltr'>partem</span> <span class='ocrx_word' id='word_1_340' title='bbox 635 2324 698 2354; x_wconf 89' lang='lat' dir='ltr'>sancto</span> <span class='ocrx_word' id='word_1_341' title='bbox 711 2319 799 2363; x_wconf 80' lang='lat' dir='ltr'>Maglorio</span> <span class='ocrx_word' id='word_1_342' title='bbox 811 2327 851 2352; x_wconf 88' lang='lat' dir='ltr'>cou-</span> 
     </span>
     <span class='ocr_line' id='line_1_40' title="bbox 153 2371 852 2417; baseline -0.009 -9"><span class='ocrx_word' id='word_1_343' title='bbox 153 2371 218 2415; x_wconf 88' lang='lat' dir='ltr'>cessit;</span> <span class='ocrx_word' id='word_1_344' title='bbox 230 2375 249 2406; x_wconf 88' lang='lat' dir='ltr'>et</span> <span class='ocrx_word' id='word_1_345' title='bbox 262 2376 305 2406; x_wconf 89' lang='lat' dir='ltr'>tunc</span> <span class='ocrx_word' id='word_1_346' title='bbox 319 2371 381 2406; x_wconf 90' lang='lat' dir='ltr'>auium</span> <span class='ocrx_word' id='word_1_347' title='bbox 396 2376 414 2406; x_wconf 94' lang='lat' dir='ltr'>et</span> <span class='ocrx_word' id='word_1_348' title='bbox 428 2371 507 2416; x_wconf 90' lang='lat' dir='ltr'>piscium</span> <span class='ocrx_word' id='word_1_349' title='bbox 521 2371 594 2416; x_wconf 87' lang='lat' dir='ltr'>agmina</span> <span class='ocrx_word' id='word_1_350' title='bbox 608 2377 704 2417; x_wconf 87' lang='lat' dir='ltr'>utramque</span> <span class='ocrx_word' id='word_1_351' title='bbox 719 2377 790 2417; x_wconf 86' lang='lat' dir='ltr'>partem</span> <span class='ocrx_word' id='word_1_352' title='bbox 806 2371 852 2405; x_wconf 86' lang='lat' dir='ltr'>sicut</span> 
     </span>
     <span class='ocr_line' id='line_1_41' title="bbox 152 2417 851 2467; baseline -0.009 -7"><span class='ocrx_word' id='word_1_353' title='bbox 152 2430 195 2460; x_wconf 89' lang='lat' dir='ltr'>ante</span> <span class='ocrx_word' id='word_1_354' title='bbox 214 2425 336 2467; x_wconf 86' lang='lat' dir='ltr'>repleuerunt.</span> <span class='ocrx_word' id='word_1_355' title='bbox 392 2417 479 2467; x_wconf 88' lang='lat' dir='ltr'>Cumque</span> <span class='ocrx_word' id='word_1_356' title='bbox 494 2425 546 2467; x_wconf 86' lang='lat' dir='ltr'>virgo</span> <span class='ocrx_word' id='word_1_357' title='bbox 562 2431 612 2459; x_wconf 86' lang='lat' dir='ltr'>esset</span> <span class='ocrx_word' id='word_1_358' title='bbox 627 2426 656 2460; x_wconf 87' lang='lat' dir='ltr'>hic</span> <span class='ocrx_word' id='word_1_359' title='bbox 671 2431 746 2460; x_wconf 88' lang='lat' dir='ltr'>sauctus</span> <span class='ocrx_word' id='word_1_360' title='bbox 761 2427 784 2459; x_wconf 88' lang='lat' dir='ltr'>ab</span> <span class='ocrx_word' id='word_1_361' title='bbox 800 2429 851 2458; x_wconf 89' lang='lat' dir='ltr'>vtero</span> 
     </span>
    </p>
   </div>
   <div class='ocr_carea' id='block_1_5' title="bbox 152 2504 852 2625">
    <p class='ocr_par' dir='ltr' id='par_1_7' title="bbox 152 2504 852 2625">
     <span class='ocr_line' id='line_1_42' title="bbox 172 2504 851 2536; baseline -0.004 -2"><span class='ocrx_word' id='word_1_362' title='bbox 172 2505 206 2535; x_wconf 86' lang='lat' dir='ltr'>¹T.</span> <span class='ocrx_word' id='word_1_363' title='bbox 215 2506 269 2534; x_wconf 90' lang='lat' dir='ltr'>dordo.</span> <span class='ocrx_word' id='word_1_364' title='bbox 316 2504 351 2535; x_wconf 76' lang='lat' dir='ltr'>²T.</span> <span class='ocrx_word' id='word_1_365' title='bbox 358 2505 376 2534; x_wconf 84' lang='lat' dir='ltr'>E.</span> <span class='ocrx_word' id='word_1_366' title='bbox 384 2506 473 2535; x_wconf 85' lang='lat' dir='ltr'>ammoueri.</span> <span class='ocrx_word' id='word_1_367' title='bbox 520 2506 600 2535; x_wconf 79' lang='lat' dir='ltr'>³Abries</span> <span class='ocrx_word' id='word_1_368' title='bbox 605 2511 665 2535; x_wconf 83' lang='lat' dir='ltr'>extract</span> <span class='ocrx_word' id='word_1_369' title='bbox 672 2508 712 2535; x_wconf 76' lang='lat' dir='ltr'>from</span> <span class='ocrx_word' id='word_1_370' title='bbox 719 2507 746 2535; x_wconf 91' lang='lat' dir='ltr'>the</span> <span class='ocrx_word' id='word_1_371' title='bbox 753 2507 790 2536; x_wconf 90' lang='lat' dir='ltr'>Vita</span> <span class='ocrx_word' id='word_1_372' title='bbox 796 2506 812 2534; x_wconf 92' lang='lat' dir='ltr'>in</span> <span class='ocrx_word' id='word_1_373' title='bbox 820 2504 851 2532; x_wconf 88' lang='lat' dir='ltr'>Ma-</span> 
     </span>
     <span class='ocr_line' id='line_1_43' title="bbox 152 2541 852 2582; baseline -0.001 -7"><span class='ocrx_word' id='word_1_374' title='bbox 152 2544 200 2576; x_wconf 86' lang='lat' dir='ltr'>billon</span> <span class='ocrx_word' id='word_1_375' title='bbox 208 2544 304 2582; x_wconf 71' lang='lat' dir='ltr'>imp-(and</span> <span class='ocrx_word' id='word_1_376' title='bbox 312 2544 379 2581; x_wconf 80' lang='lat' dir='ltr'>sudus).</span> <span class='ocrx_word' id='word_1_377' title='bbox 438 2544 564 2581; x_wconf 74' lang='lat' dir='ltr'>⁴Vitmagnus.</span> <span class='ocrx_word' id='word_1_378' title='bbox 586 2572 587 2575; x_wconf 76' lang='grc'>,</span> <span class='ocrx_word' id='word_1_379' title='bbox 618 2546 751 2576; x_wconf 74' lang='lat' dir='ltr'>³T.E.dolenti.</span> <span class='ocrx_word' id='word_1_380' title='bbox 805 2541 852 2570; x_wconf 70' lang='lat' dir='ltr'>tuit,</span> 
     </span>
     <span class='ocr_line' id='line_1_44' title="bbox 152 2583 661 2625; baseline 0.002 -10"><span class='ocrx_word' id='word_1_381' title='bbox 152 2584 243 2625; x_wconf 88' lang='lat' dir='ltr'>pullulabat.</span> <span class='ocrx_word' id='word_1_382' title='bbox 283 2583 289 2602; x_wconf 82' lang='lat'>⁷</span> <span class='ocrx_word' id='word_1_383' title='bbox 300 2583 318 2615; x_wconf 88' lang='lat' dir='ltr'>E.</span> <span class='ocrx_word' id='word_1_384' title='bbox 326 2583 401 2614; x_wconf 78' lang='lat' dir='ltr'>meditati.</span> <span class='ocrx_word' id='word_1_385' title='bbox 441 2583 447 2601; x_wconf 77' lang='lat'>⁸</span> <span class='ocrx_word' id='word_1_386' title='bbox 458 2584 475 2614; x_wconf 87' lang='lat' dir='ltr'>E.</span> <span class='ocrx_word' id='word_1_387' title='bbox 483 2584 523 2621; x_wconf 81' lang='lat' dir='ltr'>iuga.</span> <span class='ocrx_word' id='word_1_388' title='bbox 564 2583 571 2602; x_wconf 74' lang='lat'><strong><em>⁹</em></strong></span> <span class='ocrx_word' id='word_1_389' title='bbox 581 2594 611 2616; x_wconf 89' lang='lat' dir='ltr'>om.</span> <span class='ocrx_word' id='word_1_390' title='bbox 618 2584 635 2616; x_wconf 93' lang='lat' dir='ltr'>in</span> <span class='ocrx_word' id='word_1_391' title='bbox 643 2585 661 2617; x_wconf 88' lang='lat' dir='ltr'>E.</span> 
     </span>
    </p>
   </div>
   <div class='ocr_carea' id='block_1_6' title="bbox 0 0 889 2803">
    <p class='ocr_par' dir='ltr' id='par_1_8' title="bbox 0 0 889 2803">
     <span class='ocr_line' id='line_1_45' title="bbox 0 0 889 2803; baseline 0 0"><span class='ocrx_word' id='word_1_392' title='bbox 0 0 889 2803; x_wconf 95' lang='lat' dir='ltr'> </span> 
     </span>
    </p>
   </div>
  </div>
 </body>
</html>
