1762 2803
291 96 474 162 nutrimentu.
691 117 736 145 ..xv

31 233 144 271 Karantocus,
154 229 221 263 Aiduus
233 225 260 269 (so
271 225 301 259 the
313 223 364 257 order
374 222 392 254 in
403 222 442 254 MS.
454 221 507 262 Vesp.
513 217 532 260 ¹),
541 218 572 251 but
584 218 621 251 also
633 217 736 251 Oudocoeus

32 281 82 323 (from
95 281 146 314 Liber
159 274 302 316 Landavenstsh,
317 273 411 307 Gudwalus
424 270 470 312 (abr.
482 269 527 303 from
540 269 580 302 MS.
593 267 663 301 Cambr.
676 267 736 302 Addit.

31 330 87 372 3096),
101 331 184 370 Iustinan,
198 326 264 367 Kened,
280 326 341 367 Keyna
357 322 383 364 (of
395 322 445 355 these
459 321 488 354 the
503 317 574 361 original
590 318 632 374 lives
645 328 675 351 are
690 317 736 359 lost),

31 380 146 414 Winwaloeus
157 377 200 421 (abr.
211 377 255 410 t'rom
268 375 298 409 the
311 373 340 407 lise
351 372 369 407 in
381 371 432 405 Bodl.
443 370 483 412 240)
494 369 529 403 and
544 367 617 409 Ethbtn,
627 366 736 409 Wenelreda,

32 431 96 471 Gildas,
110 426 198 463 Melorus³
208 426 244 461 and
255 427 317 460 Petroc
331 424 351 457 oi
362 422 447 456 Cornwall
460 420 510 465 (both
521 419 566 453 from
579 419 667 452 unknown
680 417 737 460 lives),

32 480 121 521 1wius(?)⁴‚
126 480 155 512 the
161 478 262 511 Armoricnn
268 476 327 510 Saints
334 476 426 516 Sampson,
431 471 532 514 hluglorius‚
539 471 620 502 Maeuius
627 468 659 511 (St.
666 467 737 509 ntato)³,

32 530 71 570 and,
85 530 105 562 oi
114 529 156 562 later
168 527 231 567 Satius,
244 526 321 559 Caradoc
335 523 359 565 (d.
373 521 432 563 1124),
449 522 479 554 the
492 521 526 554 Ed.
540 520 585 553 adds
601 519 692 560 Cungarus
708 517 737 559 (al.

32 578 127 619 Docuinus,
138 577 158 611 of
167 576 293 619 Cungresbury,
302 574 320 608 in
332 570 425 614 Somerset)
438 571 473 606 and
485 571 596 604 Decumanus
609 568 707 610 (murdered
719 575 737 602 at

32 640 43 661 a
50 630 99 672 place
107 628 161 661 called
169 629 194 661 St.
202 626 311 667 Decombe's,
319 635 361 657 near
368 623 455 662 Watcbet,
463 621 480 654 in
488 622 582 661 Somerset,
591 619 608 652 iu
616 618 662 661 706).

54 680 75 710 ln
87 678 129 718 Pits,
140 677 226 719 Append,
237 686 253 718 p.
265 676 302 716 867,
314 675 328 707 is
342 673 442 706 mentioned
454 682 465 703 c
477 671 524 704 ‘lob
535 669 625 710 Anglicus,
636 679 667 702 seu
677 669 736 702 forsan

33 727 191 767 Cambrobritanus,
198 725 225 758 vir
234 724 252 758 in
263 729 333 758 sanctos
343 721 437 756 admodum
448 720 492 762 pius,
502 718 549 762 quod
558 718 599 752 inde
609 716 688 759 coniicio,
696 717 738 760 quia

32 777 99 820 scripsit
109 778 137 810 De
144 775 183 809 vitis
195 777 298 809 Sanctorum
305 772 423 811 wallensium,
431 770 494 803 librum
504 780 564 810 unum,
572 768 606 810 Qui
617 769 657 802 MS.
664 769 738 802 habetor

32 827 50 861 in
60 827 127 870 privata
138 826 246 860 Bibliotheca
256 822 333 858 Gualteri
345 822 394 864 Copi.
417 820 453 855 Sed
461 830 496 864 qua
505 824 609 862 tempestate
619 818 700 853 claruerit
709 818 739 853 hic

32 884 92 910 auctor
102 876 143 909 mihi
154 886 190 908 non
199 875 279 908 constat.’
300 872 344 906 This
354 873 446 910 lohannes,
455 870 521 911 though
531 867 658 910 distinguished
668 869 692 911 by
701 867 738 902 him

32 927 75 959 from
83 927 128 968 John
136 925 155 959 oi
161 924 276 967 Tynetnouth
283 922 298 956 is
306 921 424 962 undoubtedly
429 931 461 954 our
468 920 534 953 author.
557 920 564 952 I
573 918 609 951 find
617 918 635 951 in
643 919 682 952 MS.
687 919 738 952 Bodl.

33 985 70 1016 240,
85 986 102 1017 p.
116 975 152 1016 517,
168 975 197 1008 the
212 973 312 1017 quotation:
331 973 368 1005 ‘De
383 972 417 1005 sco
433 969 506 1004 Kenedo
521 969 631 1002 confessore:
651 968 738 1003 lohannes

32 1026 115 1067 Anglicus
122 1025 140 1058 in
149 1023 255 1066 Sanctilogio
263 1032 295 1056 suo
303 1022 326 1055 de
334 1021 403 1054 Sanctis
410 1019 473 1053 Wallie
480 1025 497 1052 et
506 1018 574 1052 Scotie!
596 1020 613 1051 lt
624 1017 639 1051 is
649 1019 739 1060 probable,

32 1075 122 1114 therefore,
133 1076 171 1108 that
184 1074 214 1107 the
225 1072 287 1106 Welsh
300 1071 343 1105 lives
356 1082 400 1104 were
414 1071 450 1104 first
463 1069 547 1103 collected
562 1069 659 1112 separately
671 1068 696 1112 by
707 1080 739 1103 our

33 1127 95 1159 author
101 1126 159 1158 before
168 1125 191 1158 he
202 1123 322 1166 incorporated
331 1123 379 1156 them
389 1121 407 1154 in
417 1122 447 1155 the
453 1120 512 1163 'larger
520 1119 621 1153 Collection.
645 1119 674 1153 He
681 1129 738 1154 seems

33 1181 51 1207 to
58 1176 102 1207 have
110 1176 146 1208 first
155 1175 238 1215 gathered
245 1172 272 1205 his
282 1172 369 1204 materials
378 1170 485 1211 balch-wisc,
494 1169 511 1202 in
519 1181 530 1202 a
537 1169 604 1210 Welsh,
611 1180 634 1202 an
643 1169 695 1210 lrish,
702 1170 738 1203 and

33 1234 55 1257 an
63 1224 135 1266 English
142 1224 213 1264 semion,
221 1223 255 1256 and
264 1223 305 1256 then
314 1227 331 1254 to
338 1222 383 1254 bave
391 1220 468 1262 wrought
476 1219 524 1252 them
532 1219 611 1261 together
618 1218 654 1253 into
662 1229 700 1253 one.

33 1322 64 1342 was
74 1312 116 1342 there
126 1313 141 1341 in
152 1320 213 1350 prayers
222 1311 242 1339 he
252 1320 292 1340 scwe
302 1309 383 1348 euydently
393 1319 421 1339 our
430 1308 474 1346 Lady
485 1310 499 1338 dt
510 1312 552 1345 seynt
563 1307 626 1346 Adrycn
636 1308 652 1337 iu
662 1307 688 1338 the
699 1309 737 1347 snyd

34 1351 104 1381 Churche
111 1351 187 1389 lnudynge
194 1352 208 1378 dt
215 1350 313 1388 honourynge
321 1358 349 1377 our
355 1348 410 1378 Lorde.

53 1390 59 1409 ¹
70 1390 103 1420 MS.
115 1390 161 1428 vesp.
172 1389 200 1419 hus
210 1393 240 1418 two
252 1388 289 1418 lives
301 1388 320 1417 os
328 1387 412 1417 Dubricius
422 1386 453 1416 and
463 1391 495 1416 two
506 1386 524 1415 oi
534 1385 605 1423 Kebius;
621 1390 638 1416 ut
649 1386 676 1415 the
686 1387 715 1416 end
725 1387 739 1416 it

34 1429 101 1459 includes
108 1427 182 1458 lirendcu.
202 1426 272 1457 Another
278 1427 359 1456 collection
366 1426 380 1455 is
387 1426 421 1456 MS.
427 1426 459 1455 Tit.
467 1425 487 1455 D.
494 1425 532 1455 urii.

54 1469 60 1485 ²
70 1468 91 1497 St.
100 1467 148 1506 Elgar
154 1467 169 1495 in
176 1467 202 1496 the
209 1467 242 1496 Lib.
250 1466 354 1496 Lunduvensis
361 1465 379 1501 is,
386 1465 461 1500 however,
470 1464 539 1495 omitted.

53 1506 59 1523 ³
69 1507 84 1536 Α
91 1506 134 1537 Sulut
140 1505 218 1536 honoured
225 1509 241 1535 nt
248 1505 351 1542 Ambresbury
356 1505 371 1535 in
379 1504 461 1534 Wiltshire.
482 1504 544 1533 Besides
551 1503 576 1533 the
583 1503 610 1533 lit'e
620 1504 635 1533 in
642 1513 671 1533 our
677 1503 738 1535 Collec-

34 1545 142 1616 tlppffnoffier
148 1545 190 1576 short
197 1555 226 1577 one
232 1545 245 1576 is
252 1550 303 1576 extant
309 1545 326 1575 in
335 1544 370 1575 MS.
377 1544 416 1583 Reg.
425 1545 434 1574 8
444 1543 463 1575 C.
472 1541 499 1581 iii,
507 1544 517 1574 t.
526 1542 553 1574 162
565 1542 654 1583 (thirteenth
663 1547 738 1585 century),

33 1595 47 1615 w
59 1595 64 1615 r
90 1595 103 1616 ts
126 1595 139 1615 rs
145 1596 170 1615 :-

305 1634 330 1663 De
336 1633 393 1663 Sancto
399 1633 465 1663 Meloro.

55 1692 79 1733 (r)
89 1692 158 1723 lllelorus
165 1691 205 1722 iilius
211 1692 254 1722 ducis
259 1691 335 1723 Coruubie
342 1694 379 1722 erat.
400 1691 448 1722 Cuius
454 1691 495 1730 patri
505 1690 551 1722 irater
557 1695 589 1722 erut
596 1690 673 1722 Riuoldus
681 1700 738 1730 comes¹

35 1733 60 1770 qui
71 1733 143 1770 regnandi
153 1732 236 1770 cupiditate
249 1732 303 1762 duetus
314 1730 375 1761 fratrem
388 1740 432 1760 sunm
442 1731 503 1767 oceidit,
514 1730 591 1769 filiumque
603 1741 647 1761 suum
662 1731 738 1762 lllelorum

34 1771 122 1801 trucidasset
128 1772 141 1800 si
148 1779 200 1810 preces
206 1772 238 1801 elus
245 1780 280 1800 eum
286 1780 317 1800 nou
324 1771 417 1809 eripuissent.
438 1771 488 1800 Datus
498 1774 521 1800 est
527 1770 575 1808 igitur
585 1780 621 1810 puer
628 1770 716 1801 nutriendus
722 1770 739 1801 in

35 1810 98 1839 cenobio
108 1810 123 1838 S.
132 1811 214 1845 Borentini,
224 1810 250 1840 ubi
258 1819 358 1844 commorans,
369 1809 391 1839 itu
401 1818 417 1839 se
427 1809 473 1848 gessit
483 1814 499 1838 ot
510 1818 545 1839 eum
555 1819 608 1839 omnes
616 1810 682 1848 Spiritus
690 1809 739 1841 sancti

35 1848 83 1885 gratia
90 1848 164 1887 repletum
171 1854 282 1888 cognoscerent.
303 1849 327 1889 (a)
338 1849 374 1878 Hoc
382 1848 444 1878 audiens
451 1848 526 1879 Riuoldus
536 1848 620 1885 condoluit,
627 1853 642 1879 et
649 1849 711 1879 veniens
718 1848 739 1879 nd

34 1897 97 1925 puerum
109 1897 171 1918 manum
183 1889 215 1918 eius
226 1889 303 1919 dexterum
314 1892 330 1918 et
342 1888 397 1926 pedem
409 1887 459 1917 levum
469 1888 539 1917 abscidit.
559 1887 600 1918 llliru
610 1897 639 1925 res,
650 1888 705 1918 inserta
715 1892 738 1919 est

35 1936 81 1965 puero
88 1926 160 1956 diuinitus
167 1937 195 1964 pro
202 1937 248 1957 manu
255 1937 309 1957 cumen
319 1937 373 1957 manus
380 1932 455 1966 argentea,
463 1932 478 1957 et
487 1937 516 1966 pro
526 1927 565 1967 pede
575 1936 631 1958 curneo
638 1937 666 1968 pes
672 1937 738 1958 enens-

35 1965 77 2004 quod
86 1966 125 1995 nulli
135 1966 202 1996 fidelium
212 1971 278 1998 vertatur
288 1968 303 1997 in
313 1967 382 2002 dubium,
393 1968 429 2006 quin
439 1967 527 1997 testimonio
537 1967 620 1997 multorum
632 1967 704 1997 veraciter
714 1972 738 1997 est
770 1981 772 1985 ¹

35 2009 134 2042 compertum.
154 2005 275 2044 Crescebantque
286 2006 302 2035 in
314 2016 362 2045 puero
373 2006 440 2035 membru
453 2005 538 2042 metallina,
548 2007 586 2036 sicut
598 2006 614 2035 iu
624 2006 678 2036 ceteris
687 2007 738 2045 pneris

35 2043 103 2073 membra
113 2044 191 2073 naturalia.
211 2044 237 2112 ri„
247 2045 315 2075 Rumore
325 2044 372 2083 igitur
381 2045 419 2075 tanti
430 2044 499 2075 miraculi
509 2045 554 2084 longe
564 2045 625 2085 lateque
635 2044 695 2083 diffuso,
702 2055 738 2076 con·

35 2081 84 2112 doluit
94 2082 170 2112 Riuoldus
180 2093 210 2129 quo
231 2094 266 2113 eum
276 2084 351 2122 perimere
360 2093 391 2114 non
402 2089 458 2122 posset.
479 2084 548 2114 Tandem
555 2093 591 2114 vero
601 2084 688 2115 muneribus
698 2085 739 2115 datis

35 2121 115 2151 nutricium
129 2123 171 2161 pueri
184 2132 200 2152 tn
213 2123 245 2153 eius
258 2127 323 2154 mortem
334 2124 420 2154 consentire
431 2124 471 2154 iecit.
498 2123 544 2162 Quod
555 2122 618 2153 audiens
629 2133 667 2154 uxor
677 2125 738 2156 nutricii

36 2169 98 2196 puerum
110 2166 168 2191 secreto
178 2162 198 2191 nd
210 2163 274 2192 amitam
285 2163 317 2193 eius
329 2163 375 2193 misit.
401 2163 438 2193 Hoc
449 2162 535 2200 intelligens
546 2163 620 2192 nutricius
631 2163 689 2194 ibidem
703 2173 738 2203 pro·

35 2198 110 2235 ficiscitur,
121 2204 135 2229 et
146 2201 189 2240 quusi
199 2201 277 2231 alumnum
287 2211 330 2231 suum
340 2202 428 2232 visitaturus
440 2201 514 2240 ospicium
524 2201 594 2239 suscepit.
614 2201 691 2241 Utrosque
701 2212 738 2241 ergo

36 2239 101 2276 suscepit
112 2238 159 2268 lectus
171 2248 219 2270 unus:
230 2240 256 2270 sed
268 2250 304 2270 cum
315 2240 396 2270 dormisset
407 2250 449 2280 puer,
462 2241 494 2280 ipse
504 2239 567 2270 surrexit
578 2244 593 2270 et
605 2239 688 2272 decolluult
698 2252 738 2273 eum.

37 2276 99 2308 Oratio:
110 2277 152 2309 Dens
158 2279 184 2318 qui
191 2279 236 2310 bento
244 2280 304 2311 Meloro
311 2280 369 2310 martiri
375 2285 403 2311 tuo
409 2280 440 2310 tale
450 2289 504 2310 munus
511 2280 588 2310 contulisti
598 2280 647 2319 glorie
657 2285 674 2311 ul
682 2282 739 2322 regalis

35 2317 105 2355 prosapie
112 2317 201 2356 dignitatem
209 2321 228 2349 ad
236 2320 264 2350 celi
276 2320 361 2350 truussetret
368 2320 453 2349 clnritutent
460 2329 487 2359 per
496 2319 563 2357 martyrii
570 2319 671 2359 sanctitatem,
679 2322 704 2352 suc
710 2332 739 2353 uos

36 2353 60 2383 his
67 2356 99 2385 eius
105 2358 163 2387 meritis
169 2358 194 2388 hic
200 2358 228 2388 tibi
235 2359 300 2396 placere,
308 2363 324 2388 ut
331 2368 365 2388 eum
372 2359 407 2397 ipso
414 2368 498 2389 mereantur
504 2359 519 2388 in
526 2359 563 2388 cetis
570 2360 671 2398 congaudere,
678 2371 709 2400 per.

56 2393 115 2424 ¹lwius
125 2396 176 2434 (lwig,
183 2398 245 2436 lwy),u
254 2397 305 2428 native
316 2397 334 2427 ot'
342 2398 435 2436 Britunyd),
443 2407 475 2427 tras
485 2397 549 2438 disciple
559 2399 578 2429 ol
585 2399 666 2438 Cnthhert,
677 2400 713 2431 died
722 2401 738 2431 in

36 2431 125 2469 Armoricaz
135 2435 159 2465 his
166 2436 209 2466 relies
215 2447 255 2467 were
261 2442 278 2467 ut
284 2438 352 2473 Wilton;
362 2437 381 2466 el.
389 2437 435 2473 nott,
443 2437 478 2467 Oct.
485 2436 499 2467 6.

56 2470 62 2488 ⁵
72 2472 132 2511 Others,
145 2484 162 2504 us
175 2475 238 2506 Briocus
250 2476 279 2513 (St.
290 2475 358 2514 Brieux),
372 2476 444 2514 Iudocus,
454 2475 510 2507 Paulus
524 2476 607 2509 Leoneusis
618 2477 634 2518 (u
644 2478 709 2520 disciple
723 2480 740 2512 ol

36 2508 125 2551 Sampson),
131 2514 209 2545 Golreuus
216 2525 240 2556 ep.
248 2515 335 2555 LeouensiS,
342 2516 426 2547 leonorius
433 2517 450 2558 (a
455 2516 519 2557 disciple
527 2518 544 2548 oi
549 2518 617 2557 linitus),
625 2527 651 2551 ure
657 2521 726 2552 omitted.

58 2567 99 2595 VOL.
105 2570 118 2596 Ι.
382 2577 392 2601 c
