1762 2803
276 101 322 157 bc
337 98 439 153 banco
454 98 571 162 laticina.
733 116 774 161 155

74 229 174 267 sumentes,
186 224 263 260 sanitate
275 228 350 269 recepta
361 223 429 268 gratias
441 223 543 258 reddebant
554 223 594 260 deo.
633 216 679 259 Duo
691 223 776 259 Britoncs

73 278 111 312 ceci
121 288 163 312 cum
172 279 255 312 ministro
265 279 345 322 leproso,
356 277 441 312 ducatum
452 277 479 312 eis
490 277 585 321 prebente,
593 277 616 312 ad
624 276 688 311 ianuas
699 277 776 312 ecclesie

73 331 113 365 eius
124 342 203 376 peregre
213 331 310 366 venientes
321 331 344 364 ab
358 341 380 364 ea
392 330 469 364 salutem
481 330 603 375 postulabant.
626 329 667 372 Que
679 330 725 365 dixit
737 330 775 364 eis:

74 385 186 427 ‘Expectate
201 385 295 429 paulisper
308 390 326 418 et
339 384 430 418 intrantes
443 384 532 427 hospitale
542 383 643 418 comedite:
656 394 691 417 nos
703 383 776 418 interim

74 447 107 479 pro
126 436 185 471 salute
202 442 264 471 vestra
283 438 338 471 deum
359 435 509 480 deprecabimur)
532 436 559 469 Illi
578 441 640 470 autem
660 436 795 480 indignantes5

74 490 171 523 dixerunt:
187 490 283 524 ‘Infirmos
298 489 373 533 generis
388 489 414 523 tui
429 499 490 531 sanas,
503 500 537 522 nos
550 494 611 523 autern
627 487 679 532 quasi
694 489 777 522 aduenas

74 541 152 587 negligis
164 553 198 588 pro
210 542 283 578 Christo
295 543 369 578 curare)
392 542 444 577 Tunc
457 542 487 577 illa
498 547 573 587 accepto
584 542 683 588 opprobrio
696 542 741 577 exiit
753 542 776 576 ad

74 608 106 630 eos
115 597 147 640 [et]
156 608 203 641 aqua
211 598 307 631 benedicta
316 597 407 641 aspersit:
421 603 439 631 et
449 598 536 631 mundato
545 597 624 641 leproso,
632 597 671 631 ceci
681 596 776 631 illuminati

74 654 121 684 sunt.
153 642 232 684 inuitata
238 651 317 694 quedam
322 649 374 694 virgo
382 661 392 685 a
399 656 461 685 sancta
467 649 541 695 Brigida
548 659 589 685 cum
595 650 669 685 sederet
675 649 694 685 in
700 660 775 691 mensa;

73 702 118 736 vidit
130 703 227 737 demonem
239 714 298 747 prope
311 705 413 738 sedentem.
436 703 466 737 ‘Si
479 703 567 747 possibile
579 709 612 745 est,
625 703 684 747 inquit
698 703 775 747 hospita,
786 715 804 736 ro

74 756 115 790 volo
122 755 186 790 videre
193 758 246 791 eum’
270 757 344 800 Brigida
352 756 387 791 ait:
399 759 403 776 ‘
411 757 452 790 Non
461 762 488 791 est
496 757 540 790 illud
548 756 672 798 impossibile;
682 757 715 791 sed
725 756 776 800 prius

75 809 170 852 signentur
185 808 232 842 oculi
248 809 279 850 tui,
294 815 313 843 vt
328 809 390 852 possis
404 809 495 843 sustinere
511 819 531 842 ac
548 808 614 842 faciem
629 808 668 842 eius
683 809 776 852 aspicere?

75 862 193 905 Signatisque
199 861 261 902 oculis,
269 862 314 895 vidit
321 862 416 895 inimicum
423 867 470 895 tetra
478 867 495 895 et
504 861 556 904 nigra
563 861 627 904 figura,
635 861 694 903 capite
702 860 777 904 ingenti,

74 919 92 947 et
106 924 140 957 per
154 924 219 947 omnes
232 913 281 947 fores
296 913 371 947 flamma
386 919 404 947 et
419 913 480 948 sumus
493 913 583 947 exalabat.
605 912 706 956 ‘Loquere
719 913 777 956 inquit

76 966 155 1011 Brigida,
165 966 223 1009 nobis,
232 966 310 1000 demon!
333 965 357 1000 Et
365 965 406 1002 ille:
420 966 447 1001 ‘O
457 971 520 1001 sancta
531 965 588 1010 virgo,
600 976 638 1000 non
648 965 736 1010 possum¹
745 965 777 999 tibi
787 977 805 1010 ¹5

75 1020 129 1064 loqui,
137 1031 172 1054 nec
182 1026 213 1054 tua
223 1025 312 1064 precepta
322 1025 459 1064 contempnere,
470 1020 512 1064 quia
522 1025 541 1054 tu
551 1025 638 1064 precepta
649 1019 678 1053 dei
688 1030 724 1053 non
734 1030 777 1053 con-

75 1072 156 1116 tempnis
164 1078 182 1107 et
192 1073 305 1117 pauperibus
315 1072 355 1106 eius
366 1078 384 1107 et
394 1072 475 1107 minimis
483 1072 561 1107 affabilis
572 1074 603 1107 es.¹
627 1072 679 1115 ‘Qua
687 1073 710 1106 de
718 1083 778 1112 causa,

74 1126 133 1170 inquit
140 1125 197 1170 virgo,
205 1126 242 1159 huc
249 1126 316 1160 venisti
322 1127 340 1160 i’
364 1126 430 1170 ‘Apud
437 1126 533 1169 virginem,
542 1125 573 1166 ait,
582 1126 611 1160 hic
621 1125 688 1166 habito,
696 1131 715 1160 et
722 1135 778 1159 causa

76 1178 192 1222 pigritudinis
207 1178 247 1212 eius
262 1179 322 1212 locum
337 1178 356 1211 in
371 1190 393 1212 ea
408 1179 478 1212 haheo?
501 1179 562 1219 ‘Vide,
577 1179 602 1212 ait
617 1178 691 1220 Brigida
706 1178 777 1221 virgini,

76 1240 131 1275 quern
139 1230 200 1265 multis
208 1229 261 1265 annis
271 1231 341 1265 nutrire
352 1231 435 1265 solebas!
459 1230 482 1265 Et
490 1241 513 1265 en
521 1230 552 1264 illa
563 1230 593 1265 die
602 1230 677 1265 liberata
688 1236 716 1265 est
725 1230 777 1275 virgo
787 1243 806 1266 1ο

77 1295 87 1317 a
95 1284 180 1317 demone.
214 1276 302 1327 Quedam
310 1283 377 1317 mulier
381 1294 477 1327 pomorum
483 1283 591 1317 munuscula
596 1282 659 1317 detulit
667 1282 734 1317 lamule
742 1282 777 1323 dei,

76 1341 94 1369 et
102 1335 163 1369 statim
170 1340 261 1369 venerunt
268 1335 336 1379 leprosi
344 1336 367 1368 ab
378 1346 400 1369 ea
409 1335 528 1369 elemosinam
538 1335 658 1378 postulantes.
681 1335 686 1353 ‘
692 1335 777 1376 Diuidite,

76 1388 100 1423 ait
112 1394 174 1423 sancta
183 1387 225 1430 illis,
236 1388 270 1422 hec
282 1389 347 1433 poma)
371 1388 411 1422 Hoc
423 1387 499 1423 audiens
509 1387 579 1430 mulier,
590 1387 650 1432 rapuit
660 1387 682 1422 al
691 1398 712 1423 se
721 1398 778 1432 poma

77 1453 115 1484 sua,
128 1441 202 1476 dicens:
215 1440 267 1476 ‘Tibi
276 1447 294 1476 et
305 1441 408 1485 virginibus
419 1441 456 1475 tuis
465 1441 499 1476 hee
508 1453 564 1486 poma
574 1441 630 1482 attuli,
641 1452 677 1475 non
688 1441 777 1486 leprosis,¹

78 1494 119 1528 Hoc
131 1504 173 1528 cum
186 1493 291 1538 displiceret
304 1498 366 1528 sancte
380 1494 460 1538 Brigide‚
472 1494 542 1528 intulit:
554 1493 614 1528 ‘Male
627 1493 666 1538 agis
679 1494 779 1537 prohibens
789 1502 806 1533 ²5

77 1546 196 1581 elemosinam
203 1547 254 1588 dare3
263 1546 331 1581 ideirco
339 1546 388 1590 ligna
395 1552 426 1580 tua
434 1546 512 1581 fructum
520 1556 557 1580 non
565 1546 658 1581 habebunt
664 1546 778 1581 ineternum.'

76 1600 130 1633 Tunc
139 1599 205 1634 mulier
215 1599 264 1632 foras
274 1610 354 1643 egressa,
365 1598 384 1633 in
393 1605 438 1640 orto,
448 1610 503 1643 quem
515 1599 576 1643 pomis
587 1600 663 1643 plenum
675 1600 779 1643 reliquerat,

77 1652 146 1687 nullum
154 1651 519 1697 inuenit,etsterilissemperpermansit.
554 1644 779 1687 Cumincurrucumsuis

77 1705 144 1750 puellis
155 1706 234 1746 sederet,
246 1704 290 1739 vidit
301 1705 361 1739 virum
374 1716 416 1739 curn
428 1715 462 1739 sua
473 1715 531 1740 vxore
543 1709 561 1738 et
573 1704 640 1739 familia
652 1710 670 1738 et
682 1705 779 1748 pecoribus

78 1759 96 1792 in
111 1758 177 1792 ardore
191 1757 235 1791 solis
247 1767 303 1791 onera
314 1757 377 1800 grauia
389 1762 484 1801 portantes
495 1763 513 1791 et
524 1757 632 1791 lassitudine
643 1763 733 1801 grauatos.
757 1757 780 1790 Et
789 1767 808 1796 30

77 1812 152 1844 miserta
160 1810 232 1843 illorum
241 1810 290 1843 dedit
298 1809 325 1843 eis
333 1821 391 1852 equos
399 1820 463 1843 currus
471 1810 500 1844 sui
510 1810 533 1843 ad
544 1810 633 1853 portanda
642 1820 704 1851 onera,
712 1815 730 1843 et
738 1820 779 1843 curn

78 1863 144 1908 puellis
153 1863 191 1896 suis
198 1862 249 1895 iuxta
256 1863 305 1896 viam
314 1863 382 1896 sedens
391 1862 484 1903 remansit,
494 1863 567 1896 dicens:
578 1863 605 1896 ‘F
605 1862 654 1896 odite
663 1864 698 1896 sub
709 1862 780 1905 cespite

79 1915 188 1960 propinquo,
198 1920 217 1949 vt
228 1914 276 1949 foras
288 1925 335 1958 aqua
345 1920 433 1959 erumpat,
443 1920 463 1949 vt
472 1915 503 1959 qui
514 1915 597 1950 sitientes
607 1914 681 1949 venient
695 1920 713 1949 et
726 1925 779 1949 escas

79 1969 153 2009 habent,
167 1972 231 2012 potum
247 1968 331 2001 sumant!
354 1966 406 2002 Tunc
421 1967 457 2002 illis
472 1967 587 2010 fodientibus,
601 1967 667 2001 tluuius
682 1967 778 2001 confestim

78 2022 138 2055 clarus
146 2026 164 2054 et
171 2020 242 2054 lucidus
250 2030 348 2063 erumpere
359 2020 412 2062 cepit.
435 2020 479 2053 Post
488 2020 582 2063 paululum
591 2020 641 2053 venit
651 2020 689 2054 dux
698 2019 779 2063 quidam,
788 2031 806 2059 35

78 2079 96 2107 et
104 2073 181 2107 audiens
189 2071 243 2116 quid³
250 2072 304 2106 beata
315 2070 389 2114 Brigida
400 2072 423 2105 de
433 2070 486 2115 equis
496 2071 569 2113 lecerat,
579 2071 628 2106 dedit
639 2070 655 2106 ei
666 2071 712 2106 duos
721 2082 779 2114 equos

78 2126 189 2161 indomitos:
201 2130 219 2159 et
234 2125 300 2167 statim,
315 2124 367 2168 quasi
382 2135 457 2169 semper
472 2126 506 2160 sub
521 2135 575 2159 curm
588 2125 671 2167 luissent,
684 2123 779 2159 domestici

79 2179 121 2212 facti
129 2184 177 2212 sunt.
217 2171 316 2212 Venerunt
324 2178 397 2220 quidam
405 2178 473 2221 leprosi
479 2179 501 2211 ad
507 2183 589 2211 sanctam
595 2178 688 2221 Brigidam
694 2182 779 2221 petentes

78 2242 152 2265 currum
166 2231 215 2272 eius;
232 2241 267 2274 que
280 2229 341 2264 statim
356 2240 430 2263 currum
443 2240 484 2264 cum
497 2229 550 2274 equis
565 2229 614 2264 dedit
629 2229 662 2263 eis.
708 2222 779 2264 Mulier

79 2284 158 2327 quedam
168 2284 244 2324 dicebat,
252 2282 339 2317 infantem
349 2292 404 2325 quem
415 2282 478 2325 genuit
490 2293 532 2317 esse
544 2281 637 2317 cuiusdam
649 2281 730 2325 episcopi
742 2282 779 2316 dis·
788 2295 809 2325 ⁴⁰

79 2337 134 2381 cipuli
145 2337 204 2371 sancti
216 2335 293 2378 Patricii,
305 2334 379 2370 nomine
390 2335 457 2369 Broon.
480 2336 520 2378 Quo
532 2341 616 2379 negante,
630 2339 692 2369 sancta
705 2335 780 2379 Brigida

78 2396 141 2424 vocata
151 2390 228 2424 muliere
238 2390 295 2424 dixit:
307 2389 345 2423 ‘De
355 2399 391 2432 quo
401 2387 500 2432 concepisti
510 2388 598 2423 infantem
610 2388 658 2423 hunc
665 2389 681 2423 l'
704 2389 727 2424 Et
738 2389 779 2424 illa:

79 2443 118 2477 ‘De
130 2443 217 2487 episcopo
232 2443 304 2477 Broon.'
326 2442 378 2476 Tunc
391 2441 464 2486 Brigida
478 2443 531 2486 signo
544 2442 604 2476 crucis
617 2452 638 2476 os
650 2441 698 2477 illius
712 2442 781 2476 lemine

80 2496 169 2540 signauit;
179 2502 197 2530 et
205 2496 266 2531 statim
274 2502 332 2531 toturn
340 2501 394 2539 caput
402 2505 443 2529 curn
451 2494 514 2540 lingua
521 2495 606 2529 intumuit
611 2495 623 2529 ⁴.
645 2495 698 2530 Tunc
707 2496 781 2539 Brigida

98 2560 315 2597 ¹Colg.nonpossumnon.
335 2559 412 2590 ²Vitad.
432 2558 530 2596 ’Vitquod
551 2558 771 2596 ιΕ.1111α1111;Τ.1111111111111.
