1762 2803
232 107 278 163 bt
293 104 393 160 &anau
409 103 553 163 undante
703 118 746 163 225

42 229 97 273 digna
104 229 170 272 ferunt,
178 229 272 265 dimidiam
282 228 367 264 videlicet
377 227 476 272 axungiam
485 227 585 271 porcinam.
606 226 666 268 Quam
677 225 706 261 vir
717 226 746 261 dei

42 283 128 317 fratribus
136 284 236 317 ostendens
241 282 252 323 ¹,
260 293 281 316 ac
289 282 317 316 eis
325 281 404 325 quanta2
412 280 518 315 hominibus
529 279 639 321 obedientie,
647 285 715 323 quanta
723 279 746 313 sit

42 344 85 369 cura
93 335 199 370 humilitatis
209 336 293 370 habenda
303 340 414 375 contestans,
422 344 463 368 cum
473 333 512 368 auis
521 333 655 378 superbissima
662 332 747 366 iniuriam

42 398 97 432 quam
104 388 139 422 sibi
146 389 232 423 intulerat
241 389 332 434 precibus,
343 387 429 422 lamentis
438 398 459 421 ac
470 387 578 421 muneribus
585 386 661 420 abluere
670 385 745 420 festina-

42 441 77 474 bat.
101 441 163 476 Multis
170 447 212 485 post
220 442 254 476 hec
262 440 316 476 annis
326 440 344 475 in
355 440 396 485 ipsa
405 439 464 475 insula
475 445 572 475 manentes
581 438 705 481 nidificabant,
713 448 747 472 nec
756 446 765 478 5

42 492 109 538 aliquid
124 495 208 530 molestie
219 495 304 540 cuiquam
317 495 386 530 inferre
401 494 537 539 presumebant.
567 493 603 536 Qui
615 494 665 529 enim
676 491 746 527 auctori

42 547 124 581 omnium
138 554 261 583 creaturarum
274 548 352 583 fideliter
364 554 382 582 et
395 548 450 582 corde
464 547 536 591 integro
548 547 651 589 famulatur,
664 557 701 581 non
717 550 746 579 est

42 599 146 634 mirandum
155 600 170 635 si
178 600 217 636 eius
225 601 307 646 imperiis
315 612 336 636 ac
344 601 391 636 votis
399 600 459 635 omnis
467 606 550 635 creatura
557 600 653 635 deseruiat.
676 599 701 634 At
712 609 747 633 nos

42 653 151 697 plerumque
168 654 236 689 idcirco
251 655 333 689 subiecte
352 653 404 688 nobis
423 659 506 688 creature
523 653 624 688 dominium
639 651 746 698 perdimus³

43 706 85 750 quia
93 706 167 741 domino
178 712 196 741 et
204 707 281 742 creatori
289 707 371 741 omnium
379 706 414 750 ipsi
425 706 495 741 seruire
505 705 619 750 negligimus.
664 699 746 750 Rogauit
757 715 776 736 ιο

42 763 104 793 autem
114 759 186 802 fratres,
194 771 235 793 cum
245 761 268 794 ad
277 760 339 803 ipsum
345 759 457 793 visitandum
466 759 532 793 iterum
540 759 622 792 redirent
631 759 702 801 lignum
711 758 746 791 sibi

43 810 161 853 longitudinis
172 810 268 845 duodecim
278 812 347 855 pedum
358 812 380 844 ad
389 810 491 844 faciendam
499 810 609 843 domuncule
616 809 674 844 basim
683 819 746 844 secum

43 862 141 897 deferrent.
164 863 200 906 Qui
211 866 310 898 redeuntes
320 863 396 906 lignum,
403 868 423 897 vt
434 862 564 907 promiserant,
574 872 612 896 non
624 863 746 903 adducentes;

43 915 110 950 blando
122 927 207 951 sermone
220 917 244 951 ait
257 916 303 951 illis:
321 916 392 950 ‘Credo
407 915 450 960 quia
464 916 510 951 deus
525 926 562 950 non
576 914 694 950 obliuiscetur
706 925 748 949 mee

43 969 141 1003 voluntatis
152 974 170 1004 et
179 969 305 1004 necessitatis’
328 968 352 1003 Et
362 974 473 1012 exurgentes
483 979 544 1009 mane,
555 968 640 1002 viderunt
651 967 694 1012 quia
705 978 775 1009 noc-15

42 1025 108 1056 turnus
116 1022 189 1057 occeani
197 1027 248 1057 estus
256 1023 326 1066 lignum
334 1027 435 1057 memorate
442 1021 561 1066 longitudinis
571 1022 635 1064 attulit,
642 1022 661 1056 in
671 1022 748 1066 ipsoque

42 1074 82 1109 loco
90 1075 175 1119 deposuit
182 1076 213 1110 vbi
220 1075 239 1110 in
247 1075 339 1110 edificium
346 1081 385 1110 erat
390 1075 528 1119 imponendum.
574 1067 644 1109 Nullus
650 1075 673 1108 ab
680 1086 702 1108 eo
708 1075 748 1108 sine

43 1127 108 1170 gaudio
116 1128 244 1162 consolationis
254 1127 324 1170 abibat;
337 1128 407 1162 nullum
417 1128 470 1161 dolor
478 1127 539 1169 animi,
550 1137 605 1171 quem
615 1127 646 1161 illo
658 1128 748 1167 attulerat,

43 1180 150 1214 redeuntem
162 1180 258 1215 comitatus
269 1186 303 1215 est.
326 1180 407 1215 Nouerat
418 1179 485 1224 quippe
497 1185 566 1214 mestos
577 1180 608 1225 pia
620 1179 746 1215 exhortatione

43 1232 111 1276 fouere,
119 1234 226 1276 angustiatis
234 1234 300 1277 gaudia
306 1233 342 1268 vite
350 1233 423 1268 celestis
431 1234 453 1267 ad
462 1233 568 1268 memoriam
576 1243 668 1275 reuocare,
676 1232 747 1277 fragiba
756 1241 776 1263 ²0

43 1285 100 1319 seculi
118 1286 172 1319 huius
191 1291 209 1319 et
227 1296 317 1329 prospera
335 1286 389 1320 simul
404 1290 422 1319 et
437 1287 515 1319 aduersa
530 1290 638 1327 monstrare,
652 1285 746 1330 temptatis

43 1338 170 1382 multipharias
177 1339 246 1383 antiqui
252 1339 310 1373 hostis
318 1339 399 1383 pandere
406 1338 502 1380 versutias
507 1338 574 1382 quibus
579 1338 631 1374 facile
637 1339 644 1358 ⁴
651 1344 747 1384 caperetur

43 1391 114 1425 animus
126 1392 157 1435 qui
168 1392 198 1426 vel
209 1392 290 1425 fraterno
299 1392 329 1426 vel
340 1392 402 1426 diuino
412 1402 475 1426 amore
484 1392 564 1426 nudatus
573 1391 672 1426 existeret:
686 1397 705 1426 at
715 1392 746 1436 qui

43 1443 114 1487 integra
132 1444 169 1478 fide
185 1446 281 1479 roboratus
297 1444 397 1485 incederet,
411 1443 487 1478 insidias
502 1443 603 1478 aduersarii
617 1444 670 1488 quasi
685 1455 748 1479 casses

43 1507 110 1530 aranee
119 1497 233 1540 pertransire
242 1502 310 1541 posset.
333 1497 438 1538 ‘Quotiens
445 1496 509 1540 inquit,
517 1496 609 1540 meipsum
619 1497 643 1531 de
654 1497 690 1531 alta
701 1507 748 1542 rupe
756 1508 775 1539 ²5

43 1559 155 1593 perpreceps
169 1549 246 1584 misere!
264 1549 348 1592 quotiens
362 1548 414 1594 quasi
430 1550 454 1582 ad
469 1549 616 1584 interficiendum
631 1561 661 1584 me
676 1549 748 1595 lapides

43 1601 145 1636 iactabant!
177 1603 215 1636 Sed
230 1606 249 1637 et
262 1602 302 1637 aliis
316 1602 418 1636 innumeris
433 1601 551 1637 fantasiarum
566 1603 703 1647 temptamentis
718 1613 749 1637 me

43 1660 152 1698 appetentes
164 1656 258 1690 deterrere
268 1666 289 1689 ac
300 1656 323 1690 de
333 1655 373 1689 loco
383 1654 437 1689 huius
448 1655 554 1689 certaminis
566 1656 678 1690 conabantur
689 1656 747 1690 elimi-

44 1718 100 1741 nare:
121 1707 159 1741 Nec
174 1712 236 1742 tamen
251 1707 341 1741 ullatenus
355 1708 385 1742 vel
399 1718 466 1751 corpus
481 1718 543 1742 meum
558 1708 620 1742 lesura
638 1708 703 1752 aliqua,
718 1709 748 1743 vel

43 1764 124 1794 mentem
136 1760 207 1803 timore,
219 1761 343 1795 contaminare
355 1760 450 1795 valebant!
493 1754 597 1795 Abbatissa
609 1761 680 1796 Elllede
691 1762 748 1806 regali
757 1775 777 1804 ³0

44 1823 68 1847 ex
83 1813 172 1856 progenie
187 1818 231 1855 orta,
245 1824 286 1847 cum
298 1813 374 1847 facultas
385 1813 445 1847 standi
456 1814 486 1847 vel
498 1813 603 1847 ambulandi
615 1825 702 1858 prorssus
713 1814 748 1848 sibi

44 1866 122 1906 deesset,
130 1865 179 1899 inter
186 1865 280 1909 angustias
288 1865 355 1900 mentis
363 1876 396 1899 sue
404 1865 459 1900 dixit:
472 1865 555 1899 ‘Vtinam
562 1866 645 1900 derebus
652 1866 748 1901 Cuthberti

9 1944 12 1950 .
44 1918 81 1953 mei
97 1918 194 1963 quicquam
206 1919 306 1954 haberem:
322 1918 359 1953 scio
371 1924 421 1953 certe
432 1923 450 1952 et
462 1918 516 1953 credo
528 1923 545 1953 et
557 1919 630 1954 confido
641 1919 660 1953 in
672 1920 747 1955 domino

44 1972 86 2016 quia
98 1971 133 2006 cito
145 1977 254 2007 sanarentur
265 1972 348 2006 membra
359 1972 410 2006 mea.¹
434 1971 475 2006 Non
486 1971 542 2005 multo
552 1977 594 2016 post
604 1972 678 2006 aduenit
688 1973 719 2017 qui
730 1973 747 2006 ei

44 2035 109 2058 zonam
117 2024 184 2059 lineam
192 2025 215 2059 ab
224 2024 329 2059 comissam
338 2024 427 2059 deferret:
436 2035 472 2068 que
478 2025 555 2059 multum
563 2024 626 2069 ganisa
634 2026 657 2059 de
665 2036 747 2068 munere,
756 2036 775 2067 35

44 2082 62 2112 et
75 2077 188 2112 desiderium
203 2089 257 2112 suurn
268 2077 308 2112 viro
320 2083 383 2112 sancto
394 2078 430 2112 iam
442 2077 506 2112 celitus
517 2077 627 2122 patefactum
638 2078 747 2122 intelligens,

44 2130 133 2165 succinxit
149 2141 170 2164 se
184 2131 226 2165 illa:
248 2136 266 2165 et
281 2142 325 2165 mox
340 2136 400 2165 erecta
415 2130 438 2164 ad
453 2131 544 2172 standum,
557 2130 610 2164 tertia
626 2131 656 2164 die
674 2131 747 2165 sanitati

44 2182 132 2217 redditur.
155 2182 239 2224 Quadam
247 2194 320 2227 quoque
330 2182 472 2218 sanctimonialis
484 2183 535 2227 quasi
547 2185 569 2218 ad
581 2188 659 2217 mortem
670 2183 747 2218 infirmi-

44 2240 81 2271 tate
100 2237 194 2281 depressa,
205 2235 256 2270 iussu
273 2235 365 2272 abbatisse
383 2236 453 2271 Elllede
468 2241 522 2281 caput
537 2247 590 2271 suum
605 2236 687 2280 predicta
701 2248 748 2271 zona

44 2288 123 2332 alligauit
132 2301 135 2323 :
147 2294 166 2322 et
173 2299 216 2322 mox
224 2289 289 2322 eodem
297 2288 327 2323 die
334 2289 389 2333 plene
397 2289 492 2324 conualuit.
515 2289 574 2331 Quam
585 2299 650 2323 zonam
661 2288 680 2323 in
692 2299 748 2335 capsa
756 2301 777 2333 4⁰

44 2342 151 2384 repositam,
164 2352 206 2374 cum
222 2346 287 2384 postea
305 2341 407 2384 requireret
426 2343 523 2384 abbatissa,
541 2342 645 2376 nullatenus
663 2342 748 2378 inuenire

44 2393 108 2438 potuit.
135 2394 189 2436 Quod
201 2394 263 2428 diuina
276 2394 413 2438 dispensatione
427 2396 493 2430 factum
509 2395 619 2438 intelligitur,
631 2395 716 2431 videlicet
728 2402 748 2431 vt

44 2459 79 2492 per
98 2449 134 2482 duo
151 2448 234 2482 sanitatis
250 2447 337 2482 miracula
352 2448 387 2482 deo
402 2448 462 2482 dilecti
477 2447 535 2491 patris
549 2447 635 2481 sanctitas
650 2456 749 2493 appareret

64 2510 70 2529 ¹
81 2511 120 2541 Bed.
128 2513 212 2543 ostendere
222 2516 269 2549 atque
278 2512 298 2542 ad
305 2512 387 2549 ungendas
396 2512 453 2550 caligas
462 2511 538 2549 praebere
547 2510 613 2547 solebat,
622 2516 716 2544 contestans
725 2515 749 2544 eis

44 2555 139 2589 quantaetc.
199 2552 304 2589 ²E.quanto.
364 2552 508 2589 'E.perdidimus,
567 2551 667 2584 *Efacera

392 2611 403 2642 Ω
