<?xml version="1.0" encoding="UTF-8"?>
<!DOCTYPE html PUBLIC "-//W3C//DTD XHTML 1.0 Transitional//EN"
    "http://www.w3.org/TR/xhtml1/DTD/xhtml1-transitional.dtd">
<html xmlns="http://www.w3.org/1999/xhtml" xml:lang="en" lang="en">
 <head>
  <title>
</title>
<meta http-equiv="Content-Type" content="text/html;charset=utf-8" />
  <meta name='ocr-system' content='tesseract 3.04.00' />
  <meta name='ocr-capabilities' content='ocr_page ocr_carea ocr_par ocr_line ocrx_word'/>
</head>
<body>
  <div class='ocr_page' id='page_1' title='image "./MN5111ucmf_0/MN5111ucmf_0_0503.png"; bbox 0 0 1762 2803; ppageno 0'>
   <div class='ocr_carea' id='block_1_1' title="bbox 81 105 733 170">
    <p class='ocr_par' dir='ltr' id='par_1_1' title="bbox 81 105 733 170">
     <span class='ocr_line' id='line_1_1' title="bbox 81 105 733 170; baseline -0.018 -1"><span class='ocrx_word' id='word_1_1' title='bbox 81 115 126 169; x_wconf 57' lang='lat' dir='ltr'>bt</span> <span class='ocrx_word' id='word_1_2' title='bbox 141 111 243 163; x_wconf 57' lang='lat' dir='ltr'>&amp;aaut</span> <span class='ocrx_word' id='word_1_3' title='bbox 259 107 401 169; x_wconf 73' lang='lat' dir='ltr'>cautam</span> <span class='ocrx_word' id='word_1_4' title='bbox 418 118 476 170; x_wconf 72' lang='lat' dir='ltr'>rtur</span> <span class='ocrx_word' id='word_1_5' title='bbox 492 111 516 160; x_wconf 82' lang='lat' dir='ltr'>rt</span> <span class='ocrx_word' id='word_1_6' title='bbox 531 105 641 160; x_wconf 75' lang='lat' dir='ltr'>mettica.</span> <span class='ocrx_word' id='word_1_7' title='bbox 688 123 733 165; x_wconf 80' lang='lat'>413</span> 
     </span>
    </p>
   </div>
   <div class='ocr_carea' id='block_1_2' title="bbox 33 229 768 2507">
    <p class='ocr_par' dir='ltr' id='par_1_2' title="bbox 33 229 768 2507">
     <span class='ocr_line' id='line_1_2' title="bbox 33 229 735 274; baseline -0.009 -3"><span class='ocrx_word' id='word_1_8' title='bbox 33 248 66 272; x_wconf 83' lang='lat' dir='ltr'>rex</span> <span class='ocrx_word' id='word_1_9' title='bbox 82 232 156 269; x_wconf 90' lang='lat' dir='ltr'>humilis</span> <span class='ocrx_word' id='word_1_10' title='bbox 173 229 278 265; x_wconf 89' lang='lat' dir='ltr'>huiusmodi</span> <span class='ocrx_word' id='word_1_11' title='bbox 296 229 378 271; x_wconf 89' lang='lat' dir='ltr'>consilio,</span> <span class='ocrx_word' id='word_1_12' title='bbox 396 234 414 265; x_wconf 88' lang='lat' dir='ltr'>et</span> <span class='ocrx_word' id='word_1_13' title='bbox 430 240 465 274; x_wconf 88' lang='lat' dir='ltr'>spe</span> <span class='ocrx_word' id='word_1_14' title='bbox 482 229 606 265; x_wconf 84' lang='lat' dir='ltr'>successionis</span> <span class='ocrx_word' id='word_1_15' title='bbox 624 229 735 265; x_wconf 78' lang='lat' dir='ltr'>hereditarie</span> 
     </span>
     <span class='ocr_line' id='line_1_3' title="bbox 33 282 735 329; baseline -0.01 -6"><span class='ocrx_word' id='word_1_16' title='bbox 33 300 64 326; x_wconf 89' lang='lat' dir='ltr'>cor</span> <span class='ocrx_word' id='word_1_17' title='bbox 72 287 130 322; x_wconf 87' lang='lat' dir='ltr'>docile</span> <span class='ocrx_word' id='word_1_18' title='bbox 138 286 161 319; x_wconf 86' lang='lat' dir='ltr'>ad</span> <span class='ocrx_word' id='word_1_19' title='bbox 169 294 258 329; x_wconf 83' lang='lat' dir='ltr'>sponsam</span> <span class='ocrx_word' id='word_1_20' title='bbox 266 282 374 327; x_wconf 81' lang='lat' dir='ltr'>capiendam</span> <span class='ocrx_word' id='word_1_21' title='bbox 383 283 460 317; x_wconf 83' lang='lat' dir='ltr'>intendit</span> <span class='ocrx_word' id='word_1_22' title='bbox 466 283 477 316; x_wconf 86' lang='lat'>¹.</span> <span class='ocrx_word' id='word_1_23' title='bbox 500 283 570 317; x_wconf 90' lang='lat' dir='ltr'>Laudat</span> <span class='ocrx_word' id='word_1_24' title='bbox 584 283 735 327; x_wconf 81' lang='lat' dir='ltr'>quidamconsul²</span> 
     </span>
     <span class='ocr_line' id='line_1_4' title="bbox 34 336 735 381; baseline -0.01 -4"><span class='ocrx_word' id='word_1_25' title='bbox 34 341 126 378; x_wconf 80' lang='lat' dir='ltr'>cuiusdam</span> <span class='ocrx_word' id='word_1_26' title='bbox 138 337 219 381; x_wconf 87' lang='lat' dir='ltr'>Egeonis</span> <span class='ocrx_word' id='word_1_27' title='bbox 232 337 294 378; x_wconf 85' lang='lat' dir='ltr'>filiam,</span> <span class='ocrx_word' id='word_1_28' title='bbox 306 337 380 371; x_wconf 91' lang='lat' dir='ltr'>nomine</span> <span class='ocrx_word' id='word_1_29' title='bbox 392 337 514 377; x_wconf 86' lang='lat' dir='ltr'>Seledridam,</span> <span class='ocrx_word' id='word_1_30' title='bbox 525 336 544 370; x_wconf 93' lang='lat' dir='ltr'>in</span> <span class='ocrx_word' id='word_1_31' title='bbox 558 336 669 371; x_wconf 81' lang='lat' dir='ltr'>australibus</span> <span class='ocrx_word' id='word_1_32' title='bbox 680 336 735 380; x_wconf 91' lang='lat' dir='ltr'>parti-</span> 
     </span>
     <span class='ocr_line' id='line_1_5' title="bbox 33 389 734 434; baseline -0.009 -4"><span class='ocrx_word' id='word_1_33' title='bbox 33 397 67 430; x_wconf 93' lang='lat' dir='ltr'>bus</span> <span class='ocrx_word' id='word_1_34' title='bbox 77 392 144 427; x_wconf 90' lang='lat' dir='ltr'>diuitiis</span> <span class='ocrx_word' id='word_1_35' title='bbox 154 391 266 434; x_wconf 86' lang='lat' dir='ltr'>opulentam,</span> <span class='ocrx_word' id='word_1_36' title='bbox 274 390 302 424; x_wconf 94' lang='lat' dir='ltr'>cui</span> <span class='ocrx_word' id='word_1_37' title='bbox 314 389 399 424; x_wconf 86' lang='lat' dir='ltr'>defuncto</span> <span class='ocrx_word' id='word_1_38' title='bbox 407 396 459 434; x_wconf 91' lang='lat' dir='ltr'>patre</span> <span class='ocrx_word' id='word_1_39' title='bbox 471 400 549 434; x_wconf 89' lang='lat' dir='ltr'>regnum</span> <span class='ocrx_word' id='word_1_40' title='bbox 557 395 682 425; x_wconf 82' lang='lat' dir='ltr'>remanserat:</span> <span class='ocrx_word' id='word_1_41' title='bbox 695 390 734 434; x_wconf 83' lang='lat' dir='ltr'>regi</span> 
     </span>
     <span class='ocr_line' id='line_1_6' title="bbox 33 443 752 487; baseline -0.01 -3"><span class='ocrx_word' id='word_1_42' title='bbox 33 447 127 484; x_wconf 88' lang='lat' dir='ltr'>consilium</span> <span class='ocrx_word' id='word_1_43' title='bbox 138 445 192 478; x_wconf 87' lang='lat' dir='ltr'>datur</span> <span class='ocrx_word' id='word_1_44' title='bbox 202 449 222 478; x_wconf 91' lang='lat' dir='ltr'>vt</span> <span class='ocrx_word' id='word_1_45' title='bbox 234 443 251 477; x_wconf 85' lang='lat' dir='ltr'>ei</span> <span class='ocrx_word' id='word_1_46' title='bbox 261 443 280 478; x_wconf 95' lang='lat' dir='ltr'>in</span> <span class='ocrx_word' id='word_1_47' title='bbox 292 443 396 487; x_wconf 89' lang='lat' dir='ltr'>coniugium</span> <span class='ocrx_word' id='word_1_48' title='bbox 407 444 507 487; x_wconf 89' lang='lat' dir='ltr'>copuletur,</span> <span class='ocrx_word' id='word_1_49' title='bbox 518 448 538 477; x_wconf 93' lang='lat' dir='ltr'>vt</span> <span class='ocrx_word' id='word_1_50' title='bbox 554 444 578 478; x_wconf 92' lang='lat' dir='ltr'>de</span> <span class='ocrx_word' id='word_1_51' title='bbox 589 444 661 477; x_wconf 87' lang='lat' dir='ltr'>duobus</span> <span class='ocrx_word' id='word_1_52' title='bbox 673 443 752 487; x_wconf 83' lang='lat' dir='ltr'>regnis5</span> 
     </span>
     <span class='ocr_line' id='line_1_7' title="bbox 33 497 734 542; baseline -0.007 -6"><span class='ocrx_word' id='word_1_53' title='bbox 33 512 88 537; x_wconf 89' lang='lat' dir='ltr'>vnum</span> <span class='ocrx_word' id='word_1_54' title='bbox 104 500 143 533; x_wconf 87' lang='lat' dir='ltr'>fieri</span> <span class='ocrx_word' id='word_1_55' title='bbox 159 503 227 541; x_wconf 86' lang='lat' dir='ltr'>posset.</span> <span class='ocrx_word' id='word_1_56' title='bbox 250 497 366 542; x_wconf 89' lang='lat' dir='ltr'>Repudiatur</span> <span class='ocrx_word' id='word_1_57' title='bbox 384 497 418 532; x_wconf 90' lang='lat' dir='ltr'>hoc</span> <span class='ocrx_word' id='word_1_58' title='bbox 437 497 539 540; x_wconf 85' lang='lat' dir='ltr'>consilium,</span> <span class='ocrx_word' id='word_1_59' title='bbox 554 498 670 542; x_wconf 87' lang='lat' dir='ltr'>abnegatque</span> <span class='ocrx_word' id='word_1_60' title='bbox 689 507 734 532; x_wconf 85' lang='lat' dir='ltr'>rex:</span> 
     </span>
     <span class='ocr_line' id='line_1_8' title="bbox 34 550 734 598; baseline -0.004 -11"><span class='ocrx_word' id='word_1_61' title='bbox 34 559 103 598; x_wconf 90' lang='lat' dir='ltr'>patrem</span> <span class='ocrx_word' id='word_1_62' title='bbox 122 551 199 594; x_wconf 86' lang='lat' dir='ltr'>virginis</span> <span class='ocrx_word' id='word_1_63' title='bbox 218 561 333 594; x_wconf 89' lang='lat' dir='ltr'>nequaquam</span> <span class='ocrx_word' id='word_1_64' title='bbox 355 550 412 585; x_wconf 89' lang='lat' dir='ltr'>fuisse</span> <span class='ocrx_word' id='word_1_65' title='bbox 435 551 551 594; x_wconf 84' lang='lat' dir='ltr'>degenerem,</span> <span class='ocrx_word' id='word_1_66' title='bbox 570 556 692 585; x_wconf 82' lang='lat' dir='ltr'>veruntamen</span> <span class='ocrx_word' id='word_1_67' title='bbox 711 551 734 585; x_wconf 92' lang='lat' dir='ltr'>ad</span> 
     </span>
     <span class='ocr_line' id='line_1_9' title="bbox 34 602 735 646; baseline -0.007 -5"><span class='ocrx_word' id='word_1_68' title='bbox 34 614 106 641; x_wconf 90' lang='lat' dir='ltr'>omnem</span> <span class='ocrx_word' id='word_1_69' title='bbox 114 603 197 637; x_wconf 90' lang='lat' dir='ltr'>fraudem</span> <span class='ocrx_word' id='word_1_70' title='bbox 208 607 227 637; x_wconf 85' lang='lat' dir='ltr'>et</span> <span class='ocrx_word' id='word_1_71' title='bbox 237 603 299 636; x_wconf 91' lang='lat' dir='ltr'>dolum</span> <span class='ocrx_word' id='word_1_72' title='bbox 311 613 353 637; x_wconf 87' lang='lat' dir='ltr'>eum</span> <span class='ocrx_word' id='word_1_73' title='bbox 363 613 438 646; x_wconf 83' lang='lat' dir='ltr'>semper</span> <span class='ocrx_word' id='word_1_74' title='bbox 448 602 531 638; x_wconf 82' lang='lat' dir='ltr'>extitisse</span> <span class='ocrx_word' id='word_1_75' title='bbox 541 603 646 646; x_wconf 90' lang='lat' dir='ltr'>procliuem.</span> <span class='ocrx_word' id='word_1_76' title='bbox 669 602 735 645; x_wconf 64' lang='lat' dir='ltr'>‘Patri</span> 
     </span>
     <span class='ocr_line' id='line_1_10' title="bbox 34 655 733 703; baseline -0.004 -10"><span class='ocrx_word' id='word_1_77' title='bbox 34 658 96 703; x_wconf 90' lang='lat' dir='ltr'>inquit,</span> <span class='ocrx_word' id='word_1_78' title='bbox 108 667 149 691; x_wconf 91' lang='lat' dir='ltr'>meo</span> <span class='ocrx_word' id='word_1_79' title='bbox 161 667 228 700; x_wconf 87' lang='lat' dir='ltr'>graues</span> <span class='ocrx_word' id='word_1_80' title='bbox 239 656 316 691; x_wconf 89' lang='lat' dir='ltr'>tetendit</span> <span class='ocrx_word' id='word_1_81' title='bbox 327 656 408 698; x_wconf 87' lang='lat' dir='ltr'>insidias,</span> <span class='ocrx_word' id='word_1_82' title='bbox 420 656 532 700; x_wconf 83' lang='lat' dir='ltr'>fraudesque</span> <span class='ocrx_word' id='word_1_83' title='bbox 544 667 581 691; x_wconf 91' lang='lat' dir='ltr'>non</span> <span class='ocrx_word' id='word_1_84' title='bbox 593 655 662 691; x_wconf 86' lang='lat' dir='ltr'>distulit</span> <span class='ocrx_word' id='word_1_85' title='bbox 674 655 733 691; x_wconf 89' lang='lat' dir='ltr'>moliri</span> 
     </span>
     <span class='ocr_line' id='line_1_11' title="bbox 34 709 763 753; baseline -0.005 -7"><span class='ocrx_word' id='word_1_86' title='bbox 34 712 121 746; x_wconf 88' lang='lat' dir='ltr'>diuersas.</span> <span class='ocrx_word' id='word_1_87' title='bbox 151 709 239 752; x_wconf 85' lang='lat' dir='ltr'>Displicet</span> <span class='ocrx_word' id='word_1_88' title='bbox 254 719 298 752; x_wconf 85' lang='lat' dir='ltr'>ergo</span> <span class='ocrx_word' id='word_1_89' title='bbox 314 709 358 742; x_wconf 90' lang='lat' dir='ltr'>mihi</span> <span class='ocrx_word' id='word_1_90' title='bbox 373 709 453 753; x_wconf 84' lang='lat' dir='ltr'>ignobile</span> <span class='ocrx_word' id='word_1_91' title='bbox 470 710 489 743; x_wconf 89' lang='lat' dir='ltr'>in</span> <span class='ocrx_word' id='word_1_92' title='bbox 505 710 570 743; x_wconf 89' lang='lat' dir='ltr'>eodem</span> <span class='ocrx_word' id='word_1_93' title='bbox 589 720 659 753; x_wconf 88' lang='lat' dir='ltr'>genere</span> <span class='ocrx_word' id='word_1_94' title='bbox 673 709 734 743; x_wconf 89' lang='lat' dir='ltr'>sortiri</span> <span class='ocrx_word' id='word_1_95' title='bbox 744 723 763 743; x_wconf 85' lang='lat' dir='ltr'>ro</span> 
     </span>
     <span class='ocr_line' id='line_1_12' title="bbox 35 761 735 805; baseline -0.003 -7"><span class='ocrx_word' id='word_1_96' title='bbox 35 762 177 803; x_wconf 86' lang='lat' dir='ltr'>contubernium,</span> <span class='ocrx_word' id='word_1_97' title='bbox 191 762 239 805; x_wconf 89' lang='lat' dir='ltr'>quod</span> <span class='ocrx_word' id='word_1_98' title='bbox 251 762 340 796; x_wconf 88' lang='lat' dir='ltr'>hactenus</span> <span class='ocrx_word' id='word_1_99' title='bbox 353 772 364 795; x_wconf 93' lang='lat' dir='ltr'>a</span> <span class='ocrx_word' id='word_1_100' title='bbox 377 762 414 795; x_wconf 87' lang='lat' dir='ltr'>tide</span> <span class='ocrx_word' id='word_1_101' title='bbox 423 767 440 795; x_wconf 91' lang='lat' dir='ltr'>et</span> <span class='ocrx_word' id='word_1_102' title='bbox 451 762 528 796; x_wconf 88' lang='lat' dir='ltr'>veritate</span> <span class='ocrx_word' id='word_1_103' title='bbox 540 761 622 796; x_wconf 81' lang='lat' dir='ltr'>extitisse</span> <span class='ocrx_word' id='word_1_104' title='bbox 634 761 735 797; x_wconf 84' lang='lat' dir='ltr'>dinoscitur</span> 
     </span>
     <span class='ocr_line' id='line_1_13' title="bbox 35 814 735 859; baseline -0.003 -7"><span class='ocrx_word' id='word_1_105' title='bbox 35 817 118 853; x_wconf 85' lang='lat' dir='ltr'>alienum.</span> <span class='ocrx_word' id='word_1_106' title='bbox 141 814 222 859; x_wconf 91' lang='lat' dir='ltr'>Ignobile</span> <span class='ocrx_word' id='word_1_107' title='bbox 236 814 300 849; x_wconf 88' lang='lat' dir='ltr'>iccirco</span> <span class='ocrx_word' id='word_1_108' title='bbox 312 815 373 850; x_wconf 90' lang='lat' dir='ltr'>vocari</span> <span class='ocrx_word' id='word_1_109' title='bbox 387 815 448 855; x_wconf 88' lang='lat' dir='ltr'>debet,</span> <span class='ocrx_word' id='word_1_110' title='bbox 461 816 504 859; x_wconf 91' lang='lat' dir='ltr'>quia</span> <span class='ocrx_word' id='word_1_111' title='bbox 516 815 655 849; x_wconf 90' lang='lat' dir='ltr'>fundamentum</span> <span class='ocrx_word' id='word_1_112' title='bbox 667 815 735 850; x_wconf 90' lang='lat' dir='ltr'>nullius</span> 
     </span>
     <span class='ocr_line' id='line_1_14' title="bbox 36 868 735 912; baseline -0.003 -8"><span class='ocrx_word' id='word_1_113' title='bbox 36 868 135 905; x_wconf 85' lang='lat' dir='ltr'>stabilitatis</span> <span class='ocrx_word' id='word_1_114' title='bbox 142 869 207 903; x_wconf 73' lang='lat' dir='ltr'>habet!</span> <span class='ocrx_word' id='word_1_115' title='bbox 222 868 317 902; x_wconf 80' lang='lat' dir='ltr'>³Tandem</span> <span class='ocrx_word' id='word_1_116' title='bbox 324 869 385 902; x_wconf 87' lang='lat' dir='ltr'>habito</span> <span class='ocrx_word' id='word_1_117' title='bbox 390 868 471 910; x_wconf 90' lang='lat' dir='ltr'>consilio,</span> <span class='ocrx_word' id='word_1_118' title='bbox 477 879 542 903; x_wconf 89' lang='lat' dir='ltr'>versus</span> <span class='ocrx_word' id='word_1_119' title='bbox 547 868 607 903; x_wconf 83' lang='lat' dir='ltr'>Oilam</span> <span class='ocrx_word' id='word_1_120' title='bbox 614 880 677 912; x_wconf 87' lang='lat' dir='ltr'>regem</span> <span class='ocrx_word' id='word_1_121' title='bbox 686 868 735 903; x_wconf 87' lang='lat' dir='ltr'>Mer-</span> 
     </span>
     <span class='ocr_line' id='line_1_15' title="bbox 35 920 735 966; baseline -0.003 -8"><span class='ocrx_word' id='word_1_122' title='bbox 35 924 104 959; x_wconf 90' lang='lat' dir='ltr'>ciorum</span> <span class='ocrx_word' id='word_1_123' title='bbox 112 922 135 956; x_wconf 91' lang='lat' dir='ltr'>ad</span> <span class='ocrx_word' id='word_1_124' title='bbox 143 922 242 966; x_wconf 91' lang='lat' dir='ltr'>petendam</span> <span class='ocrx_word' id='word_1_125' title='bbox 248 921 267 955; x_wconf 92' lang='lat' dir='ltr'>in</span> <span class='ocrx_word' id='word_1_126' title='bbox 273 932 349 956; x_wconf 90' lang='lat' dir='ltr'>vxorem</span> <span class='ocrx_word' id='word_1_127' title='bbox 358 920 414 956; x_wconf 83' lang='lat' dir='ltr'>liliam</span> <span class='ocrx_word' id='word_1_128' title='bbox 422 921 461 956; x_wconf 88' lang='lat' dir='ltr'>eius</span> <span class='ocrx_word' id='word_1_129' title='bbox 472 921 499 956; x_wconf 90' lang='lat' dir='ltr'>ire</span> <span class='ocrx_word' id='word_1_130' title='bbox 507 921 602 966; x_wconf 82' lang='lat' dir='ltr'>disposuit.</span> <span class='ocrx_word' id='word_1_131' title='bbox 619 921 656 956; x_wconf 87' lang='lat' dir='ltr'>Sed</span> <span class='ocrx_word' id='word_1_132' title='bbox 664 921 683 955; x_wconf 95' lang='lat' dir='ltr'>in</span> <span class='ocrx_word' id='word_1_133' title='bbox 694 921 735 966; x_wconf 90' lang='lat' dir='ltr'>ipso</span> 
     </span>
     <span class='ocr_line' id='line_1_16' title="bbox 35 974 764 1020; baseline -0.003 -12"><span class='ocrx_word' id='word_1_134' title='bbox 35 974 150 1020; x_wconf 88' lang='lat' dir='ltr'>profectionis</span> <span class='ocrx_word' id='word_1_135' title='bbox 159 976 240 1015; x_wconf 91' lang='lat' dir='ltr'>exordio,</span> <span class='ocrx_word' id='word_1_136' title='bbox 250 979 348 1017; x_wconf 89' lang='lat' dir='ltr'>antequam</span> <span class='ocrx_word' id='word_1_137' title='bbox 360 985 427 1016; x_wconf 89' lang='lat' dir='ltr'>equum</span> <span class='ocrx_word' id='word_1_138' title='bbox 439 976 552 1016; x_wconf 83' lang='lat' dir='ltr'>ascenderet,</span> <span class='ocrx_word' id='word_1_139' title='bbox 562 975 645 1008; x_wconf 88' lang='lat' dir='ltr'>mirabile</span> <span class='ocrx_word' id='word_1_140' title='bbox 658 975 736 1018; x_wconf 87' lang='lat' dir='ltr'>signum,</span> <span class='ocrx_word' id='word_1_141' title='bbox 746 985 764 1014; x_wconf 83' lang='lat'>¹5</span> 
     </span>
     <span class='ocr_line' id='line_1_17' title="bbox 35 1027 737 1071; baseline -0.003 -8"><span class='ocrx_word' id='word_1_142' title='bbox 35 1028 149 1071; x_wconf 88' lang='lat' dir='ltr'>stupentibus</span> <span class='ocrx_word' id='word_1_143' title='bbox 163 1028 237 1069; x_wconf 88' lang='lat' dir='ltr'>cunctis,</span> <span class='ocrx_word' id='word_1_144' title='bbox 250 1027 333 1061; x_wconf 89' lang='lat' dir='ltr'>innotuit.</span> <span class='ocrx_word' id='word_1_145' title='bbox 356 1027 395 1062; x_wconf 89' lang='lat' dir='ltr'>Sub</span> <span class='ocrx_word' id='word_1_146' title='bbox 410 1027 451 1071; x_wconf 91' lang='lat' dir='ltr'>ipso</span> <span class='ocrx_word' id='word_1_147' title='bbox 465 1037 546 1071; x_wconf 88' lang='lat' dir='ltr'>namque</span> <span class='ocrx_word' id='word_1_148' title='bbox 560 1028 672 1062; x_wconf 89' lang='lat' dir='ltr'>ascendente</span> <span class='ocrx_word' id='word_1_149' title='bbox 687 1032 737 1061; x_wconf 90' lang='lat' dir='ltr'>terra</span> 
     </span>
     <span class='ocr_line' id='line_1_18' title="bbox 35 1080 735 1124; baseline -0.001 -9"><span class='ocrx_word' id='word_1_150' title='bbox 35 1085 83 1115; x_wconf 90' lang='lat' dir='ltr'>mota</span> <span class='ocrx_word' id='word_1_151' title='bbox 94 1085 127 1122; x_wconf 89' lang='lat' dir='ltr'>est,</span> <span class='ocrx_word' id='word_1_152' title='bbox 140 1080 239 1114; x_wconf 88' lang='lat' dir='ltr'>imminens</span> <span class='ocrx_word' id='word_1_153' title='bbox 252 1080 353 1124; x_wconf 90' lang='lat' dir='ltr'>periculum</span> <span class='ocrx_word' id='word_1_154' title='bbox 368 1080 432 1114; x_wconf 91' lang='lat' dir='ltr'>mortis</span> <span class='ocrx_word' id='word_1_155' title='bbox 445 1081 573 1124; x_wconf 81' lang='lat' dir='ltr'>prefigurans3</span> <span class='ocrx_word' id='word_1_156' title='bbox 587 1080 688 1124; x_wconf 82' lang='lat' dir='ltr'>tota[que¹]</span> <span class='ocrx_word' id='word_1_157' title='bbox 700 1080 735 1114; x_wconf 88' lang='lat' dir='ltr'>diei</span> 
     </span>
     <span class='ocr_line' id='line_1_19' title="bbox 35 1133 736 1178; baseline 0.001 -11"><span class='ocrx_word' id='word_1_158' title='bbox 35 1135 105 1168; x_wconf 87' lang='lat' dir='ltr'>claritas</span> <span class='ocrx_word' id='word_1_159' title='bbox 113 1133 204 1167; x_wconf 87' lang='lat' dir='ltr'>subtracta</span> <span class='ocrx_word' id='word_1_160' title='bbox 212 1133 272 1167; x_wconf 91' lang='lat' dir='ltr'>subito</span> <span class='ocrx_word' id='word_1_161' title='bbox 280 1133 374 1177; x_wconf 88' lang='lat' dir='ltr'>disparuit,</span> <span class='ocrx_word' id='word_1_162' title='bbox 382 1138 400 1167; x_wconf 91' lang='lat' dir='ltr'>et</span> <span class='ocrx_word' id='word_1_163' title='bbox 407 1133 460 1177; x_wconf 88' lang='lat' dir='ltr'>quasi</span> <span class='ocrx_word' id='word_1_164' title='bbox 467 1133 547 1177; x_wconf 90' lang='lat' dir='ltr'>quedam</span> <span class='ocrx_word' id='word_1_165' title='bbox 559 1133 656 1178; x_wconf 88' lang='lat' dir='ltr'>columpna</span> <span class='ocrx_word' id='word_1_166' title='bbox 664 1133 736 1169; x_wconf 87' lang='lat' dir='ltr'>nebulis</span> 
     </span>
     <span class='ocr_line' id='line_1_20' title="bbox 36 1186 735 1231; baseline 0.001 -11"><span class='ocrx_word' id='word_1_167' title='bbox 36 1187 76 1221; x_wconf 90' lang='lat' dir='ltr'>hinc</span> <span class='ocrx_word' id='word_1_168' title='bbox 84 1186 127 1220; x_wconf 84' lang='lat' dir='ltr'>inde</span> <span class='ocrx_word' id='word_1_169' title='bbox 136 1187 225 1230; x_wconf 88' lang='lat' dir='ltr'>oppositis</span> <span class='ocrx_word' id='word_1_170' title='bbox 234 1187 311 1219; x_wconf 91' lang='lat' dir='ltr'>obducta</span> <span class='ocrx_word' id='word_1_171' title='bbox 322 1186 357 1220; x_wconf 93' lang='lat' dir='ltr'>sub</span> <span class='ocrx_word' id='word_1_172' title='bbox 365 1186 414 1220; x_wconf 90' lang='lat' dir='ltr'>nube</span> <span class='ocrx_word' id='word_1_173' title='bbox 422 1186 487 1230; x_wconf 86' lang='lat' dir='ltr'>erupit,</span> <span class='ocrx_word' id='word_1_174' title='bbox 495 1197 531 1230; x_wconf 89' lang='lat' dir='ltr'>que</span> <span class='ocrx_word' id='word_1_175' title='bbox 538 1186 649 1230; x_wconf 89' lang='lat' dir='ltr'>aliquamdiu</span> <span class='ocrx_word' id='word_1_176' title='bbox 657 1188 735 1231; x_wconf 87' lang='lat' dir='ltr'>quadam</span> 
     </span>
     <span class='ocr_line' id='line_1_21' title="bbox 35 1239 765 1284; baseline 0.003 -11"><span class='ocrx_word' id='word_1_177' title='bbox 35 1239 84 1274; x_wconf 90' lang='lat' dir='ltr'>tenui</span> <span class='ocrx_word' id='word_1_178' title='bbox 94 1239 169 1273; x_wconf 84' lang='lat' dir='ltr'>flamma</span> <span class='ocrx_word' id='word_1_179' title='bbox 179 1240 205 1273; x_wconf 89' lang='lat' dir='ltr'>eis</span> <span class='ocrx_word' id='word_1_180' title='bbox 214 1239 291 1283; x_wconf 83' lang='lat' dir='ltr'>vestigia</span> <span class='ocrx_word' id='word_1_181' title='bbox 300 1239 346 1273; x_wconf 91' lang='lat' dir='ltr'>lucis</span> <span class='ocrx_word' id='word_1_182' title='bbox 356 1239 475 1281; x_wconf 55' lang='lat' dir='ltr'>ministrante</span> <span class='ocrx_word' id='word_1_183' title='bbox 490 1251 525 1283; x_wconf 89' lang='lat' dir='ltr'>que</span> <span class='ocrx_word' id='word_1_184' title='bbox 537 1240 640 1284; x_wconf 87' lang='lat' dir='ltr'>columpna,</span> <span class='ocrx_word' id='word_1_185' title='bbox 649 1240 680 1274; x_wconf 88' lang='lat' dir='ltr'>diu</span> <span class='ocrx_word' id='word_1_186' title='bbox 690 1241 736 1283; x_wconf 90' lang='lat' dir='ltr'>visa,</span> <span class='ocrx_word' id='word_1_187' title='bbox 745 1248 765 1269; x_wconf 77' lang='lat'>²0</span> 
     </span>
     <span class='ocr_line' id='line_1_22' title="bbox 35 1292 736 1337; baseline 0.001 -11"><span class='ocrx_word' id='word_1_188' title='bbox 35 1304 45 1326; x_wconf 91' lang='lat' dir='ltr'>a</span> <span class='ocrx_word' id='word_1_189' title='bbox 56 1294 104 1326; x_wconf 92' lang='lat' dir='ltr'>nube</span> <span class='ocrx_word' id='word_1_190' title='bbox 115 1293 190 1326; x_wconf 90' lang='lat' dir='ltr'>demum</span> <span class='ocrx_word' id='word_1_191' title='bbox 202 1297 288 1336; x_wconf 89' lang='lat' dir='ltr'>suscepta</span> <span class='ocrx_word' id='word_1_192' title='bbox 297 1297 332 1337; x_wconf 83' lang='lat' dir='ltr'>est.</span> <span class='ocrx_word' id='word_1_193' title='bbox 359 1292 431 1327; x_wconf 90' lang='lat' dir='ltr'>Deinde</span> <span class='ocrx_word' id='word_1_194' title='bbox 443 1292 494 1327; x_wconf 90' lang='lat' dir='ltr'>visus</span> <span class='ocrx_word' id='word_1_195' title='bbox 506 1298 535 1327; x_wconf 90' lang='lat' dir='ltr'>est</span> <span class='ocrx_word' id='word_1_196' title='bbox 546 1293 663 1337; x_wconf 76' lang='lat' dir='ltr'>nigrescere³</span> <span class='ocrx_word' id='word_1_197' title='bbox 674 1294 701 1327; x_wconf 93' lang='lat' dir='ltr'>sol</span> <span class='ocrx_word' id='word_1_198' title='bbox 717 1300 736 1327; x_wconf 87' lang='lat' dir='ltr'>et</span> 
     </span>
     <span class='ocr_line' id='line_1_23' title="bbox 36 1345 735 1390; baseline 0.003 -12"><span class='ocrx_word' id='word_1_199' title='bbox 36 1345 117 1379; x_wconf 88' lang='lat' dir='ltr'>horridas</span> <span class='ocrx_word' id='word_1_200' title='bbox 132 1346 218 1379; x_wconf 88' lang='lat' dir='ltr'>tenebras</span> <span class='ocrx_word' id='word_1_201' title='bbox 231 1350 278 1379; x_wconf 88' lang='lat' dir='ltr'>tetre</span> <span class='ocrx_word' id='word_1_202' title='bbox 291 1345 350 1379; x_wconf 92' lang='lat' dir='ltr'>noctis</span> <span class='ocrx_word' id='word_1_203' title='bbox 364 1346 454 1389; x_wconf 86' lang='lat' dir='ltr'>ingerere.</span> <span class='ocrx_word' id='word_1_204' title='bbox 477 1345 561 1390; x_wconf 89' lang='lat' dir='ltr'>Cumque</span> <span class='ocrx_word' id='word_1_205' title='bbox 573 1345 624 1380; x_wconf 86' lang='lat' dir='ltr'>multi</span> <span class='ocrx_word' id='word_1_206' title='bbox 640 1346 735 1390; x_wconf 86' lang='lat' dir='ltr'>stupefacti</span> 
     </span>
     <span class='ocr_line' id='line_1_24' title="bbox 35 1398 735 1440; baseline 0.003 -9"><span class='ocrx_word' id='word_1_207' title='bbox 35 1398 149 1440; x_wconf 89' lang='lat' dir='ltr'>mirarentur,</span> <span class='ocrx_word' id='word_1_208' title='bbox 159 1398 276 1432; x_wconf 87' lang='lat' dir='ltr'>Ethelbertus</span> <span class='ocrx_word' id='word_1_209' title='bbox 284 1398 388 1432; x_wconf 84' lang='lat' dir='ltr'>consolatus</span> <span class='ocrx_word' id='word_1_210' title='bbox 400 1404 428 1432; x_wconf 90' lang='lat' dir='ltr'>est</span> <span class='ocrx_word' id='word_1_211' title='bbox 439 1408 476 1440; x_wconf 88' lang='lat' dir='ltr'>eos,</span> <span class='ocrx_word' id='word_1_212' title='bbox 488 1398 561 1433; x_wconf 88' lang='lat' dir='ltr'>dicens:</span> <span class='ocrx_word' id='word_1_213' title='bbox 574 1398 644 1433; x_wconf 85' lang='lat' dir='ltr'>‘Nolite</span> <span class='ocrx_word' id='word_1_214' title='bbox 654 1399 735 1440; x_wconf 88' lang='lat' dir='ltr'>turbari;</span> 
     </span>
     <span class='ocr_line' id='line_1_25' title="bbox 36 1450 736 1495; baseline 0.001 -11"><span class='ocrx_word' id='word_1_215' title='bbox 36 1450 75 1484; x_wconf 89' lang='lat' dir='ltr'>licet</span> <span class='ocrx_word' id='word_1_216' title='bbox 87 1452 142 1484; x_wconf 92' lang='lat' dir='ltr'>radiis</span> <span class='ocrx_word' id='word_1_217' title='bbox 154 1451 247 1485; x_wconf 87' lang='lat' dir='ltr'>occultatis</span> <span class='ocrx_word' id='word_1_218' title='bbox 259 1451 311 1485; x_wconf 90' lang='lat' dir='ltr'>nobis</span> <span class='ocrx_word' id='word_1_219' title='bbox 323 1451 350 1485; x_wconf 92' lang='lat' dir='ltr'>sol</span> <span class='ocrx_word' id='word_1_220' title='bbox 362 1451 422 1485; x_wconf 86' lang='lat' dir='ltr'>lucem</span> <span class='ocrx_word' id='word_1_221' title='bbox 435 1451 530 1495; x_wconf 88' lang='lat' dir='ltr'>negauerit</span> <span class='ocrx_word' id='word_1_222' title='bbox 543 1451 584 1493; x_wconf 92' lang='lat' dir='ltr'>diei,</span> <span class='ocrx_word' id='word_1_223' title='bbox 595 1451 644 1485; x_wconf 92' lang='lat' dir='ltr'>nulla</span> <span class='ocrx_word' id='word_1_224' title='bbox 654 1452 736 1487; x_wconf 78' lang='lat' dir='ltr'>mesticia</span> 
     </span>
     <span class='ocr_line' id='line_1_26' title="bbox 36 1504 764 1549; baseline 0.001 -12"><span class='ocrx_word' id='word_1_225' title='bbox 36 1504 122 1547; x_wconf 89' lang='lat' dir='ltr'>grauitate</span> <span class='ocrx_word' id='word_1_226' title='bbox 132 1505 234 1538; x_wconf 88' lang='lat' dir='ltr'>afficiantur</span> <span class='ocrx_word' id='word_1_227' title='bbox 244 1504 300 1538; x_wconf 89' lang='lat' dir='ltr'>animi</span> <span class='ocrx_word' id='word_1_228' title='bbox 308 1505 375 1539; x_wconf 76' lang='lat' dir='ltr'>uestri.¹</span> <span class='ocrx_word' id='word_1_229' title='bbox 398 1504 481 1549; x_wconf 88' lang='lat' dir='ltr'>Cumque</span> <span class='ocrx_word' id='word_1_230' title='bbox 493 1504 540 1539; x_wconf 90' lang='lat' dir='ltr'>alter</span> <span class='ocrx_word' id='word_1_231' title='bbox 549 1504 626 1539; x_wconf 88' lang='lat' dir='ltr'>alterum</span> <span class='ocrx_word' id='word_1_232' title='bbox 634 1504 666 1539; x_wconf 86' lang='lat' dir='ltr'>vix</span> <span class='ocrx_word' id='word_1_233' title='bbox 673 1505 736 1540; x_wconf 90' lang='lat' dir='ltr'>videre</span> <span class='ocrx_word' id='word_1_234' title='bbox 746 1518 764 1548; x_wconf 81' lang='lat'>²5</span> 
     </span>
     <span class='ocr_line' id='line_1_27' title="bbox 36 1557 737 1602; baseline 0.004 -12"><span class='ocrx_word' id='word_1_235' title='bbox 36 1562 102 1600; x_wconf 87' lang='lat' dir='ltr'>posset,</span> <span class='ocrx_word' id='word_1_236' title='bbox 111 1557 213 1600; x_wconf 67' lang='lat' dir='ltr'>‘faciamus</span> <span class='ocrx_word' id='word_1_237' title='bbox 221 1558 280 1602; x_wconf 92' lang='lat' dir='ltr'>inquit</span> <span class='ocrx_word' id='word_1_238' title='bbox 287 1568 326 1601; x_wconf 89' lang='lat' dir='ltr'>rex,</span> <span class='ocrx_word' id='word_1_239' title='bbox 334 1557 383 1601; x_wconf 90' lang='lat' dir='ltr'>quod</span> <span class='ocrx_word' id='word_1_240' title='bbox 391 1557 445 1591; x_wconf 90' lang='lat' dir='ltr'>nobis</span> <span class='ocrx_word' id='word_1_241' title='bbox 457 1558 543 1602; x_wconf 82' lang='lat' dir='ltr'>expedit:</span> <span class='ocrx_word' id='word_1_242' title='bbox 555 1563 628 1593; x_wconf 91' lang='lat' dir='ltr'>mentes</span> <span class='ocrx_word' id='word_1_243' title='bbox 638 1564 711 1594; x_wconf 90' lang='lat' dir='ltr'>nostras</span> <span class='ocrx_word' id='word_1_244' title='bbox 719 1565 737 1593; x_wconf 89' lang='lat' dir='ltr'>et</span> 
     </span>
     <span class='ocr_line' id='line_1_28' title="bbox 36 1610 738 1655; baseline 0.004 -12"><span class='ocrx_word' id='word_1_245' title='bbox 36 1620 111 1654; x_wconf 88' lang='lat' dir='ltr'>corpora</span> <span class='ocrx_word' id='word_1_246' title='bbox 119 1611 236 1645; x_wconf 90' lang='lat' dir='ltr'>humiliemus</span> <span class='ocrx_word' id='word_1_247' title='bbox 244 1612 284 1653; x_wconf 88' lang='lat' dir='ltr'>deo,</span> <span class='ocrx_word' id='word_1_248' title='bbox 292 1616 311 1644; x_wconf 94' lang='lat' dir='ltr'>et</span> <span class='ocrx_word' id='word_1_249' title='bbox 318 1611 413 1644; x_wconf 87' lang='lat' dir='ltr'>dominum</span> <span class='ocrx_word' id='word_1_250' title='bbox 420 1621 507 1654; x_wconf 85' lang='lat' dir='ltr'>rogemus</span> <span class='ocrx_word' id='word_1_251' title='bbox 514 1610 533 1645; x_wconf 92' lang='lat' dir='ltr'>in</span> <span class='ocrx_word' id='word_1_252' title='bbox 542 1615 610 1645; x_wconf 89' lang='lat' dir='ltr'>terram</span> <span class='ocrx_word' id='word_1_253' title='bbox 618 1612 710 1655; x_wconf 89' lang='lat' dir='ltr'>prostrati,</span> <span class='ocrx_word' id='word_1_254' title='bbox 718 1618 738 1646; x_wconf 91' lang='lat' dir='ltr'>vt</span> 
     </span>
     <span class='ocr_line' id='line_1_29' title="bbox 36 1663 738 1708; baseline 0.007 -14"><span class='ocrx_word' id='word_1_255' title='bbox 36 1663 120 1697; x_wconf 84' lang='lat' dir='ltr'>tenebras</span> <span class='ocrx_word' id='word_1_256' title='bbox 130 1664 226 1698; x_wconf 78' lang='lat' dir='ltr'>amoueat³</span> <span class='ocrx_word' id='word_1_257' title='bbox 234 1668 252 1697; x_wconf 92' lang='lat' dir='ltr'>et</span> <span class='ocrx_word' id='word_1_258' title='bbox 262 1663 322 1697; x_wconf 93' lang='lat' dir='ltr'>cordis</span> <span class='ocrx_word' id='word_1_259' title='bbox 334 1669 352 1697; x_wconf 91' lang='lat' dir='ltr'>et</span> <span class='ocrx_word' id='word_1_260' title='bbox 363 1664 451 1707; x_wconf 86' lang='lat' dir='ltr'>corporis,</span> <span class='ocrx_word' id='word_1_261' title='bbox 462 1663 552 1708; x_wconf 90' lang='lat' dir='ltr'>nobisque</span> <span class='ocrx_word' id='word_1_262' title='bbox 565 1664 625 1698; x_wconf 88' lang='lat' dir='ltr'>lucem</span> <span class='ocrx_word' id='word_1_263' title='bbox 639 1675 672 1699; x_wconf 93' lang='lat' dir='ltr'>sue</span> <span class='ocrx_word' id='word_1_264' title='bbox 685 1665 738 1699; x_wconf 89' lang='lat' dir='ltr'>clari-</span> 
     </span>
     <span class='ocr_line' id='line_1_30' title="bbox 36 1713 737 1757; baseline 0.006 -9"><span class='ocrx_word' id='word_1_265' title='bbox 36 1713 76 1748; x_wconf 87' lang='lat' dir='ltr'>tatis</span> <span class='ocrx_word' id='word_1_266' title='bbox 83 1716 175 1749; x_wconf 84' lang='lat' dir='ltr'>infundat.¹</span> <span class='ocrx_word' id='word_1_267' title='bbox 196 1716 294 1750; x_wconf 87' lang='lat' dir='ltr'>Prostratis</span> <span class='ocrx_word' id='word_1_268' title='bbox 303 1715 322 1750; x_wconf 90' lang='lat' dir='ltr'>in</span> <span class='ocrx_word' id='word_1_269' title='bbox 330 1721 399 1750; x_wconf 86' lang='lat' dir='ltr'>terram</span> <span class='ocrx_word' id='word_1_270' title='bbox 407 1716 483 1757; x_wconf 88' lang='lat' dir='ltr'>cunctis,</span> <span class='ocrx_word' id='word_1_271' title='bbox 490 1721 509 1751; x_wconf 88' lang='lat' dir='ltr'>et</span> <span class='ocrx_word' id='word_1_272' title='bbox 516 1717 546 1751; x_wconf 89' lang='lat' dir='ltr'>dei</span> <span class='ocrx_word' id='word_1_273' title='bbox 554 1716 622 1751; x_wconf 90' lang='lat' dir='ltr'>famulo</span> <span class='ocrx_word' id='word_1_274' title='bbox 630 1717 737 1753; x_wconf 91' lang='lat' dir='ltr'>Ethelberto</span> 
     </span>
     <span class='ocr_line' id='line_1_31' title="bbox 36 1768 766 1815; baseline 0.004 -15"><span class='ocrx_word' id='word_1_275' title='bbox 36 1768 102 1802; x_wconf 91' lang='lat' dir='ltr'>diutius</span> <span class='ocrx_word' id='word_1_276' title='bbox 111 1774 180 1812; x_wconf 87' lang='lat' dir='ltr'>orante,</span> <span class='ocrx_word' id='word_1_277' title='bbox 189 1770 277 1813; x_wconf 90' lang='lat' dir='ltr'>splendor</span> <span class='ocrx_word' id='word_1_278' title='bbox 288 1769 324 1804; x_wconf 88' lang='lat' dir='ltr'>diei</span> <span class='ocrx_word' id='word_1_279' title='bbox 335 1775 412 1813; x_wconf 87' lang='lat' dir='ltr'>repente</span> <span class='ocrx_word' id='word_1_280' title='bbox 424 1768 488 1812; x_wconf 86' lang='lat' dir='ltr'>illuxit,</span> <span class='ocrx_word' id='word_1_281' title='bbox 496 1774 514 1803; x_wconf 92' lang='lat' dir='ltr'>et</span> <span class='ocrx_word' id='word_1_282' title='bbox 525 1768 552 1803; x_wconf 90' lang='lat' dir='ltr'>sol</span> <span class='ocrx_word' id='word_1_283' title='bbox 562 1780 607 1804; x_wconf 88' lang='lat' dir='ltr'>suos</span> <span class='ocrx_word' id='word_1_284' title='bbox 617 1769 678 1804; x_wconf 89' lang='lat' dir='ltr'>radios</span> <span class='ocrx_word' id='word_1_285' title='bbox 686 1776 738 1815; x_wconf 88' lang='lat' dir='ltr'>pate·</span> <span class='ocrx_word' id='word_1_286' title='bbox 746 1781 766 1810; x_wconf 78' lang='lat'>³0</span> 
     </span>
     <span class='ocr_line' id='line_1_32' title="bbox 36 1820 737 1868; baseline 0.006 -13"><span class='ocrx_word' id='word_1_287' title='bbox 36 1820 82 1855; x_wconf 90' lang='lat' dir='ltr'>fecit.</span> <span class='ocrx_word' id='word_1_288' title='bbox 108 1822 203 1857; x_wconf 75' lang='lat' dir='ltr'>⁷Veniens</span> <span class='ocrx_word' id='word_1_289' title='bbox 217 1834 262 1868; x_wconf 87' lang='lat' dir='ltr'>ergo</span> <span class='ocrx_word' id='word_1_290' title='bbox 276 1833 310 1857; x_wconf 87' lang='lat' dir='ltr'>rex</span> <span class='ocrx_word' id='word_1_291' title='bbox 325 1822 344 1856; x_wconf 91' lang='lat' dir='ltr'>in</span> <span class='ocrx_word' id='word_1_292' title='bbox 360 1833 437 1866; x_wconf 84' lang='lat' dir='ltr'>regnum</span> <span class='ocrx_word' id='word_1_293' title='bbox 454 1822 577 1865; x_wconf 86' lang='lat' dir='ltr'>Merciorum;</span> <span class='ocrx_word' id='word_1_294' title='bbox 596 1834 638 1858; x_wconf 90' lang='lat' dir='ltr'>curn</span> <span class='ocrx_word' id='word_1_295' title='bbox 653 1825 737 1859; x_wconf 90' lang='lat' dir='ltr'>membra</span> 
     </span>
     <span class='ocr_line' id='line_1_33' title="bbox 36 1875 737 1920; baseline 0.007 -13"><span class='ocrx_word' id='word_1_296' title='bbox 36 1877 96 1917; x_wconf 89' lang='lat' dir='ltr'>sopori</span> <span class='ocrx_word' id='word_1_297' title='bbox 110 1877 197 1919; x_wconf 86' lang='lat' dir='ltr'>dedisset,</span> <span class='ocrx_word' id='word_1_298' title='bbox 210 1877 299 1911; x_wconf 89' lang='lat' dir='ltr'>visionem</span> <span class='ocrx_word' id='word_1_299' title='bbox 311 1875 361 1916; x_wconf 85' lang='lat' dir='ltr'>vidit,</span> <span class='ocrx_word' id='word_1_300' title='bbox 372 1886 427 1920; x_wconf 88' lang='lat' dir='ltr'>quam</span> <span class='ocrx_word' id='word_1_301' title='bbox 443 1877 482 1910; x_wconf 93' lang='lat' dir='ltr'>suis</span> <span class='ocrx_word' id='word_1_302' title='bbox 497 1881 562 1920; x_wconf 88' lang='lat' dir='ltr'>postea</span> <span class='ocrx_word' id='word_1_303' title='bbox 579 1876 646 1918; x_wconf 89' lang='lat' dir='ltr'>retulit,</span> <span class='ocrx_word' id='word_1_304' title='bbox 659 1877 737 1912; x_wconf 82' lang='lat' dir='ltr'>dicens:</span> 
     </span>
     <span class='ocr_line' id='line_1_34' title="bbox 36 1927 737 1976; baseline 0.006 -14"><span class='ocrx_word' id='word_1_305' title='bbox 36 1927 150 1973; x_wconf 85' lang='lat' dir='ltr'>‘Videbatur,</span> <span class='ocrx_word' id='word_1_306' title='bbox 163 1931 227 1975; x_wconf 91' lang='lat' dir='ltr'>inquit,</span> <span class='ocrx_word' id='word_1_307' title='bbox 242 1930 292 1973; x_wconf 92' lang='lat' dir='ltr'>mihi,</span> <span class='ocrx_word' id='word_1_308' title='bbox 304 1929 390 1964; x_wconf 86' lang='lat' dir='ltr'>consules</span> <span class='ocrx_word' id='word_1_309' title='bbox 402 1940 423 1965; x_wconf 91' lang='lat' dir='ltr'>ac</span> <span class='ocrx_word' id='word_1_310' title='bbox 435 1930 518 1964; x_wconf 90' lang='lat' dir='ltr'>tribunos</span> <span class='ocrx_word' id='word_1_311' title='bbox 533 1929 586 1975; x_wconf 88' lang='lat' dir='ltr'>regni</span> <span class='ocrx_word' id='word_1_312' title='bbox 598 1931 635 1965; x_wconf 86' lang='lat' dir='ltr'>mei</span> <span class='ocrx_word' id='word_1_313' title='bbox 647 1929 666 1966; x_wconf 90' lang='lat' dir='ltr'>in</span> <span class='ocrx_word' id='word_1_314' title='bbox 678 1942 737 1976; x_wconf 90' lang='lat' dir='ltr'>regno</span> 
     </span>
     <span class='ocr_line' id='line_1_35' title="bbox 36 1983 737 2028; baseline 0.009 -15"><span class='ocrx_word' id='word_1_315' title='bbox 36 1990 77 2015; x_wconf 91' lang='lat' dir='ltr'>meo</span> <span class='ocrx_word' id='word_1_316' title='bbox 88 1993 146 2027; x_wconf 91' lang='lat' dir='ltr'>prope</span> <span class='ocrx_word' id='word_1_317' title='bbox 157 1994 187 2018; x_wconf 91' lang='lat' dir='ltr'>me</span> <span class='ocrx_word' id='word_1_318' title='bbox 201 1984 293 2025; x_wconf 89' lang='lat' dir='ltr'>assistere,</span> <span class='ocrx_word' id='word_1_319' title='bbox 304 1983 335 2017; x_wconf 89' lang='lat' dir='ltr'>vbi</span> <span class='ocrx_word' id='word_1_320' title='bbox 347 1983 409 2017; x_wconf 92' lang='lat' dir='ltr'>multis</span> <span class='ocrx_word' id='word_1_321' title='bbox 420 1983 537 2018; x_wconf 90' lang='lat' dir='ltr'>sermonibus</span> <span class='ocrx_word' id='word_1_322' title='bbox 550 1993 592 2017; x_wconf 88' lang='lat' dir='ltr'>curn</span> <span class='ocrx_word' id='word_1_323' title='bbox 605 1984 653 2018; x_wconf 88' lang='lat' dir='ltr'>meis</span> <span class='ocrx_word' id='word_1_324' title='bbox 666 1984 737 2028; x_wconf 84' lang='lat' dir='ltr'>habitis,</span> 
     </span>
     <span class='ocr_line' id='line_1_36' title="bbox 36 2033 765 2081; baseline 0.008 -16"><span class='ocrx_word' id='word_1_325' title='bbox 36 2033 71 2066; x_wconf 86' lang='lat' dir='ltr'>ruit</span> <span class='ocrx_word' id='word_1_326' title='bbox 81 2045 91 2069; x_wconf 91' lang='lat' dir='ltr'>a</span> <span class='ocrx_word' id='word_1_327' title='bbox 102 2046 175 2070; x_wconf 88' lang='lat' dir='ltr'>summo</span> <span class='ocrx_word' id='word_1_328' title='bbox 185 2037 264 2070; x_wconf 87' lang='lat' dir='ltr'>culmine</span> <span class='ocrx_word' id='word_1_329' title='bbox 272 2041 330 2070; x_wconf 90' lang='lat' dir='ltr'>totum</span> <span class='ocrx_word' id='word_1_330' title='bbox 338 2035 430 2080; x_wconf 83' lang='lat' dir='ltr'>fastigium</span> <span class='ocrx_word' id='word_1_331' title='bbox 439 2036 489 2080; x_wconf 86' lang='lat' dir='ltr'>regie</span> <span class='ocrx_word' id='word_1_332' title='bbox 500 2036 566 2070; x_wconf 89' lang='lat' dir='ltr'>domus</span> <span class='ocrx_word' id='word_1_333' title='bbox 578 2046 624 2077; x_wconf 86' lang='lat' dir='ltr'>mee,</span> <span class='ocrx_word' id='word_1_334' title='bbox 633 2048 738 2081; x_wconf 84' lang='lat' dir='ltr'>cornuaque</span> <span class='ocrx_word' id='word_1_335' title='bbox 747 2049 765 2079; x_wconf 79' lang='lat'>³5</span> 
     </span>
     <span class='ocr_line' id='line_1_37' title="bbox 37 2085 738 2133; baseline 0.007 -15"><span class='ocrx_word' id='word_1_336' title='bbox 37 2085 109 2120; x_wconf 86' lang='lat' dir='ltr'>thalami</span> <span class='ocrx_word' id='word_1_337' title='bbox 117 2089 153 2122; x_wconf 83' lang='lat' dir='ltr'>mei</span> <span class='ocrx_word' id='word_1_338' title='bbox 161 2089 225 2122; x_wconf 90' lang='lat' dir='ltr'>euulsa</span> <span class='ocrx_word' id='word_1_339' title='bbox 236 2089 346 2122; x_wconf 87' lang='lat' dir='ltr'>ceciderunt.</span> <span class='ocrx_word' id='word_1_340' title='bbox 369 2088 429 2122; x_wconf 87' lang='lat' dir='ltr'>Mater</span> <span class='ocrx_word' id='word_1_341' title='bbox 440 2099 481 2122; x_wconf 94' lang='lat' dir='ltr'>mea</span> <span class='ocrx_word' id='word_1_342' title='bbox 493 2088 527 2123; x_wconf 91' lang='lat' dir='ltr'>hec</span> <span class='ocrx_word' id='word_1_343' title='bbox 537 2099 616 2131; x_wconf 88' lang='lat' dir='ltr'>presens</span> <span class='ocrx_word' id='word_1_344' title='bbox 627 2091 738 2133; x_wconf 89' lang='lat' dir='ltr'>contempla-</span> 
     </span>
     <span class='ocr_line' id='line_1_38' title="bbox 37 2136 739 2180; baseline 0.009 -10"><span class='ocrx_word' id='word_1_345' title='bbox 37 2136 93 2180; x_wconf 88' lang='lat' dir='ltr'>batur,</span> <span class='ocrx_word' id='word_1_346' title='bbox 102 2145 119 2174; x_wconf 89' lang='lat' dir='ltr'>et</span> <span class='ocrx_word' id='word_1_347' title='bbox 131 2141 201 2175; x_wconf 85' lang='lat' dir='ltr'>eiulans</span> <span class='ocrx_word' id='word_1_348' title='bbox 210 2141 356 2175; x_wconf 86' lang='lat' dir='ltr'>lachrimabatur.</span> <span class='ocrx_word' id='word_1_349' title='bbox 379 2140 476 2174; x_wconf 88' lang='lat' dir='ltr'>Lachrime</span> <span class='ocrx_word' id='word_1_350' title='bbox 484 2150 529 2175; x_wconf 86' lang='lat' dir='ltr'>vero</span> <span class='ocrx_word' id='word_1_351' title='bbox 541 2142 581 2173; x_wconf 92' lang='lat' dir='ltr'>eius</span> <span class='ocrx_word' id='word_1_352' title='bbox 591 2141 678 2175; x_wconf 89' lang='lat' dir='ltr'>cadentes</span> <span class='ocrx_word' id='word_1_353' title='bbox 686 2149 739 2176; x_wconf 88' lang='lat' dir='ltr'>erant</span> 
     </span>
     <span class='ocr_line' id='line_1_39' title="bbox 37 2191 737 2238; baseline 0.007 -13"><span class='ocrx_word' id='word_1_354' title='bbox 37 2191 88 2232; x_wconf 85' lang='lat' dir='ltr'>quasi</span> <span class='ocrx_word' id='word_1_355' title='bbox 99 2197 149 2237; x_wconf 82' lang='lat' dir='ltr'>gutte</span> <span class='ocrx_word' id='word_1_356' title='bbox 161 2193 256 2238; x_wconf 86' lang='lat' dir='ltr'>sanguinis</span> <span class='ocrx_word' id='word_1_357' title='bbox 267 2194 399 2229; x_wconf 75' lang='lat' dir='ltr'>decurrentes³</span> <span class='ocrx_word' id='word_1_358' title='bbox 410 2194 429 2228; x_wconf 91' lang='lat' dir='ltr'>in</span> <span class='ocrx_word' id='word_1_359' title='bbox 442 2199 516 2227; x_wconf 90' lang='lat' dir='ltr'>terram.</span> <span class='ocrx_word' id='word_1_360' title='bbox 543 2192 615 2228; x_wconf 84' lang='lat' dir='ltr'>Deinde</span> <span class='ocrx_word' id='word_1_361' title='bbox 626 2195 737 2238; x_wconf 88' lang='lat' dir='ltr'>aspiciebam</span> 
     </span>
     <span class='ocr_line' id='line_1_40' title="bbox 37 2244 738 2291; baseline 0.009 -15"><span class='ocrx_word' id='word_1_362' title='bbox 37 2244 120 2280; x_wconf 88' lang='lat' dir='ltr'>arborem</span> <span class='ocrx_word' id='word_1_363' title='bbox 127 2247 270 2291; x_wconf 88' lang='lat' dir='ltr'>pulcherrimam</span> <span class='ocrx_word' id='word_1_364' title='bbox 278 2248 296 2281; x_wconf 92' lang='lat' dir='ltr'>in</span> <span class='ocrx_word' id='word_1_365' title='bbox 305 2247 397 2282; x_wconf 89' lang='lat' dir='ltr'>domicilio</span> <span class='ocrx_word' id='word_1_366' title='bbox 406 2257 448 2282; x_wconf 90' lang='lat' dir='ltr'>meo</span> <span class='ocrx_word' id='word_1_367' title='bbox 456 2257 564 2282; x_wconf 85' lang='lat' dir='ltr'>excrescere</span> <span class='ocrx_word' id='word_1_368' title='bbox 575 2258 671 2291; x_wconf 86' lang='lat' dir='ltr'>proceram</span> <span class='ocrx_word' id='word_1_369' title='bbox 678 2248 738 2291; x_wconf 86' lang='lat' dir='ltr'>valde,</span> 
     </span>
     <span class='ocr_line' id='line_1_41' title="bbox 37 2296 768 2344; baseline 0.008 -15"><span class='ocrx_word' id='word_1_370' title='bbox 37 2296 131 2333; x_wconf 87' lang='lat' dir='ltr'>frondibus</span> <span class='ocrx_word' id='word_1_371' title='bbox 143 2306 161 2334; x_wconf 87' lang='lat' dir='ltr'>et</span> <span class='ocrx_word' id='word_1_372' title='bbox 171 2301 218 2335; x_wconf 83' lang='lat' dir='ltr'>foliis</span> <span class='ocrx_word' id='word_1_373' title='bbox 230 2301 338 2335; x_wconf 86' lang='lat' dir='ltr'>mirabiliter</span> <span class='ocrx_word' id='word_1_374' title='bbox 348 2311 450 2344; x_wconf 84' lang='lat' dir='ltr'>expansam</span> <span class='ocrx_word' id='word_1_375' title='bbox 462 2306 480 2334; x_wconf 93' lang='lat' dir='ltr'>et</span> <span class='ocrx_word' id='word_1_376' title='bbox 490 2302 581 2340; x_wconf 90' lang='lat' dir='ltr'>decoram,</span> <span class='ocrx_word' id='word_1_377' title='bbox 589 2300 657 2334; x_wconf 89' lang='lat' dir='ltr'>nullius</span> <span class='ocrx_word' id='word_1_378' title='bbox 666 2302 738 2337; x_wconf 89' lang='lat' dir='ltr'>arboris</span> <span class='ocrx_word' id='word_1_379' title='bbox 747 2313 768 2342; x_wconf 78' lang='lat'>40</span> 
     </span>
     <span class='ocr_line' id='line_1_42' title="bbox 38 2349 739 2400; baseline 0.013 -18"><span class='ocrx_word' id='word_1_380' title='bbox 38 2349 148 2388; x_wconf 91' lang='lat' dir='ltr'>similitudini</span> <span class='ocrx_word' id='word_1_381' title='bbox 160 2354 179 2389; x_wconf 91' lang='lat' dir='ltr'>in</span> <span class='ocrx_word' id='word_1_382' title='bbox 191 2354 326 2399; x_wconf 88' lang='lat' dir='ltr'>pulchritudine</span> <span class='ocrx_word' id='word_1_383' title='bbox 338 2353 486 2399; x_wconf 64' lang='lat' dir='ltr'>comparandam⁴</span> <span class='ocrx_word' id='word_1_384' title='bbox 509 2353 539 2388; x_wconf 87' lang='lat' dir='ltr'>Ad</span> <span class='ocrx_word' id='word_1_385' title='bbox 552 2352 604 2388; x_wconf 90' lang='lat' dir='ltr'>cuius</span> <span class='ocrx_word' id='word_1_386' title='bbox 616 2354 687 2389; x_wconf 89' lang='lat' dir='ltr'>radices</span> <span class='ocrx_word' id='word_1_387' title='bbox 699 2356 739 2400; x_wconf 88' lang='lat' dir='ltr'>qui-</span> 
     </span>
     <span class='ocr_line' id='line_1_43' title="bbox 38 2402 739 2452; baseline 0.01 -14"><span class='ocrx_word' id='word_1_388' title='bbox 38 2402 79 2438; x_wconf 86' lang='lat' dir='ltr'>dam</span> <span class='ocrx_word' id='word_1_389' title='bbox 90 2405 137 2440; x_wconf 89' lang='lat' dir='ltr'>vltro</span> <span class='ocrx_word' id='word_1_390' title='bbox 149 2408 264 2450; x_wconf 89' lang='lat' dir='ltr'>insistebant,</span> <span class='ocrx_word' id='word_1_391' title='bbox 275 2408 306 2452; x_wconf 93' lang='lat' dir='ltr'>qui</span> <span class='ocrx_word' id='word_1_392' title='bbox 318 2409 365 2442; x_wconf 87' lang='lat' dir='ltr'>hanc</span> <span class='ocrx_word' id='word_1_393' title='bbox 377 2412 414 2442; x_wconf 91' lang='lat' dir='ltr'>toto</span> <span class='ocrx_word' id='word_1_394' title='bbox 426 2407 522 2442; x_wconf 88' lang='lat' dir='ltr'>conamine</span> <span class='ocrx_word' id='word_1_395' title='bbox 535 2417 567 2441; x_wconf 90' lang='lat' dir='ltr'>sue</span> <span class='ocrx_word' id='word_1_396' title='bbox 581 2406 658 2441; x_wconf 86' lang='lat' dir='ltr'>feritatis</span> <span class='ocrx_word' id='word_1_397' title='bbox 670 2408 739 2444; x_wconf 88' lang='lat' dir='ltr'>incide-</span> 
     </span>
     <span class='ocr_line' id='line_1_44' title="bbox 37 2453 740 2507; baseline 0.017 -21"><span class='ocrx_word' id='word_1_398' title='bbox 37 2453 86 2491; x_wconf 85' lang='lat' dir='ltr'>bant.</span> <span class='ocrx_word' id='word_1_399' title='bbox 110 2459 139 2493; x_wconf 87' lang='lat' dir='ltr'>Ex</span> <span class='ocrx_word' id='word_1_400' title='bbox 154 2471 191 2504; x_wconf 92' lang='lat' dir='ltr'>qua</span> <span class='ocrx_word' id='word_1_401' title='bbox 206 2461 308 2496; x_wconf 88' lang='lat' dir='ltr'>succisione</span> <span class='ocrx_word' id='word_1_402' title='bbox 323 2460 398 2504; x_wconf 90' lang='lat' dir='ltr'>quidam</span> <span class='ocrx_word' id='word_1_403' title='bbox 413 2465 487 2494; x_wconf 89' lang='lat' dir='ltr'>torrens</span> <span class='ocrx_word' id='word_1_404' title='bbox 502 2459 597 2502; x_wconf 83' lang='lat' dir='ltr'>sanguinis</span> <span class='ocrx_word' id='word_1_405' title='bbox 616 2461 693 2503; x_wconf 83' lang='lat' dir='ltr'>effluxit,</span> <span class='ocrx_word' id='word_1_406' title='bbox 709 2464 740 2507; x_wconf 91' lang='lat' dir='ltr'>qui</span> 
     </span>
    </p>
   </div>
   <div class='ocr_carea' id='block_1_3' title="bbox 38 2512 740 2634">
    <p class='ocr_par' dir='ltr' id='par_1_3' title="bbox 38 2512 740 2634">
     <span class='ocr_line' id='line_1_45' title="bbox 56 2512 740 2556; baseline 0.012 -13"><span class='ocrx_word' id='word_1_407' title='bbox 56 2512 197 2548; x_wconf 84' lang='lat' dir='ltr'>¹T.E.incendit.</span> <span class='ocrx_word' id='word_1_408' title='bbox 227 2518 336 2556; x_wconf 63' lang='lat' dir='ltr'>“soguerro</span> <span class='ocrx_word' id='word_1_409' title='bbox 370 2517 534 2548; x_wconf 69' lang='lat' dir='ltr'>&#39;Scarusrtera</span> <span class='ocrx_word' id='word_1_410' title='bbox 575 2517 740 2555; x_wconf 77' lang='lat' dir='ltr'>¹soT.;om.inE.</span> 
     </span>
     <span class='ocr_line' id='line_1_46' title="bbox 38 2549 739 2592; baseline 0.011 -10"><span class='ocrx_word' id='word_1_411' title='bbox 38 2549 43 2568; x_wconf 74' lang='lat'>⁵</span> <span class='ocrx_word' id='word_1_412' title='bbox 53 2551 70 2581; x_wconf 87' lang='grc' dir='ltr'>Ε.</span> <span class='ocrx_word' id='word_1_413' title='bbox 78 2555 171 2592; x_wconf 80' lang='lat' dir='ltr'>nigressere.</span> <span class='ocrx_word' id='word_1_414' title='bbox 231 2556 238 2574; x_wconf 77' lang='lat'>⁶</span> <span class='ocrx_word' id='word_1_415' title='bbox 248 2559 266 2587; x_wconf 82' lang='lat' dir='ltr'>E.</span> <span class='ocrx_word' id='word_1_416' title='bbox 273 2562 365 2587; x_wconf 79' lang='lat' dir='ltr'>ammoneat.</span> <span class='ocrx_word' id='word_1_417' title='bbox 423 2556 429 2575; x_wconf 87' lang='lat'>⁷</span> <span class='ocrx_word' id='word_1_418' title='bbox 439 2556 478 2586; x_wconf 86' lang='lat' dir='ltr'>This</span> <span class='ocrx_word' id='word_1_419' title='bbox 483 2556 534 2587; x_wconf 87' lang='lat' dir='ltr'>vision</span> <span class='ocrx_word' id='word_1_420' title='bbox 542 2556 555 2586; x_wconf 89' lang='lat' dir='ltr'>is</span> <span class='ocrx_word' id='word_1_421' title='bbox 562 2557 587 2586; x_wconf 90' lang='lat' dir='ltr'>ed.</span> <span class='ocrx_word' id='word_1_422' title='bbox 594 2558 610 2587; x_wconf 93' lang='lat' dir='ltr'>in</span> <span class='ocrx_word' id='word_1_423' title='bbox 617 2558 652 2588; x_wconf 83' lang='lat' dir='ltr'>Act.</span> <span class='ocrx_word' id='word_1_424' title='bbox 661 2559 691 2589; x_wconf 89' lang='lat' dir='ltr'>SS.</span> <span class='ocrx_word' id='word_1_425' title='bbox 698 2560 739 2591; x_wconf 86' lang='lat' dir='ltr'>Boll.</span> 
     </span>
     <span class='ocr_line' id='line_1_47' title="bbox 38 2589 370 2634; baseline 0 -8"><span class='ocrx_word' id='word_1_426' title='bbox 38 2589 74 2629; x_wconf 67' lang='lat' dir='ltr'>May</span> <span class='ocrx_word' id='word_1_427' title='bbox 80 2594 100 2623; x_wconf 77' lang='lat' dir='ltr'>V·</span> <span class='ocrx_word' id='word_1_428' title='bbox 107 2605 122 2633; x_wconf 82' lang='lat' dir='ltr'>p.</span> <span class='ocrx_word' id='word_1_429' title='bbox 130 2605 154 2634; x_wconf 81' lang='lat'>74.</span> <span class='ocrx_word' id='word_1_430' title='bbox 201 2598 234 2628; x_wconf 64' lang='grc' dir='ltr'>βΤ.</span> <span class='ocrx_word' id='word_1_431' title='bbox 242 2598 260 2628; x_wconf 84' lang='grc' dir='ltr'>Ε,</span> <span class='ocrx_word' id='word_1_432' title='bbox 267 2597 370 2627; x_wconf 86' lang='lat' dir='ltr'>decurrentis.</span> 
     </span>
    </p>
   </div>
   <div class='ocr_carea' id='block_1_4' title="bbox 0 0 892 2803">
    <p class='ocr_par' dir='ltr' id='par_1_4' title="bbox 0 0 892 2803">
     <span class='ocr_line' id='line_1_48' title="bbox 0 0 892 2803; baseline 0 0"><span class='ocrx_word' id='word_1_433' title='bbox 0 0 892 2803; x_wconf 95' lang='lat' dir='ltr'> </span> 
     </span>
    </p>
   </div>
  </div>
 </body>
</html>
