<?xml version="1.0" encoding="UTF-8"?>
<!DOCTYPE html PUBLIC "-//W3C//DTD XHTML 1.0 Transitional//EN"
    "http://www.w3.org/TR/xhtml1/DTD/xhtml1-transitional.dtd">
<html xmlns="http://www.w3.org/1999/xhtml" xml:lang="en" lang="en">
 <head>
  <title>
</title>
<meta http-equiv="Content-Type" content="text/html;charset=utf-8" />
  <meta name='ocr-system' content='tesseract 3.04.00' />
  <meta name='ocr-capabilities' content='ocr_page ocr_carea ocr_par ocr_line ocrx_word'/>
</head>
<body>
  <div class='ocr_page' id='page_1' title='image "./MN5111ucmf_0/MN5111ucmf_0_0855.png"; bbox 0 0 1762 2803; ppageno 0'>
   <div class='ocr_carea' id='block_1_1' title="bbox 233 84 742 141">
    <p class='ocr_par' dir='ltr' id='par_1_1' title="bbox 233 84 742 141">
     <span class='ocr_line' id='line_1_1' title="bbox 233 84 742 141; baseline 0 0"><span class='ocrx_word' id='word_1_1' title='bbox 233 87 279 141; x_wconf 57' lang='lat' dir='ltr'>br</span> <span class='ocrx_word' id='word_1_2' title='bbox 294 84 395 138; x_wconf 53' lang='lat' dir='ltr'>&amp;antro</span> <span class='ocrx_word' id='word_1_3' title='bbox 411 85 552 138; x_wconf 66' lang='lat' dir='ltr'>domuum.</span> <span class='ocrx_word' id='word_1_4' title='bbox 698 101 742 141; x_wconf 77' lang='lat'>239</span> 
     </span>
    </p>
   </div>
   <div class='ocr_carea' id='block_1_2' title="bbox 40 206 772 839">
    <p class='ocr_par' dir='ltr' id='par_1_2' title="bbox 40 206 772 839">
     <span class='ocr_line' id='line_1_2' title="bbox 41 206 742 252; baseline -0.001 -10"><span class='ocrx_word' id='word_1_5' title='bbox 41 209 127 243; x_wconf 83' lang='lat' dir='ltr'>docerem</span> <span class='ocrx_word' id='word_1_6' title='bbox 134 207 211 248; x_wconf 85' lang='lat' dir='ltr'>velletis,</span> <span class='ocrx_word' id='word_1_7' title='bbox 217 206 270 241; x_wconf 91' lang='lat' dir='ltr'>vobis</span> <span class='ocrx_word' id='word_1_8' title='bbox 277 207 367 251; x_wconf 85' lang='lat' dir='ltr'>prodesse</span> <span class='ocrx_word' id='word_1_9' title='bbox 375 210 448 252; x_wconf 70' lang='lat' dir='ltr'>posset)</span> <span class='ocrx_word' id='word_1_10' title='bbox 470 208 504 242; x_wconf 89' lang='lat' dir='ltr'>Cui</span> <span class='ocrx_word' id='word_1_11' title='bbox 512 218 546 242; x_wconf 82' lang='lat' dir='ltr'>ren</span> <span class='ocrx_word' id='word_1_12' title='bbox 554 207 590 242; x_wconf 81' lang='lat' dir='ltr'>ait:</span> <span class='ocrx_word' id='word_1_13' title='bbox 602 208 633 242; x_wconf 87' lang='lat' dir='ltr'>‘Si</span> <span class='ocrx_word' id='word_1_14' title='bbox 640 209 693 241; x_wconf 82' lang='lat' dir='ltr'>uxori</span> <span class='ocrx_word' id='word_1_15' title='bbox 701 217 742 241; x_wconf 90' lang='lat' dir='ltr'>mee</span> 
     </span>
     <span class='ocr_line' id='line_1_3' title="bbox 40 260 743 305; baseline -0.001 -10"><span class='ocrx_word' id='word_1_16' title='bbox 40 267 58 295; x_wconf 93' lang='lat' dir='ltr'>et</span> <span class='ocrx_word' id='word_1_17' title='bbox 71 262 108 295; x_wconf 91' lang='lat' dir='ltr'>filio</span> <span class='ocrx_word' id='word_1_18' title='bbox 120 261 181 305; x_wconf 91' lang='lat' dir='ltr'>possis</span> <span class='ocrx_word' id='word_1_19' title='bbox 193 261 276 295; x_wconf 88' lang='lat' dir='ltr'>conferre</span> <span class='ocrx_word' id='word_1_20' title='bbox 290 260 374 304; x_wconf 85' lang='lat' dir='ltr'>salutem,</span> <span class='ocrx_word' id='word_1_21' title='bbox 385 271 427 296; x_wconf 89' lang='lat' dir='ltr'>mee</span> <span class='ocrx_word' id='word_1_22' title='bbox 439 261 509 296; x_wconf 90' lang='lat' dir='ltr'>telluris</span> <span class='ocrx_word' id='word_1_23' title='bbox 522 260 636 305; x_wconf 86' lang='lat' dir='ltr'>episcopum,</span> <span class='ocrx_word' id='word_1_24' title='bbox 648 261 677 294; x_wconf 85' lang='lat' dir='ltr'>vel</span> <span class='ocrx_word' id='word_1_25' title='bbox 692 265 743 294; x_wconf 86' lang='lat' dir='ltr'>certe</span> 
     </span>
     <span class='ocr_line' id='line_1_4' title="bbox 40 313 742 359; baseline -0.003 -9"><span class='ocrx_word' id='word_1_26' title='bbox 40 314 147 359; x_wconf 80' lang='lat' dir='ltr'>participem</span> <span class='ocrx_word' id='word_1_27' title='bbox 159 315 261 349; x_wconf 85' lang='lat' dir='ltr'>medietatis</span> <span class='ocrx_word' id='word_1_28' title='bbox 273 315 325 359; x_wconf 87' lang='lat' dir='ltr'>regni</span> <span class='ocrx_word' id='word_1_29' title='bbox 337 314 373 349; x_wconf 88' lang='lat' dir='ltr'>mei</span> <span class='ocrx_word' id='word_1_30' title='bbox 385 319 403 348; x_wconf 92' lang='lat' dir='ltr'>te</span> <span class='ocrx_word' id='word_1_31' title='bbox 415 316 535 349; x_wconf 72' lang='lat' dir='ltr'>constituam.r</span> <span class='ocrx_word' id='word_1_32' title='bbox 558 314 592 349; x_wconf 92' lang='lat' dir='ltr'>Cui</span> <span class='ocrx_word' id='word_1_33' title='bbox 604 314 700 349; x_wconf 85' lang='lat' dir='ltr'>sacerdos:</span> <span class='ocrx_word' id='word_1_34' title='bbox 712 313 742 348; x_wconf 83' lang='lat' dir='ltr'>‘Si</span> 
     </span>
     <span class='ocr_line' id='line_1_5' title="bbox 40 367 743 412; baseline -0.003 -9"><span class='ocrx_word' id='word_1_35' title='bbox 40 369 63 403; x_wconf 94' lang='lat' dir='ltr'>ad</span> <span class='ocrx_word' id='word_1_36' title='bbox 75 374 157 402; x_wconf 77' lang='lat' dir='ltr'>sanctam</span> <span class='ocrx_word' id='word_1_37' title='bbox 166 368 279 402; x_wconf 86' lang='lat' dir='ltr'>Osmannam</span> <span class='ocrx_word' id='word_1_38' title='bbox 288 367 379 412; x_wconf 85' lang='lat' dir='ltr'>virginem</span> <span class='ocrx_word' id='word_1_39' title='bbox 391 379 432 402; x_wconf 90' lang='lat' dir='ltr'>cum</span> <span class='ocrx_word' id='word_1_40' title='bbox 444 380 501 403; x_wconf 85' lang='lat' dir='ltr'>vxore</span> <span class='ocrx_word' id='word_1_41' title='bbox 512 374 530 402; x_wconf 87' lang='lat' dir='ltr'>et</span> <span class='ocrx_word' id='word_1_42' title='bbox 543 369 580 403; x_wconf 86' lang='lat' dir='ltr'>lilio</span> <span class='ocrx_word' id='word_1_43' title='bbox 592 368 679 402; x_wconf 83' lang='lat' dir='ltr'>accedere</span> <span class='ocrx_word' id='word_1_44' title='bbox 691 368 743 409; x_wconf 90' lang='lat' dir='ltr'>velis,</span> 
     </span>
     <span class='ocr_line' id='line_1_6' title="bbox 40 420 761 466; baseline 0 -12"><span class='ocrx_word' id='word_1_45' title='bbox 40 422 80 466; x_wconf 88' lang='lat' dir='ltr'>ipsa</span> <span class='ocrx_word' id='word_1_46' title='bbox 94 420 190 461; x_wconf 85' lang='lat' dir='ltr'>mediante,</span> <span class='ocrx_word' id='word_1_47' title='bbox 204 420 287 455; x_wconf 91' lang='lat' dir='ltr'>restituta</span> <span class='ocrx_word' id='word_1_48' title='bbox 297 420 369 464; x_wconf 89' lang='lat' dir='ltr'>vtrique</span> <span class='ocrx_word' id='word_1_49' title='bbox 384 421 460 465; x_wconf 87' lang='lat' dir='ltr'>pristina</span> <span class='ocrx_word' id='word_1_50' title='bbox 476 423 553 456; x_wconf 87' lang='lat' dir='ltr'>sanitate</span> <span class='ocrx_word' id='word_1_51' title='bbox 567 422 666 466; x_wconf 65' lang='lat' dir='ltr'>gaudebis)</span> <span class='ocrx_word' id='word_1_52' title='bbox 690 421 761 464; x_wconf 69' lang='lat' dir='ltr'>Reges</span> 
     </span>
     <span class='ocr_line' id='line_1_7' title="bbox 40 473 743 519; baseline -0.001 -10"><span class='ocrx_word' id='word_1_53' title='bbox 40 475 100 519; x_wconf 90' lang='lat' dir='ltr'>itaque</span> <span class='ocrx_word' id='word_1_54' title='bbox 108 484 150 509; x_wconf 85' lang='lat' dir='ltr'>cnm</span> <span class='ocrx_word' id='word_1_55' title='bbox 157 484 215 508; x_wconf 84' lang='lat' dir='ltr'>vxore</span> <span class='ocrx_word' id='word_1_56' title='bbox 223 479 240 508; x_wconf 92' lang='lat' dir='ltr'>et</span> <span class='ocrx_word' id='word_1_57' title='bbox 250 473 287 508; x_wconf 90' lang='lat' dir='ltr'>filio</span> <span class='ocrx_word' id='word_1_58' title='bbox 298 479 315 509; x_wconf 87' lang='lat' dir='ltr'>et</span> <span class='ocrx_word' id='word_1_59' title='bbox 326 474 383 508; x_wconf 93' lang='lat' dir='ltr'>multo</span> <span class='ocrx_word' id='word_1_60' title='bbox 391 474 477 509; x_wconf 87' lang='lat' dir='ltr'>comitatu</span> <span class='ocrx_word' id='word_1_61' title='bbox 488 475 511 509; x_wconf 87' lang='lat' dir='ltr'>ad</span> <span class='ocrx_word' id='word_1_62' title='bbox 521 474 582 510; x_wconf 89' lang='lat' dir='ltr'>locum</span> <span class='ocrx_word' id='word_1_63' title='bbox 589 473 665 519; x_wconf 86' lang='lat' dir='ltr'>virginis</span> <span class='ocrx_word' id='word_1_64' title='bbox 675 484 743 519; x_wconf 88' lang='lat' dir='ltr'>prope·</span> 
     </span>
     <span class='ocr_line' id='line_1_8' title="bbox 40 527 743 572; baseline -0.001 -10"><span class='ocrx_word' id='word_1_65' title='bbox 40 534 97 569; x_wconf 90' lang='lat' dir='ltr'>rante,</span> <span class='ocrx_word' id='word_1_66' title='bbox 103 533 121 562; x_wconf 90' lang='lat' dir='ltr'>et</span> <span class='ocrx_word' id='word_1_67' title='bbox 128 538 168 561; x_wconf 89' lang='lat' dir='ltr'>earn</span> <span class='ocrx_word' id='word_1_68' title='bbox 177 528 271 568; x_wconf 87' lang='lat' dir='ltr'>salutante,</span> <span class='ocrx_word' id='word_1_69' title='bbox 277 528 329 572; x_wconf 87' lang='lat' dir='ltr'>virgo</span> <span class='ocrx_word' id='word_1_70' title='bbox 337 533 400 561; x_wconf 86' lang='lat' dir='ltr'>sancta</span> <span class='ocrx_word' id='word_1_71' title='bbox 408 528 464 562; x_wconf 83' lang='lat' dir='ltr'>dixit:</span> <span class='ocrx_word' id='word_1_72' title='bbox 477 528 535 570; x_wconf 84' lang='lat' dir='ltr'>‘Quid</span> <span class='ocrx_word' id='word_1_73' title='bbox 543 528 619 572; x_wconf 92' lang='lat' dir='ltr'>queritis</span> <span class='ocrx_word' id='word_1_74' title='bbox 625 529 640 562; x_wconf 88' lang='lat'>?&#39;</span> <span class='ocrx_word' id='word_1_75' title='bbox 660 527 743 571; x_wconf 84' lang='lat' dir='ltr'>Cumque</span> 
     </span>
     <span class='ocr_line' id='line_1_9' title="bbox 40 579 743 625; baseline -0.001 -10"><span class='ocrx_word' id='word_1_76' title='bbox 40 582 66 615; x_wconf 89' lang='lat' dir='ltr'>illi</span> <span class='ocrx_word' id='word_1_77' title='bbox 80 581 169 615; x_wconf 82' lang='lat' dir='ltr'>dixissent</span> <span class='ocrx_word' id='word_1_78' title='bbox 182 581 231 624; x_wconf 91' lang='lat' dir='ltr'>quod</span> <span class='ocrx_word' id='word_1_79' title='bbox 245 580 290 614; x_wconf 89' lang='lat' dir='ltr'>nihil</span> <span class='ocrx_word' id='word_1_80' title='bbox 306 580 354 614; x_wconf 92' lang='lat' dir='ltr'>aliud</span> <span class='ocrx_word' id='word_1_81' title='bbox 367 591 422 625; x_wconf 88' lang='lat' dir='ltr'>quam</span> <span class='ocrx_word' id='word_1_82' title='bbox 434 580 511 615; x_wconf 87' lang='lat' dir='ltr'>salutem</span> <span class='ocrx_word' id='word_1_83' title='bbox 525 591 589 615; x_wconf 91' lang='lat' dir='ltr'>eorum</span> <span class='ocrx_word' id='word_1_84' title='bbox 602 590 649 624; x_wconf 90' lang='lat' dir='ltr'>quos</span> <span class='ocrx_word' id='word_1_85' title='bbox 662 579 743 624; x_wconf 84' lang='lat' dir='ltr'>torqueri</span> 
     </span>
     <span class='ocr_line' id='line_1_10' title="bbox 40 633 744 677; baseline -0.003 -9"><span class='ocrx_word' id='word_1_86' title='bbox 40 634 113 668; x_wconf 84' lang='lat' dir='ltr'>uidebat</span> <span class='ocrx_word' id='word_1_87' title='bbox 120 638 223 677; x_wconf 84' lang='lat' dir='ltr'>quererent,</span> <span class='ocrx_word' id='word_1_88' title='bbox 229 633 325 667; x_wconf 83' lang='lat' dir='ltr'>confestim</span> <span class='ocrx_word' id='word_1_89' title='bbox 333 633 368 667; x_wconf 93' lang='lat' dir='ltr'>hoc</span> <span class='ocrx_word' id='word_1_90' title='bbox 376 633 425 668; x_wconf 89' lang='lat' dir='ltr'>dicto</span> <span class='ocrx_word' id='word_1_91' title='bbox 433 633 515 668; x_wconf 84' lang='lat' dir='ltr'>restituta</span> <span class='ocrx_word' id='word_1_92' title='bbox 523 639 551 667; x_wconf 89' lang='lat' dir='ltr'>est</span> <span class='ocrx_word' id='word_1_93' title='bbox 560 633 629 668; x_wconf 80' lang='lat' dir='ltr'>sanitas</span> <span class='ocrx_word' id='word_1_94' title='bbox 635 639 672 667; x_wconf 89' lang='lat' dir='ltr'>tam</span> <span class='ocrx_word' id='word_1_95' title='bbox 680 633 744 676; x_wconf 82' lang='lat' dir='ltr'>regine</span> 
     </span>
     <span class='ocr_line' id='line_1_11' title="bbox 40 684 772 730; baseline -0.003 -10"><span class='ocrx_word' id='word_1_96' title='bbox 40 696 95 730; x_wconf 86' lang='lat' dir='ltr'>quam</span> <span class='ocrx_word' id='word_1_97' title='bbox 104 686 147 720; x_wconf 89' lang='lat' dir='ltr'>filio.</span> <span class='ocrx_word' id='word_1_98' title='bbox 171 684 213 719; x_wconf 89' lang='lat' dir='ltr'>Hiis</span> <span class='ocrx_word' id='word_1_99' title='bbox 224 691 285 720; x_wconf 91' lang='lat' dir='ltr'>autem</span> <span class='ocrx_word' id='word_1_100' title='bbox 297 691 315 719; x_wconf 91' lang='lat' dir='ltr'>et</span> <span class='ocrx_word' id='word_1_101' title='bbox 326 685 366 719; x_wconf 90' lang='lat' dir='ltr'>aliis</span> <span class='ocrx_word' id='word_1_102' title='bbox 378 685 451 720; x_wconf 73' lang='lat' dir='ltr'>multisl</span> <span class='ocrx_word' id='word_1_103' title='bbox 459 686 572 720; x_wconf 86' lang='lat' dir='ltr'>choruscans</span> <span class='ocrx_word' id='word_1_104' title='bbox 584 684 682 727; x_wconf 77' lang='lat' dir='ltr'>miraculis,</span> <span class='ocrx_word' id='word_1_105' title='bbox 690 686 743 719; x_wconf 88' lang='lat' dir='ltr'>beata</span> <span class='ocrx_word' id='word_1_106' title='bbox 753 691 772 713; x_wconf 85' lang='lat'>10</span> 
     </span>
     <span class='ocr_line' id='line_1_12' title="bbox 40 737 744 784; baseline -0.001 -11"><span class='ocrx_word' id='word_1_107' title='bbox 40 742 91 783; x_wconf 86' lang='lat' dir='ltr'>virgo</span> <span class='ocrx_word' id='word_1_108' title='bbox 102 740 197 773; x_wconf 85' lang='lat' dir='ltr'>Osmanna</span> <span class='ocrx_word' id='word_1_109' title='bbox 208 740 282 773; x_wconf 88' lang='lat' dir='ltr'>tandem</span> <span class='ocrx_word' id='word_1_110' title='bbox 294 739 370 773; x_wconf 81' lang='lat' dir='ltr'>feliciter</span> <span class='ocrx_word' id='word_1_111' title='bbox 380 739 466 784; x_wconf 85' lang='lat' dir='ltr'>migrauit</span> <span class='ocrx_word' id='word_1_112' title='bbox 477 740 500 774; x_wconf 91' lang='lat' dir='ltr'>ad</span> <span class='ocrx_word' id='word_1_113' title='bbox 512 738 611 782; x_wconf 88' lang='lat' dir='ltr'>Christum,</span> <span class='ocrx_word' id='word_1_114' title='bbox 624 738 687 784; x_wconf 90' lang='lat' dir='ltr'>quinto</span> <span class='ocrx_word' id='word_1_115' title='bbox 700 737 744 773; x_wconf 91' lang='lat' dir='ltr'>Idus</span> 
     </span>
     <span class='ocr_line' id='line_1_13' title="bbox 41 792 156 839; baseline 0 -11"><span class='ocrx_word' id='word_1_116' title='bbox 41 792 156 839; x_wconf 83' lang='lat' dir='ltr'>septembris.</span> 
     </span>
    </p>
   </div>
   <div class='ocr_carea' id='block_1_3' title="bbox 336 877 448 913">
    <p class='ocr_par' dir='ltr' id='par_1_3' title="bbox 336 877 448 913">
     <span class='ocr_line' id='line_1_14' title="bbox 336 877 448 913; baseline -0.009 0"><span class='ocrx_word' id='word_1_117' title='bbox 336 877 350 913; x_wconf 71' lang='lat' dir='ltr'>T</span> <span class='ocrx_word' id='word_1_118' title='bbox 358 877 448 912; x_wconf 79' lang='lat' dir='ltr'>Narratio.</span> 
     </span>
    </p>
   </div>
   <div class='ocr_carea' id='block_1_4' title="bbox 41 943 773 1781">
    <p class='ocr_par' dir='ltr' id='par_1_4' title="bbox 41 943 773 1781">
     <span class='ocr_line' id='line_1_15' title="bbox 62 943 745 992; baseline -0.001 -8"><span class='ocrx_word' id='word_1_119' title='bbox 62 943 110 984; x_wconf 78' lang='lat' dir='ltr'>²Vir</span> <span class='ocrx_word' id='word_1_120' title='bbox 121 950 190 984; x_wconf 91' lang='lat' dir='ltr'>domini</span> <span class='ocrx_word' id='word_1_121' title='bbox 203 949 293 990; x_wconf 79' lang='lat' dir='ltr'>Eutices³,</span> <span class='ocrx_word' id='word_1_122' title='bbox 305 955 324 984; x_wconf 91' lang='lat' dir='ltr'>vt</span> <span class='ocrx_word' id='word_1_123' title='bbox 336 949 361 983; x_wconf 86' lang='lat' dir='ltr'>ait</span> <span class='ocrx_word' id='word_1_124' title='bbox 372 949 486 992; x_wconf 89' lang='lat' dir='ltr'>Vincentius,</span> <span class='ocrx_word' id='word_1_125' title='bbox 500 950 578 983; x_wconf 90' lang='lat' dir='ltr'>decurso</span> <span class='ocrx_word' id='word_1_126' title='bbox 592 950 628 983; x_wconf 91' lang='lat' dir='ltr'>vite</span> <span class='ocrx_word' id='word_1_127' title='bbox 641 961 674 983; x_wconf 93' lang='lat' dir='ltr'>sue</span> <span class='ocrx_word' id='word_1_128' title='bbox 685 949 745 983; x_wconf 87' lang='lat' dir='ltr'>stadio</span> 
     </span>
     <span class='ocr_line' id='line_1_16' title="bbox 42 1002 745 1048; baseline 0 -12"><span class='ocrx_word' id='word_1_129' title='bbox 42 1002 201 1037; x_wconf 85' lang='lat' dir='ltr'>circumstantibus</span> <span class='ocrx_word' id='word_1_130' title='bbox 211 1002 297 1036; x_wconf 87' lang='lat' dir='ltr'>fratribus</span> <span class='ocrx_word' id='word_1_131' title='bbox 307 1002 368 1036; x_wconf 85' lang='lat' dir='ltr'>emisit</span> <span class='ocrx_word' id='word_1_132' title='bbox 378 1002 468 1046; x_wconf 88' lang='lat' dir='ltr'>spiritum.</span> <span class='ocrx_word' id='word_1_133' title='bbox 491 1003 514 1036; x_wconf 90' lang='lat' dir='ltr'>Et</span> <span class='ocrx_word' id='word_1_134' title='bbox 522 1014 563 1037; x_wconf 93' lang='lat' dir='ltr'>cum</span> <span class='ocrx_word' id='word_1_135' title='bbox 571 1003 594 1037; x_wconf 83' lang='lat' dir='ltr'>ab</span> <span class='ocrx_word' id='word_1_136' title='bbox 602 1004 642 1037; x_wconf 90' lang='lat' dir='ltr'>eius</span> <span class='ocrx_word' id='word_1_137' title='bbox 650 1003 745 1048; x_wconf 88' lang='lat' dir='ltr'>discipulis</span> 
     </span>
     <span class='ocr_line' id='line_1_17' title="bbox 41 1055 771 1101; baseline -0.001 -10"><span class='ocrx_word' id='word_1_138' title='bbox 41 1056 119 1100; x_wconf 83' lang='lat' dir='ltr'>exequie</span> <span class='ocrx_word' id='word_1_139' title='bbox 127 1060 240 1101; x_wconf 85' lang='lat' dir='ltr'>pararentur,</span> <span class='ocrx_word' id='word_1_140' title='bbox 246 1055 300 1091; x_wconf 92' lang='lat' dir='ltr'>viuus</span> <span class='ocrx_word' id='word_1_141' title='bbox 307 1056 382 1099; x_wconf 89' lang='lat' dir='ltr'>resedit,</span> <span class='ocrx_word' id='word_1_142' title='bbox 387 1055 462 1091; x_wconf 86' lang='lat' dir='ltr'>dicens:</span> <span class='ocrx_word' id='word_1_143' title='bbox 475 1056 525 1092; x_wconf 89' lang='lat' dir='ltr'>‘Deo</span> <span class='ocrx_word' id='word_1_144' title='bbox 532 1056 607 1100; x_wconf 86' lang='lat' dir='ltr'>gratias.</span> <span class='ocrx_word' id='word_1_145' title='bbox 626 1057 692 1092; x_wconf 87' lang='lat' dir='ltr'>Sciatis</span> <span class='ocrx_word' id='word_1_146' title='bbox 701 1056 744 1101; x_wconf 87' lang='lat' dir='ltr'>quia</span> <span class='ocrx_word' id='word_1_147' title='bbox 753 1069 771 1101; x_wconf 75' lang='lat'>15</span> 
     </span>
     <span class='ocr_line' id='line_1_18' title="bbox 41 1109 744 1154; baseline 0.001 -11"><span class='ocrx_word' id='word_1_148' title='bbox 41 1110 60 1143; x_wconf 94' lang='lat' dir='ltr'>in</span> <span class='ocrx_word' id='word_1_149' title='bbox 72 1110 107 1143; x_wconf 92' lang='lat' dir='ltr'>hiis</span> <span class='ocrx_word' id='word_1_150' title='bbox 118 1110 238 1154; x_wconf 86' lang='lat' dir='ltr'>quadraginta</span> <span class='ocrx_word' id='word_1_151' title='bbox 249 1109 303 1143; x_wconf 89' lang='lat' dir='ltr'>annis</span> <span class='ocrx_word' id='word_1_152' title='bbox 310 1120 367 1144; x_wconf 88' lang='lat' dir='ltr'>vnum</span> <span class='ocrx_word' id='word_1_153' title='bbox 374 1115 445 1144; x_wconf 87' lang='lat' dir='ltr'>tantum</span> <span class='ocrx_word' id='word_1_154' title='bbox 453 1110 502 1144; x_wconf 85' lang='lat' dir='ltr'>diem</span> <span class='ocrx_word' id='word_1_155' title='bbox 510 1120 547 1144; x_wconf 89' lang='lat' dir='ltr'>non</span> <span class='ocrx_word' id='word_1_156' title='bbox 558 1110 634 1144; x_wconf 87' lang='lat' dir='ltr'>memini</span> <span class='ocrx_word' id='word_1_157' title='bbox 645 1121 675 1144; x_wconf 91' lang='lat' dir='ltr'>me</span> <span class='ocrx_word' id='word_1_158' title='bbox 683 1110 744 1144; x_wconf 90' lang='lat' dir='ltr'>cibum</span> 
     </span>
     <span class='ocr_line' id='line_1_19' title="bbox 42 1162 744 1206; baseline 0 -9"><span class='ocrx_word' id='word_1_159' title='bbox 42 1163 145 1206; x_wconf 89' lang='lat' dir='ltr'>sumpsisse</span> <span class='ocrx_word' id='word_1_160' title='bbox 157 1163 193 1197; x_wconf 93' lang='lat' dir='ltr'>nisi</span> <span class='ocrx_word' id='word_1_161' title='bbox 205 1163 257 1206; x_wconf 90' lang='lat' dir='ltr'>prius</span> <span class='ocrx_word' id='word_1_162' title='bbox 268 1162 367 1197; x_wconf 86' lang='lat' dir='ltr'>fleuissem.</span> <span class='ocrx_word' id='word_1_163' title='bbox 391 1162 453 1197; x_wconf 89' lang='lat' dir='ltr'>Hodie</span> <span class='ocrx_word' id='word_1_164' title='bbox 463 1168 524 1197; x_wconf 86' lang='lat' dir='ltr'>autem</span> <span class='ocrx_word' id='word_1_165' title='bbox 536 1163 607 1197; x_wconf 87' lang='lat' dir='ltr'>sublato</span> <span class='ocrx_word' id='word_1_166' title='bbox 618 1173 691 1198; x_wconf 90' lang='lat' dir='ltr'>merore</span> <span class='ocrx_word' id='word_1_167' title='bbox 702 1174 744 1197; x_wconf 91' lang='lat' dir='ltr'>con-</span> 
     </span>
     <span class='ocr_line' id='line_1_20' title="bbox 42 1215 745 1260; baseline 0.003 -12"><span class='ocrx_word' id='word_1_168' title='bbox 42 1216 111 1249; x_wconf 89' lang='lat' dir='ltr'>solatus</span> <span class='ocrx_word' id='word_1_169' title='bbox 122 1221 151 1249; x_wconf 90' lang='lat' dir='ltr'>est</span> <span class='ocrx_word' id='word_1_170' title='bbox 161 1226 192 1249; x_wconf 89' lang='lat' dir='ltr'>me</span> <span class='ocrx_word' id='word_1_171' title='bbox 203 1215 255 1258; x_wconf 93' lang='lat' dir='ltr'>deus,</span> <span class='ocrx_word' id='word_1_172' title='bbox 263 1220 281 1248; x_wconf 92' lang='lat' dir='ltr'>et</span> <span class='ocrx_word' id='word_1_173' title='bbox 292 1215 341 1248; x_wconf 89' lang='lat' dir='ltr'>inter</span> <span class='ocrx_word' id='word_1_174' title='bbox 352 1215 419 1249; x_wconf 92' lang='lat' dir='ltr'>choros</span> <span class='ocrx_word' id='word_1_175' title='bbox 430 1215 537 1259; x_wconf 86' lang='lat' dir='ltr'>angelorum</span> <span class='ocrx_word' id='word_1_176' title='bbox 546 1216 608 1249; x_wconf 87' lang='lat' dir='ltr'>tribuit</span> <span class='ocrx_word' id='word_1_177' title='bbox 619 1215 664 1249; x_wconf 90' lang='lat' dir='ltr'>mihi</span> <span class='ocrx_word' id='word_1_178' title='bbox 672 1216 745 1260; x_wconf 88' lang='lat' dir='ltr'>requie·</span> 
     </span>
     <span class='ocr_line' id='line_1_21' title="bbox 41 1261 745 1312; baseline 0.001 -10"><span class='ocrx_word' id='word_1_179' title='bbox 41 1268 96 1303; x_wconf 89' lang='lat' dir='ltr'>tionis</span> <span class='ocrx_word' id='word_1_180' title='bbox 108 1268 178 1303; x_wconf 73' lang='lat' dir='ltr'>locum)</span> <span class='ocrx_word' id='word_1_181' title='bbox 201 1268 224 1302; x_wconf 90' lang='lat' dir='ltr'>Et</span> <span class='ocrx_word' id='word_1_182' title='bbox 235 1268 270 1302; x_wconf 92' lang='lat' dir='ltr'>hec</span> <span class='ocrx_word' id='word_1_183' title='bbox 281 1268 345 1303; x_wconf 87' lang='lat' dir='ltr'>dicens</span> <span class='ocrx_word' id='word_1_184' title='bbox 356 1267 375 1302; x_wconf 94' lang='lat' dir='ltr'>in</span> <span class='ocrx_word' id='word_1_185' title='bbox 386 1278 432 1311; x_wconf 86' lang='lat' dir='ltr'>pace</span> <span class='ocrx_word' id='word_1_186' title='bbox 444 1267 539 1311; x_wconf 85' lang='lat' dir='ltr'>requieuit.</span> <span class='ocrx_word' id='word_1_187' title='bbox 583 1261 682 1312; x_wconf 76' lang='lat' dir='ltr'>‘Quadam</span> <span class='ocrx_word' id='word_1_188' title='bbox 692 1275 745 1303; x_wconf 89' lang='lat' dir='ltr'>nocte</span> 
     </span>
     <span class='ocr_line' id='line_1_22' title="bbox 42 1319 773 1365; baseline -0.001 -10"><span class='ocrx_word' id='word_1_189' title='bbox 42 1331 83 1355; x_wconf 93' lang='lat' dir='ltr'>cum</span> <span class='ocrx_word' id='word_1_190' title='bbox 91 1326 175 1365; x_wconf 90' lang='lat' dir='ltr'>pastores</span> <span class='ocrx_word' id='word_1_191' title='bbox 185 1331 274 1365; x_wconf 90' lang='lat' dir='ltr'>equorum</span> <span class='ocrx_word' id='word_1_192' title='bbox 282 1319 353 1356; x_wconf 93' lang='lat' dir='ltr'>Odonis</span> <span class='ocrx_word' id='word_1_193' title='bbox 364 1320 436 1356; x_wconf 86' lang='lat' dir='ltr'>abbatis</span> <span class='ocrx_word' id='word_1_194' title='bbox 447 1320 569 1356; x_wconf 83' lang='lat' dir='ltr'>cluniacensis</span> <span class='ocrx_word' id='word_1_195' title='bbox 577 1321 718 1365; x_wconf 89' lang='lat' dir='ltr'>obdormissent,</span> <span class='ocrx_word' id='word_1_196' title='bbox 727 1328 745 1357; x_wconf 89' lang='lat' dir='ltr'>et</span> <span class='ocrx_word' id='word_1_197' title='bbox 754 1333 773 1354; x_wconf 84' lang='lat' dir='ltr'>zo</span> 
     </span>
     <span class='ocr_line' id='line_1_23' title="bbox 42 1374 746 1419; baseline 0.001 -10"><span class='ocrx_word' id='word_1_198' title='bbox 42 1375 98 1409; x_wconf 85' lang='lat' dir='ltr'>frater</span> <span class='ocrx_word' id='word_1_199' title='bbox 108 1374 182 1419; x_wconf 91' lang='lat' dir='ltr'>quidam</span> <span class='ocrx_word' id='word_1_200' title='bbox 194 1374 273 1418; x_wconf 85' lang='lat' dir='ltr'>peruigil</span> <span class='ocrx_word' id='word_1_201' title='bbox 284 1374 303 1408; x_wconf 94' lang='lat' dir='ltr'>in</span> <span class='ocrx_word' id='word_1_202' title='bbox 315 1375 398 1408; x_wconf 89' lang='lat' dir='ltr'>oratione</span> <span class='ocrx_word' id='word_1_203' title='bbox 409 1374 524 1418; x_wconf 87' lang='lat' dir='ltr'>persisteret,</span> <span class='ocrx_word' id='word_1_204' title='bbox 531 1374 561 1408; x_wconf 86' lang='lat' dir='ltr'>fur</span> <span class='ocrx_word' id='word_1_205' title='bbox 572 1374 628 1417; x_wconf 80' lang='lat' dir='ltr'>affuit,</span> <span class='ocrx_word' id='word_1_206' title='bbox 636 1381 746 1419; x_wconf 84' lang='lat' dir='ltr'>raptumque</span> 
     </span>
     <span class='ocr_line' id='line_1_24' title="bbox 42 1426 746 1472; baseline 0.003 -12"><span class='ocrx_word' id='word_1_207' title='bbox 42 1438 109 1472; x_wconf 88' lang='lat' dir='ltr'>equum</span> <span class='ocrx_word' id='word_1_208' title='bbox 117 1427 200 1461; x_wconf 88' lang='lat' dir='ltr'>ascendit</span> <span class='ocrx_word' id='word_1_209' title='bbox 207 1432 226 1461; x_wconf 90' lang='lat' dir='ltr'>et</span> <span class='ocrx_word' id='word_1_210' title='bbox 233 1426 288 1471; x_wconf 76' lang='lat' dir='ltr'>sugit3</span> <span class='ocrx_word' id='word_1_211' title='bbox 301 1427 395 1471; x_wconf 88' lang='lat' dir='ltr'>predictus</span> <span class='ocrx_word' id='word_1_212' title='bbox 402 1438 447 1461; x_wconf 87' lang='lat' dir='ltr'>vero</span> <span class='ocrx_word' id='word_1_213' title='bbox 456 1426 512 1461; x_wconf 90' lang='lat' dir='ltr'>frater</span> <span class='ocrx_word' id='word_1_214' title='bbox 519 1427 582 1461; x_wconf 90' lang='lat' dir='ltr'>maluit</span> <span class='ocrx_word' id='word_1_215' title='bbox 591 1438 658 1471; x_wconf 88' lang='lat' dir='ltr'>equum</span> <span class='ocrx_word' id='word_1_216' title='bbox 666 1428 746 1472; x_wconf 81' lang='lat' dir='ltr'>perdere</span> 
     </span>
     <span class='ocr_line' id='line_1_25' title="bbox 42 1479 745 1524; baseline 0.003 -11"><span class='ocrx_word' id='word_1_217' title='bbox 42 1489 97 1524; x_wconf 86' lang='lat' dir='ltr'>quam</span> <span class='ocrx_word' id='word_1_218' title='bbox 105 1480 198 1514; x_wconf 90' lang='lat' dir='ltr'>silentium</span> <span class='ocrx_word' id='word_1_219' title='bbox 206 1489 299 1524; x_wconf 86' lang='lat' dir='ltr'>rumpere.</span> <span class='ocrx_word' id='word_1_220' title='bbox 319 1479 374 1513; x_wconf 88' lang='lat' dir='ltr'>Facto</span> <span class='ocrx_word' id='word_1_221' title='bbox 382 1484 444 1514; x_wconf 89' lang='lat' dir='ltr'>autern</span> <span class='ocrx_word' id='word_1_222' title='bbox 452 1489 506 1515; x_wconf 91' lang='lat' dir='ltr'>mane</span> <span class='ocrx_word' id='word_1_223' title='bbox 512 1479 597 1514; x_wconf 84' lang='lat' dir='ltr'>uiderunt</span> <span class='ocrx_word' id='word_1_224' title='bbox 605 1480 678 1514; x_wconf 87' lang='lat' dir='ltr'>eminus</span> <span class='ocrx_word' id='word_1_225' title='bbox 686 1480 745 1515; x_wconf 87' lang='lat' dir='ltr'>furem</span> 
     </span>
     <span class='ocr_line' id='line_1_26' title="bbox 42 1532 746 1577; baseline 0.003 -11"><span class='ocrx_word' id='word_1_226' title='bbox 42 1544 78 1567; x_wconf 90' lang='lat' dir='ltr'>vno</span> <span class='ocrx_word' id='word_1_227' title='bbox 90 1534 109 1566; x_wconf 90' lang='lat' dir='ltr'>in</span> <span class='ocrx_word' id='word_1_228' title='bbox 121 1533 161 1566; x_wconf 94' lang='lat' dir='ltr'>loco</span> <span class='ocrx_word' id='word_1_229' title='bbox 177 1532 254 1567; x_wconf 87' lang='lat' dir='ltr'>affixum</span> <span class='ocrx_word' id='word_1_230' title='bbox 268 1543 325 1577; x_wconf 86' lang='lat' dir='ltr'>super</span> <span class='ocrx_word' id='word_1_231' title='bbox 336 1543 405 1577; x_wconf 89' lang='lat' dir='ltr'>equum</span> <span class='ocrx_word' id='word_1_232' title='bbox 417 1534 488 1567; x_wconf 91' lang='lat' dir='ltr'>sedere.</span> <span class='ocrx_word' id='word_1_233' title='bbox 510 1533 570 1575; x_wconf 83' lang='lat' dir='ltr'>Quem</span> <span class='ocrx_word' id='word_1_234' title='bbox 584 1534 746 1577; x_wconf 82' lang='lat' dir='ltr'>apprehendentes</span> 
     </span>
     <span class='ocr_line' id='line_1_27' title="bbox 42 1585 773 1631; baseline -0.001 -11"><span class='ocrx_word' id='word_1_235' title='bbox 42 1590 132 1630; x_wconf 88' lang='lat' dir='ltr'>pastores,</span> <span class='ocrx_word' id='word_1_236' title='bbox 147 1586 228 1621; x_wconf 89' lang='lat' dir='ltr'>vinctum</span> <span class='ocrx_word' id='word_1_237' title='bbox 244 1585 291 1630; x_wconf 86' lang='lat' dir='ltr'>patri</span> <span class='ocrx_word' id='word_1_238' title='bbox 308 1586 368 1621; x_wconf 89' lang='lat' dir='ltr'>Odoni</span> <span class='ocrx_word' id='word_1_239' title='bbox 384 1585 485 1621; x_wconf 85' lang='lat' dir='ltr'>miserunt:</span> <span class='ocrx_word' id='word_1_240' title='bbox 503 1586 534 1631; x_wconf 91' lang='lat' dir='ltr'>qui</span> <span class='ocrx_word' id='word_1_241' title='bbox 549 1586 565 1621; x_wconf 91' lang='lat' dir='ltr'>ei</span> <span class='ocrx_word' id='word_1_242' title='bbox 581 1586 662 1631; x_wconf 90' lang='lat' dir='ltr'>quinque</span> <span class='ocrx_word' id='word_1_243' title='bbox 677 1587 746 1621; x_wconf 93' lang='lat' dir='ltr'>solidos</span> <span class='ocrx_word' id='word_1_244' title='bbox 755 1596 773 1627; x_wconf 81' lang='lat'>²5</span> 
     </span>
     <span class='ocr_line' id='line_1_28' title="bbox 43 1638 746 1684; baseline 0.003 -11"><span class='ocrx_word' id='word_1_245' title='bbox 43 1645 140 1683; x_wconf 84' lang='lat' dir='ltr'>argenteos</span> <span class='ocrx_word' id='word_1_246' title='bbox 155 1639 194 1673; x_wconf 90' lang='lat' dir='ltr'>dari</span> <span class='ocrx_word' id='word_1_247' title='bbox 209 1638 297 1683; x_wconf 86' lang='lat' dir='ltr'>precepit,</span> <span class='ocrx_word' id='word_1_248' title='bbox 310 1639 375 1674; x_wconf 93' lang='lat' dir='ltr'>dicens</span> <span class='ocrx_word' id='word_1_249' title='bbox 389 1638 477 1674; x_wconf 91' lang='lat' dir='ltr'>iniustum</span> <span class='ocrx_word' id='word_1_250' title='bbox 493 1650 535 1674; x_wconf 89' lang='lat' dir='ltr'>esse</span> <span class='ocrx_word' id='word_1_251' title='bbox 551 1651 593 1675; x_wconf 91' lang='lat' dir='ltr'>eum</span> <span class='ocrx_word' id='word_1_252' title='bbox 607 1641 676 1684; x_wconf 91' lang='lat' dir='ltr'>absque</span> <span class='ocrx_word' id='word_1_253' title='bbox 690 1640 746 1684; x_wconf 85' lang='lat' dir='ltr'>digna</span> 
     </span>
     <span class='ocr_line' id='line_1_29' title="bbox 43 1691 746 1738; baseline 0.001 -11"><span class='ocrx_word' id='word_1_254' title='bbox 43 1693 128 1727; x_wconf 90' lang='lat' dir='ltr'>mercede</span> <span class='ocrx_word' id='word_1_255' title='bbox 140 1691 236 1735; x_wconf 89' lang='lat' dir='ltr'>dimittere,</span> <span class='ocrx_word' id='word_1_256' title='bbox 246 1704 268 1728; x_wconf 90' lang='lat' dir='ltr'>eo</span> <span class='ocrx_word' id='word_1_257' title='bbox 280 1692 328 1737; x_wconf 90' lang='lat' dir='ltr'>quod</span> <span class='ocrx_word' id='word_1_258' title='bbox 340 1704 375 1736; x_wconf 90' lang='lat' dir='ltr'>per</span> <span class='ocrx_word' id='word_1_259' title='bbox 385 1693 440 1727; x_wconf 86' lang='lat' dir='ltr'>totius</span> <span class='ocrx_word' id='word_1_260' title='bbox 451 1694 510 1728; x_wconf 91' lang='lat' dir='ltr'>noctis</span> <span class='ocrx_word' id='word_1_261' title='bbox 522 1693 604 1738; x_wconf 88' lang='lat' dir='ltr'>spacium</span> <span class='ocrx_word' id='word_1_262' title='bbox 616 1693 694 1729; x_wconf 90' lang='lat' dir='ltr'>multum</span> <span class='ocrx_word' id='word_1_263' title='bbox 706 1704 746 1728; x_wconf 78' lang='lat' dir='ltr'>sus·</span> 
     </span>
     <span class='ocr_line' id='line_1_30' title="bbox 43 1746 222 1781; baseline -0.006 0"><span class='ocrx_word' id='word_1_264' title='bbox 43 1746 127 1781; x_wconf 89' lang='lat' dir='ltr'>tinuisset</span> <span class='ocrx_word' id='word_1_265' title='bbox 135 1746 222 1781; x_wconf 87' lang='lat' dir='ltr'>laborem.</span> 
     </span>
    </p>
   </div>
   <div class='ocr_carea' id='block_1_5' title="bbox 129 1859 661 1973">
    <p class='ocr_par' dir='ltr' id='par_1_5' title="bbox 129 1859 661 1973">
     <span class='ocr_line' id='line_1_31' title="bbox 129 1859 661 1904; baseline -0.004 0"><span class='ocrx_word' id='word_1_266' title='bbox 129 1867 144 1904; x_wconf 79' lang='lat' dir='ltr'>ti</span> <span class='ocrx_word' id='word_1_267' title='bbox 157 1860 191 1901; x_wconf 77' lang='lat' dir='ltr'>Dr</span> <span class='ocrx_word' id='word_1_268' title='bbox 202 1875 273 1901; x_wconf 69' lang='lat' dir='ltr'>seuero</span> <span class='ocrx_word' id='word_1_269' title='bbox 285 1859 383 1902; x_wconf 82' lang='lat' dir='ltr'>Osuunuo</span> <span class='ocrx_word' id='word_1_270' title='bbox 395 1875 482 1902; x_wconf 75' lang='lat' dir='ltr'>nriscoro</span> <span class='ocrx_word' id='word_1_271' title='bbox 494 1875 516 1901; x_wconf 77' lang='lat' dir='ltr'>er</span> <span class='ocrx_word' id='word_1_272' title='bbox 527 1866 661 1902; x_wconf 65' lang='lat' dir='ltr'>conressonsl.</span> 
     </span>
     <span class='ocr_line' id='line_1_32' title="bbox 154 1934 637 1973; baseline 0 -4"><span class='ocrx_word' id='word_1_273' title='bbox 154 1935 169 1973; x_wconf 68' lang='lat' dir='ltr'>ll</span> <span class='ocrx_word' id='word_1_274' title='bbox 180 1934 203 1969; x_wconf 84' lang='lat' dir='ltr'>In</span> <span class='ocrx_word' id='word_1_275' title='bbox 215 1935 375 1969; x_wconf 74' lang='lat' dir='ltr'>cormnemorarone</span> <span class='ocrx_word' id='word_1_276' title='bbox 388 1936 446 1969; x_wconf 76' lang='lat' dir='ltr'>sancti</span> <span class='ocrx_word' id='word_1_277' title='bbox 456 1935 546 1969; x_wconf 83' lang='lat' dir='ltr'>Osmundi</span> <span class='ocrx_word' id='word_1_278' title='bbox 554 1935 611 1969; x_wconf 76' lang='lat' dir='ltr'>Lectio</span> <span class='ocrx_word' id='word_1_279' title='bbox 621 1935 637 1970; x_wconf 87' lang='lat' dir='ltr'>J.</span> 
     </span>
    </p>
   </div>
   <div class='ocr_carea' id='block_1_6' title="bbox 44 2002 775 2315">
    <p class='ocr_par' dir='ltr' id='par_1_6' title="bbox 44 2002 775 2315">
     <span class='ocr_line' id='line_1_33' title="bbox 80 2002 747 2045; baseline 0 -8"><span class='ocrx_word' id='word_1_280' title='bbox 80 2004 261 2037; x_wconf 84' lang='lat' dir='ltr'>Ommemorantibus</span> <span class='ocrx_word' id='word_1_281' title='bbox 266 2003 319 2036; x_wconf 88' lang='lat' dir='ltr'>nobis</span> <span class='ocrx_word' id='word_1_282' title='bbox 326 2003 390 2035; x_wconf 89' lang='lat' dir='ltr'>sedula</span> <span class='ocrx_word' id='word_1_283' title='bbox 395 2002 517 2045; x_wconf 68' lang='lat' dir='ltr'>deuotionleP</span> <span class='ocrx_word' id='word_1_284' title='bbox 525 2003 591 2037; x_wconf 82' lang='lat' dir='ltr'>merita</span> <span class='ocrx_word' id='word_1_285' title='bbox 596 2003 697 2037; x_wconf 85' lang='lat' dir='ltr'>beatissimi</span> <span class='ocrx_word' id='word_1_286' title='bbox 703 2014 747 2037; x_wconf 91' lang='lat' dir='ltr'>con-</span> 
     </span>
     <span class='ocr_line' id='line_1_34' title="bbox 102 2054 775 2102; baseline 0.003 -12"><span class='ocrx_word' id='word_1_287' title='bbox 102 2055 178 2090; x_wconf 88' lang='lat' dir='ltr'>fessoris</span> <span class='ocrx_word' id='word_1_288' title='bbox 192 2054 288 2097; x_wconf 89' lang='lat' dir='ltr'>Osmundi,</span> <span class='ocrx_word' id='word_1_289' title='bbox 301 2055 356 2089; x_wconf 91' lang='lat' dir='ltr'>libeat</span> <span class='ocrx_word' id='word_1_290' title='bbox 369 2060 419 2089; x_wconf 88' lang='lat' dir='ltr'>tante</span> <span class='ocrx_word' id='word_1_291' title='bbox 433 2054 533 2089; x_wconf 82' lang='lat' dir='ltr'>sanctitatis</span> <span class='ocrx_word' id='word_1_292' title='bbox 546 2066 631 2090; x_wconf 88' lang='lat' dir='ltr'>normam</span> <span class='ocrx_word' id='word_1_293' title='bbox 645 2067 669 2091; x_wconf 81' lang='lat' dir='ltr'>ex</span> <span class='ocrx_word' id='word_1_294' title='bbox 682 2057 747 2092; x_wconf 88' lang='lat' dir='ltr'>ordine</span> <span class='ocrx_word' id='word_1_295' title='bbox 756 2072 775 2102; x_wconf 78' lang='lat'>30</span> 
     </span>
     <span class='ocr_line' id='line_1_35' title="bbox 44 2108 747 2153; baseline 0.001 -9"><span class='ocrx_word' id='word_1_296' title='bbox 44 2109 169 2153; x_wconf 88' lang='lat' dir='ltr'>contemplari,</span> <span class='ocrx_word' id='word_1_297' title='bbox 177 2116 197 2144; x_wconf 95' lang='lat' dir='ltr'>vt</span> <span class='ocrx_word' id='word_1_298' title='bbox 208 2109 281 2153; x_wconf 86' lang='lat' dir='ltr'>pariter,</span> <span class='ocrx_word' id='word_1_299' title='bbox 292 2108 367 2143; x_wconf 91' lang='lat' dir='ltr'>domino</span> <span class='ocrx_word' id='word_1_300' title='bbox 378 2114 477 2150; x_wconf 89' lang='lat' dir='ltr'>annuente,</span> <span class='ocrx_word' id='word_1_301' title='bbox 489 2109 573 2143; x_wconf 84' lang='lat' dir='ltr'>collibeat</span> <span class='ocrx_word' id='word_1_302' title='bbox 585 2120 647 2144; x_wconf 88' lang='lat' dir='ltr'>mores</span> <span class='ocrx_word' id='word_1_303' title='bbox 658 2121 679 2143; x_wconf 83' lang='lat' dir='ltr'>ac</span> <span class='ocrx_word' id='word_1_304' title='bbox 690 2111 747 2145; x_wconf 80' lang='lat' dir='ltr'>vitam</span> 
     </span>
     <span class='ocr_line' id='line_1_36' title="bbox 44 2161 747 2208; baseline 0.001 -11"><span class='ocrx_word' id='word_1_305' title='bbox 44 2163 102 2208; x_wconf 90' lang='lat' dir='ltr'>ipsius</span> <span class='ocrx_word' id='word_1_306' title='bbox 110 2174 143 2208; x_wconf 92' lang='lat' dir='ltr'>pro</span> <span class='ocrx_word' id='word_1_307' title='bbox 155 2163 222 2197; x_wconf 89' lang='lat' dir='ltr'>nostris</span> <span class='ocrx_word' id='word_1_308' title='bbox 231 2162 301 2197; x_wconf 92' lang='lat' dir='ltr'>viribus</span> <span class='ocrx_word' id='word_1_309' title='bbox 312 2162 383 2197; x_wconf 88' lang='lat' dir='ltr'>imitari.</span> <span class='ocrx_word' id='word_1_310' title='bbox 409 2161 531 2207; x_wconf 90' lang='lat' dir='ltr'>Proponimus</span> <span class='ocrx_word' id='word_1_311' title='bbox 542 2162 597 2207; x_wconf 86' lang='lat' dir='ltr'>igitur</span> <span class='ocrx_word' id='word_1_312' title='bbox 607 2162 639 2198; x_wconf 92' lang='lat' dir='ltr'>tibi</span> <span class='ocrx_word' id='word_1_313' title='bbox 649 2163 730 2207; x_wconf 92' lang='lat' dir='ltr'>primum</span> <span class='ocrx_word' id='word_1_314' title='bbox 735 2165 747 2206; x_wconf 83' lang='lat'>⁷,</span> 
     </span>
     <span class='ocr_line' id='line_1_37' title="bbox 44 2215 747 2261; baseline 0.001 -10"><span class='ocrx_word' id='word_1_315' title='bbox 44 2229 55 2251; x_wconf 96' lang='lat' dir='ltr'>o</span> <span class='ocrx_word' id='word_1_316' title='bbox 66 2216 180 2251; x_wconf 85' lang='lat' dir='ltr'>nobilissima</span> <span class='ocrx_word' id='word_1_317' title='bbox 191 2216 263 2251; x_wconf 88' lang='lat' dir='ltr'>indoles</span> <span class='ocrx_word' id='word_1_318' title='bbox 274 2216 367 2258; x_wconf 91' lang='lat' dir='ltr'>iuuenum,</span> <span class='ocrx_word' id='word_1_319' title='bbox 376 2216 395 2250; x_wconf 89' lang='lat' dir='ltr'>iu</span> <span class='ocrx_word' id='word_1_320' title='bbox 407 2215 498 2250; x_wconf 89' lang='lat' dir='ltr'>Osmundi</span> <span class='ocrx_word' id='word_1_321' title='bbox 510 2217 568 2251; x_wconf 89' lang='lat' dir='ltr'>nostri</span> <span class='ocrx_word' id='word_1_322' title='bbox 579 2216 665 2261; x_wconf 89' lang='lat' dir='ltr'>auspiciis</span> <span class='ocrx_word' id='word_1_323' title='bbox 677 2218 747 2252; x_wconf 89' lang='lat' dir='ltr'>ducens</span> 
     </span>
     <span class='ocr_line' id='line_1_38' title="bbox 44 2269 747 2315; baseline 0.001 -11"><span class='ocrx_word' id='word_1_324' title='bbox 44 2277 62 2304; x_wconf 91' lang='lat' dir='ltr'>te</span> <span class='ocrx_word' id='word_1_325' title='bbox 68 2270 74 2289; x_wconf 78' lang='lat'>³</span> <span class='ocrx_word' id='word_1_326' title='bbox 81 2270 204 2304; x_wconf 85' lang='lat' dir='ltr'>adolescentie</span> <span class='ocrx_word' id='word_1_327' title='bbox 214 2275 245 2305; x_wconf 90' lang='lat' dir='ltr'>tue</span> <span class='ocrx_word' id='word_1_328' title='bbox 256 2269 300 2304; x_wconf 80' lang='lat' dir='ltr'>felix</span> <span class='ocrx_word' id='word_1_329' title='bbox 309 2281 329 2304; x_wconf 92' lang='lat' dir='ltr'>ac</span> <span class='ocrx_word' id='word_1_330' title='bbox 337 2269 446 2314; x_wconf 84' lang='lat' dir='ltr'>expeditum</span> <span class='ocrx_word' id='word_1_331' title='bbox 456 2270 575 2305; x_wconf 82' lang='lat' dir='ltr'>itinerarium.</span> <span class='ocrx_word' id='word_1_332' title='bbox 596 2270 646 2305; x_wconf 86' lang='lat' dir='ltr'>Audi</span> <span class='ocrx_word' id='word_1_333' title='bbox 653 2281 697 2315; x_wconf 86' lang='lat' dir='ltr'>ergo</span> <span class='ocrx_word' id='word_1_334' title='bbox 705 2282 747 2306; x_wconf 92' lang='lat' dir='ltr'>cum</span> 
     </span>
    </p>
   </div>
   <div class='ocr_carea' id='block_1_7' title="bbox 44 2347 748 2585">
    <p class='ocr_par' dir='ltr' id='par_1_7' title="bbox 44 2347 748 2585">
     <span class='ocr_line' id='line_1_39' title="bbox 65 2347 747 2384; baseline 0.001 -8"><span class='ocrx_word' id='word_1_335' title='bbox 65 2347 205 2378; x_wconf 80' lang='lat' dir='ltr'>¹E.multisaliis.</span> <span class='ocrx_word' id='word_1_336' title='bbox 254 2347 345 2377; x_wconf 72' lang='lat' dir='ltr'>²Ctvinc.</span> <span class='ocrx_word' id='word_1_337' title='bbox 353 2348 393 2376; x_wconf 85' lang='lat' dir='ltr'>Bell.</span> <span class='ocrx_word' id='word_1_338' title='bbox 402 2347 464 2376; x_wconf 84' lang='lat' dir='ltr'>XXlll.</span> <span class='ocrx_word' id='word_1_339' title='bbox 472 2356 497 2384; x_wconf 86' lang='lat'>59.</span> <span class='ocrx_word' id='word_1_340' title='bbox 548 2348 582 2377; x_wconf 81' lang='lat' dir='ltr'>²E.</span> <span class='ocrx_word' id='word_1_341' title='bbox 590 2349 655 2377; x_wconf 84' lang='lat' dir='ltr'>eutices.</span> <span class='ocrx_word' id='word_1_342' title='bbox 706 2347 747 2377; x_wconf 73' lang='lat' dir='ltr'>‘Ex</span> 
     </span>
     <span class='ocr_line' id='line_1_40' title="bbox 44 2385 748 2422; baseline 0.001 -6"><span class='ocrx_word' id='word_1_343' title='bbox 44 2387 89 2416; x_wconf 88' lang='lat' dir='ltr'>Vino.</span> <span class='ocrx_word' id='word_1_344' title='bbox 95 2387 135 2416; x_wconf 85' lang='lat' dir='ltr'>Bell.</span> <span class='ocrx_word' id='word_1_345' title='bbox 141 2385 212 2415; x_wconf 81' lang='lat' dir='ltr'>XXllll.</span> <span class='ocrx_word' id='word_1_346' title='bbox 217 2386 242 2416; x_wconf 75' lang='lat' dir='ltr'>oo.</span> <span class='ocrx_word' id='word_1_347' title='bbox 282 2385 288 2403; x_wconf 75' lang='lat'>²</span> <span class='ocrx_word' id='word_1_348' title='bbox 294 2385 333 2415; x_wconf 87' lang='lat' dir='ltr'>This</span> <span class='ocrx_word' id='word_1_349' title='bbox 340 2385 398 2422; x_wconf 87' lang='lat' dir='ltr'>legend</span> <span class='ocrx_word' id='word_1_350' title='bbox 403 2395 433 2415; x_wconf 87' lang='lat' dir='ltr'>om.</span> <span class='ocrx_word' id='word_1_351' title='bbox 439 2386 455 2415; x_wconf 89' lang='lat' dir='ltr'>in</span> <span class='ocrx_word' id='word_1_352' title='bbox 462 2386 480 2415; x_wconf 93' lang='lat' dir='ltr'>T.</span> <span class='ocrx_word' id='word_1_353' title='bbox 487 2396 491 2421; x_wconf 89' lang='grc'>;</span> <span class='ocrx_word' id='word_1_354' title='bbox 500 2395 544 2416; x_wconf 79' lang='lat' dir='ltr'>sarno</span> <span class='ocrx_word' id='word_1_355' title='bbox 551 2390 586 2416; x_wconf 81' lang='lat' dir='ltr'>text</span> <span class='ocrx_word' id='word_1_356' title='bbox 591 2386 607 2416; x_wconf 95' lang='lat' dir='ltr'>in</span> <span class='ocrx_word' id='word_1_357' title='bbox 614 2386 683 2416; x_wconf 77' lang='lat' dir='ltr'>Breviar.</span> <span class='ocrx_word' id='word_1_358' title='bbox 689 2386 748 2417; x_wconf 83' lang='lat' dir='ltr'>Sarisb.</span> 
     </span>
     <span class='ocr_line' id='line_1_41' title="bbox 45 2425 748 2466; baseline 0.001 -10"><span class='ocrx_word' id='word_1_359' title='bbox 45 2427 70 2457; x_wconf 87' lang='lat' dir='ltr'>ed.</span> <span class='ocrx_word' id='word_1_360' title='bbox 80 2426 145 2456; x_wconf 86' lang='lat' dir='ltr'>Procter</span> <span class='ocrx_word' id='word_1_361' title='bbox 152 2430 168 2456; x_wconf 88' lang='lat' dir='ltr'>et</span> <span class='ocrx_word' id='word_1_362' title='bbox 175 2425 292 2461; x_wconf 89' lang='lat' dir='ltr'>Wordsworth,</span> <span class='ocrx_word' id='word_1_363' title='bbox 303 2425 364 2455; x_wconf 83' lang='lat' dir='ltr'>Cambr.</span> <span class='ocrx_word' id='word_1_364' title='bbox 377 2426 440 2463; x_wconf 77' lang='lat'>1882-6,</span> <span class='ocrx_word' id='word_1_365' title='bbox 448 2425 493 2457; x_wconf 83' lang='lat' dir='ltr'>Fasc.</span> <span class='ocrx_word' id='word_1_366' title='bbox 504 2426 533 2457; x_wconf 88' lang='lat'>111.</span> <span class='ocrx_word' id='word_1_367' title='bbox 542 2436 569 2465; x_wconf 85' lang='lat' dir='ltr'>pp.</span> <span class='ocrx_word' id='word_1_368' title='bbox 577 2434 652 2466; x_wconf 73' lang='lat'>471-495.</span> <span class='ocrx_word' id='word_1_369' title='bbox 672 2427 707 2456; x_wconf 90' lang='lat' dir='ltr'>The</span> <span class='ocrx_word' id='word_1_370' title='bbox 714 2427 748 2457; x_wconf 80' lang='lat' dir='ltr'>first</span> 
     </span>
     <span class='ocr_line' id='line_1_42' title="bbox 45 2466 748 2507; baseline 0.001 -10"><span class='ocrx_word' id='word_1_371' title='bbox 45 2467 90 2498; x_wconf 70' lang='lat' dir='ltr'>three</span> <span class='ocrx_word' id='word_1_372' title='bbox 99 2466 161 2497; x_wconf 86' lang='lat' dir='ltr'>lessons</span> <span class='ocrx_word' id='word_1_373' title='bbox 167 2477 195 2497; x_wconf 88' lang='lat' dir='ltr'>are</span> <span class='ocrx_word' id='word_1_374' title='bbox 202 2466 276 2496; x_wconf 82' lang='lat' dir='ltr'>reserved</span> <span class='ocrx_word' id='word_1_375' title='bbox 283 2466 308 2496; x_wconf 92' lang='lat' dir='ltr'>for</span> <span class='ocrx_word' id='word_1_376' title='bbox 317 2467 335 2496; x_wconf 95' lang='lat' dir='ltr'>ln</span> <span class='ocrx_word' id='word_1_377' title='bbox 346 2467 500 2497; x_wconf 84' lang='lat' dir='ltr'>Commemoratione</span> <span class='ocrx_word' id='word_1_378' title='bbox 510 2466 526 2497; x_wconf 82' lang='lat' dir='ltr'>S.</span> <span class='ocrx_word' id='word_1_379' title='bbox 534 2467 612 2497; x_wconf 87' lang='lat' dir='ltr'>Osmundi</span> <span class='ocrx_word' id='word_1_380' title='bbox 620 2471 642 2505; x_wconf 86' lang='lat' dir='ltr'>(p.</span> <span class='ocrx_word' id='word_1_381' title='bbox 650 2468 693 2507; x_wconf 79' lang='lat'>486).</span> <span class='ocrx_word' id='word_1_382' title='bbox 713 2468 748 2498; x_wconf 88' lang='lat' dir='ltr'>The</span> 
     </span>
     <span class='ocr_line' id='line_1_43' title="bbox 46 2506 748 2545; baseline 0.004 -10"><span class='ocrx_word' id='word_1_383' title='bbox 46 2507 100 2537; x_wconf 87' lang='lat' dir='ltr'>llours</span> <span class='ocrx_word' id='word_1_384' title='bbox 107 2511 164 2545; x_wconf 83' lang='lat' dir='ltr'>except</span> <span class='ocrx_word' id='word_1_385' title='bbox 171 2507 250 2537; x_wconf 85' lang='lat' dir='ltr'>Nocturns</span> <span class='ocrx_word' id='word_1_386' title='bbox 255 2516 282 2536; x_wconf 85' lang='lat' dir='ltr'>arc</span> <span class='ocrx_word' id='word_1_387' title='bbox 289 2507 360 2537; x_wconf 87' lang='lat' dir='ltr'>omitted.</span> <span class='ocrx_word' id='word_1_388' title='bbox 380 2506 416 2536; x_wconf 86' lang='lat' dir='ltr'>The</span> <span class='ocrx_word' id='word_1_389' title='bbox 421 2510 455 2537; x_wconf 78' lang='lat' dir='ltr'>text</span> <span class='ocrx_word' id='word_1_390' title='bbox 461 2507 475 2536; x_wconf 88' lang='lat' dir='ltr'>is</span> <span class='ocrx_word' id='word_1_391' title='bbox 482 2507 517 2536; x_wconf 89' lang='lat' dir='ltr'>that</span> <span class='ocrx_word' id='word_1_392' title='bbox 524 2506 542 2536; x_wconf 86' lang='lat' dir='ltr'>of</span> <span class='ocrx_word' id='word_1_393' title='bbox 547 2507 620 2538; x_wconf 88' lang='lat' dir='ltr'>Portifor.</span> <span class='ocrx_word' id='word_1_394' title='bbox 628 2515 672 2545; x_wconf 84' lang='lat'>1519.</span> <span class='ocrx_word' id='word_1_395' title='bbox 713 2506 719 2524; x_wconf 83' lang='lat'><strong>¹</strong></span> <span class='ocrx_word' id='word_1_396' title='bbox 729 2508 748 2538; x_wconf 73' lang='lat' dir='ltr'>E.</span> 
     </span>
     <span class='ocr_line' id='line_1_44' title="bbox 46 2544 683 2585; baseline 0.003 -9"><span class='ocrx_word' id='word_1_397' title='bbox 46 2547 142 2577; x_wconf 87' lang='lat' dir='ltr'>deuocionis.</span> <span class='ocrx_word' id='word_1_398' title='bbox 192 2545 198 2564; x_wconf 58' lang='grc' dir='ltr'>ἵ</span> <span class='ocrx_word' id='word_1_399' title='bbox 210 2546 241 2576; x_wconf 84' lang='lat' dir='ltr'>SB.</span> <span class='ocrx_word' id='word_1_400' title='bbox 249 2546 348 2585; x_wconf 79' lang='lat' dir='ltr'>principium.</span> <span class='ocrx_word' id='word_1_401' title='bbox 398 2544 404 2563; x_wconf 79' lang='lat'>⁸</span> <span class='ocrx_word' id='word_1_402' title='bbox 414 2546 432 2578; x_wconf 87' lang='lat' dir='ltr'>E.</span> <span class='ocrx_word' id='word_1_403' title='bbox 440 2547 517 2585; x_wconf 69' lang='lat' dir='ltr'>ducente,</span> <span class='ocrx_word' id='word_1_404' title='bbox 529 2547 560 2577; x_wconf 70' lang='grc' dir='ltr'>ΒΕ.</span> <span class='ocrx_word' id='word_1_405' title='bbox 569 2548 628 2578; x_wconf 83' lang='lat' dir='ltr'>ducens</span> <span class='ocrx_word' id='word_1_406' title='bbox 636 2552 651 2578; x_wconf 88' lang='lat' dir='ltr'>te</span> <span class='ocrx_word' id='word_1_407' title='bbox 658 2548 683 2578; x_wconf 82' lang='lat' dir='ltr'>ad.</span> 
     </span>
    </p>
   </div>
   <div class='ocr_carea' id='block_1_8' title="bbox 0 0 892 2803">
    <p class='ocr_par' dir='ltr' id='par_1_8' title="bbox 0 0 892 2803">
     <span class='ocr_line' id='line_1_45' title="bbox 0 0 892 2803; baseline 0 0"><span class='ocrx_word' id='word_1_408' title='bbox 0 0 892 2803; x_wconf 95' lang='lat' dir='ltr'> </span> 
     </span>
    </p>
   </div>
  </div>
 </body>
</html>
