1762 2803
91 100 94 105 ’
123 137 166 181 592
192 179 195 190 ,
388 120 512 182 euomuit
529 122 561 167 11.

122 247 149 280 sui
157 246 224 290 aliquae
236 246 375 289 quandoquidem
385 256 415 279 eos
423 245 452 288 qui
462 244 580 278 huiuscemodi
590 255 661 278 munere
672 243 731 278 donati
743 252 788 288 sunt,
796 260 824 282 ex.

122 298 183 330 tollant
190 296 269 329 catholici
277 302 334 338 patres
346 297 367 329 de
379 296 461 338 singulari
471 295 573 338 virginitatis
584 296 677 337 priuilegio,
686 295 763 329 dicentes
773 302 824 342 quod,

122 347 167 380 iusta
175 346 318 387 remuneracione,
326 346 381 379 eciam
389 347 417 379 hic
424 346 501 387 gaudent
508 352 565 389 preter
571 355 636 379 morem
644 346 666 378 de
674 346 730 378 carnis
738 346 824 393 incorrup.

123 396 171 429 eione
179 396 208 439 qui
216 406 255 428 eam
262 406 316 439 usque
323 396 346 428 ad
353 402 426 429 mortem
434 396 544 436 seruauerint,
552 406 587 428 non
595 396 632 429 sine
639 395 684 437 iugis
691 396 761 429 martirii
768 399 825 434 valida

105 446 250 490 5persecucione.
280 446 326 488 Quid
341 445 388 478 enim
403 445 458 478 maius
473 447 505 479 sub
520 445 591 479 caritate
605 445 698 479 christiane
713 446 758 486 fidei,
774 457 825 489 quam

123 495 194 540 adipisci
200 496 288 529 hominem
294 507 315 529 ex
320 495 378 538 gracia
386 496 432 540 quod
440 496 492 529 habet
499 496 570 539 angelus
578 506 599 528 ex
606 496 680 529 natura?
690 496 741 529 Vnde
749 496 825 533 diuinum

123 548 210 580 oraculum
216 547 264 589 quasi
270 546 584 589 singulariquodamdonorepromittit
590 546 826 589 quodvirginessequle]ntur

123 608 188 639 agnum
200 608 303 640 quocunque
314 598 357 631 ierit.
379 598 393 634 tl
403 598 550 632 Considerandum
561 597 613 638 igitur
624 597 662 639 quis
674 596 706 630 iste
714 596 764 630 fuerit
772 598 800 639 qui
808 600 825 633 in

123 645 171 689 regni
179 646 254 679 cuhnine
262 647 306 680 inter
312 652 338 680 tot
346 646 418 681 diuitias
426 653 443 681 et
450 648 499 681 luxus
510 647 563 681 seculi
573 646 690 688 semetipsum,
698 647 764 679 calcata
771 649 825 682 carnis

98 710 116 732 10
124 697 226 741 petulantia,
234 696 302 731 vincere
313 697 387 731 studuit:
399 698 446 741 quod
455 697 491 731 eius
499 697 574 731 ostendit
584 706 624 730 caro
634 696 772 739 incorruptibilis.
795 699 826 733 Cui

124 748 225 782 famulantes
232 754 311 790 satagant
319 748 342 781 illi
350 760 370 781 ea
380 749 448 790 placere
457 748 549 787 mundicia,
558 758 610 790 quam
620 747 635 780 ei
646 753 729 789 perpetuo
741 747 825 789 placuisse

124 799 234 832 manifestant
240 800 317 832 membra
324 799 430 841 incorrupta;
446 805 463 832 et
469 798 483 831 si
491 810 526 831 non
532 797 685 840 possuntvirgineo
690 797 731 829 flore
736 796 825 839 pudicicie,

125 851 186 883 saltem
201 855 269 891 experte
284 849 376 892 voluptatis
391 849 426 891 iugi
438 848 576 882 mortificacione.
600 847 686 889 Quoniam
700 846 714 880 si
727 846 756 879 illa
768 854 826 882 sancte

125 900 182 931 anime
194 899 283 931 inuisibilis
296 899 385 941 presencia
396 899 468 931 alicuius
482 898 605 931 lamulancium
620 897 704 939 spurcicia
719 897 825 929 offendatur:

99 956 116 987 15
125 949 220 981 timendum
227 954 253 981 est
261 949 307 990 quo'd
315 949 399 991 propheta
404 948 501 982 terribiliter
506 948 631 982 comminatur:
644 947 826 980 ‘Interrasanctorum

125 999 184 1042 iniqua
191 999 244 1041 gessit
251 1004 268 1032 et
276 998 314 1033 ideo
321 1010 355 1033 non
363 999 427 1033 videbit
434 999 506 1041 gloriam
514 997 589 1033 domini!
609 997 662 1032 Cuius
669 1002 733 1031 terrore
741 998 827 1032 sentencie

125 1050 203 1093 permoti,
214 1049 265 1082 huius
277 1050 331 1083 sancti
343 1049 387 1091 regis
399 1055 415 1083 et
427 1048 500 1083 martiris
513 1049 624 1090 imploremus
636 1047 754 1090 patrocinium,
766 1053 784 1080 vt
796 1058 826 1081 nos

125 1111 165 1134 cum
180 1100 212 1133 sibi
228 1100 279 1142 digne
293 1100 416 1134 famulantibus
431 1112 442 1133 a
456 1099 532 1142 peccatis
550 1097 632 1141 expiatos,
648 1098 671 1131 ad
687 1097 759 1139 gloriam
777 1097 827 1132 ducat

124 1149 251 1191 sempiternam.

168 1226 269 1266 QUALITER
281 1232 356 1260 CLERICI
368 1232 407 1259 DEO
419 1232 443 1257 ET
455 1232 527 1258 SANCTO
537 1225 640 1258 EDMUNDO
651 1231 758 1258 VOUERUNT
767 1230 789 1256 SE

381 1284 460 1309 DEUOTE
471 1283 575 1309 FAltlULARl.

607 1345 690 1378 Ranslato
697 1346 748 1378 beato
755 1344 828 1386 martire,

627 1401 645 1427 vt
656 1395 720 1428 dictum
732 1401 763 1435 est,
771 1395 788 1427 in
799 1405 828 1427 no-

126 1455 166 1477 uam
174 1444 263 1476 basilicam
274 1443 291 1476 in
303 1443 454 1477 Bedricesuuorthe
463 1452 590 1478 constructam:
602 1446 649 1478 locus
660 1445 705 1477 idem
715 1444 783 1477 abintus
792 1451 809 1477 et
818 1456 828 1477 a

126 1494 167 1529 ioris
176 1495 262 1528 nocturnis
273 1494 378 1537 temporibus
387 1494 488 1538 amplissimi
498 1495 556 1530 iubare
564 1496 633 1530 luminis
641 1496 700 1530 celitus
710 1496 828 1536 illustrabatur,

127 1551 144 1578 et
154 1544 241 1586 miracula,
249 1544 292 1578 sicut
300 1545 334 1578 iam
342 1545 421 1586 diximus,
429 1546 475 1578 nullo
485 1556 529 1588 pene
539 1552 615 1589 ternpore
623 1547 645 1580 ad
654 1546 691 1580 eius
699 1548 782 1581 tumulum
794 1556 828 1580 ces-

100 1604 118 1632 25
127 1596 194 1628 sabam.
215 1595 282 1636 Quibus
294 1596 317 1627 ad
328 1606 404 1627 amorem
414 1595 469 1628 sancti
480 1596 555 1629 martiris
565 1596 654 1629 Edmundi
666 1596 721 1639 plebis
733 1596 828 1636 multitudo,

128 1646 150 1677 de
168 1644 240 1677 diuersis
259 1644 351 1685 prouinciis
372 1645 472 1685 aduentans,
492 1645 596 1684 accenditur,
615 1646 674 1688 sicque
692 1646 740 1679 locus
759 1645 829 1678 diuersis

128 1693 203 1728 donariis
211 1699 227 1727 et
235 1694 353 1727 oblacionibus
364 1694 461 1727 adornatur.
484 1695 570 1738 Tempore
580 1695 630 1737 igitur
637 1695 682 1737 regis
691 1695 793 1735 Ethelstani,
801 1694 829 1738 qui

128 1743 173 1788 cepit
184 1754 257 1786 regnare
268 1744 371 1786 dccccxxv0,
383 1744 509 1787 perpendentes
521 1745 590 1788 quidam
602 1745 658 1779 clerici
671 1745 757 1780 martirem
772 1744 829 1788 magni

128 1805 166 1829 esse
179 1794 241 1835 meriti,
253 1795 285 1827 sub
297 1795 334 1828 eius
349 1794 443 1836 patrocinio
455 1795 488 1827 deo
500 1806 518 1828 se
532 1796 637 1829 deuouerunt
651 1802 732 1838 perpetuo
746 1795 830 1829 famulari.

101 1854 120 1883 30
129 1848 196 1879 Horum
204 1851 281 1888 quatuor,
290 1845 376 1879 Leofricus
384 1845 463 1878 videlicet
474 1850 491 1878 et
498 1845 577 1886 Alsricus,
587 1846 687 1885 Bomfildus,
695 1852 712 1880 et
723 1846 829 1885 Eilmundus‚

128 1896 220 1929 sacerdocii
232 1896 315 1936 dignitate
326 1895 450 1936 preminebant,
462 1896 495 1927 duo
503 1907 548 1934 vero,
557 1897 645 1929 Leosricus
656 1902 673 1928 et
685 1897 785 1936 Kenelmus,
793 1896 829 1928 dia-

128 1950 199 1980 conatus
212 1945 287 1978 officium
298 1945 450 1978 administrabant:
465 1945 526 1988 quibus
537 1947 559 1979 ob
572 1956 648 1979 amorem
660 1946 714 1980 sancti
725 1946 779 1979 multa
792 1951 830 1978 sunt

129 1997 190 2030 collata
199 1996 292 2038 beneficia3
304 1997 348 2029 inter
359 2007 393 2038 que
403 2007 432 2029 rex
443 1997 546 2030 Edmundus
558 1997 601 2030 filius
610 1997 655 2038 regis
666 1997 746 2030 Edwardi
755 1996 803 2039 primi
814 2001 830 2029 et

128 2047 225 2081 Ethelstani
233 2046 278 2087 regis
285 2047 338 2079 frater
344 2052 361 2078 et
369 2046 434 2088 Edgari
442 2046 487 2088 regis
495 2054 544 2089 pater
551 2047 598 2080 dedit
609 2054 668 2080 sancto
677 2048 770 2080 Edmundo
777 2053 830 2080 totam

102 2104 121 2133 35
129 2097 186 2130 villam
194 2097 216 2128 de
227 2096 385 2136 Bedricesuuorthe‚
393 2107 433 2128 cum
444 2102 492 2128 carta
503 2098 527 2129 sic
539 2097 642 2138 incipiente:
654 2097 747 2138 ‘Quamuis
753 2096 831 2136 decreta:

129 2153 167 2186 etc,
175 2156 220 2178 anno
231 2146 296 2178 domini
308 2146 398 2186 dccccxlv,
410 2152 427 2179 et
438 2147 521 2180 minorem
531 2147 623 2180 Fornham.
647 2149 688 2180 Post
699 2158 764 2190 paucos
775 2153 831 2180 autem

130 2206 184 2229 annos
189 2195 296 2239 multiplicati
305 2202 344 2228 sunt
349 2195 405 2229 clerici
414 2196 431 2228 in
439 2197 500 2229 eadem
505 2196 579 2229 ecclesia
584 2198 665 2240 vsquead
672 2208 762 2230 numerum
769 2197 801 2238 xix,
808 2196 831 2228 ita

130 2247 177 2291 quod
188 2247 206 2279 in
217 2248 278 2279 eadem
289 2248 362 2280 ecclesia
372 2248 439 2280 inerunt
451 2247 485 2290 xiiij
497 2247 592 2291 presbiteri,
601 2255 618 2281 et
626 2248 700 2291 quinque
712 2248 786 2289 diaconi,
794 2258 831 2290 pre-

131 2297 196 2331 bendas
211 2308 250 2329 suas
262 2298 345 2331 habentes
357 2303 374 2330 et
388 2299 409 2331 de
422 2297 538 2331 oblacionibus
552 2298 610 2340 populi
623 2298 704 2333 videntes.
728 2300 775 2332 lnter
790 2306 831 2341 quas

103 2357 123 2385 40
132 2346 201 2389 quidem
212 2347 309 2388 prebendas
320 2353 337 2379 et
348 2347 447 2380 oblaciones
455 2359 489 2379 vna
500 2348 558 2388 porcio
568 2347 591 2379 ad
603 2348 702 2389 episcopum
710 2348 804 2390 pertinebat
815 2351 832 2378 et

131 2395 204 2431 fideliter
215 2396 229 2429 ei
242 2397 346 2430 seruabatur.
368 2397 396 2429 Ex
407 2397 448 2439 ipsis
460 2403 517 2430 autern
528 2396 594 2430 clericis
602 2409 645 2430 unus
653 2399 747 2431 vocabatur
754 2396 832 2435 Adulfus,

131 2454 148 2482 et
159 2453 220 2491 postea
230 2448 318 2480 dioceseus
330 2447 420 2490 episcopus
432 2448 492 2488 tactus,
502 2449 559 2481 locum
570 2448 626 2491 ipsum
635 2448 685 2481 dictis
697 2455 714 2482 et
723 2448 773 2481 sactis
780 2448 831 2479 vehe-

131 2504 197 2531 menter
204 2498 312 2530 honestabat.

208 2557 214 2574 ¹
224 2559 248 2588 Cf,
256 2557 289 2589 MS,
298 2558 333 2588 Tib.
342 2558 353 2587 ll
361 2558 378 2587 II
385 2557 412 2590 sol.
421 2567 449 2596 ης
460 2557 490 2587 aud
496 2558 571 2598 Sampson
579 2558 594 2588 in
602 2559 634 2590 Tit.
641 2559 656 2589 A
663 2558 704 2589 VIII
712 2559 721 2589 s.
729 2560 753 2597 83.

99 1366 118 1386 ²⁰
137 1371 558 1415 alamannusarchidiaconnsArsasrz'eprscapit
