1762 2803
121 111 165 196 338
251 197 253 201 ,
309 137 389 192 mooe
404 135 521 199 tremos
536 135 629 200 enata

121 260 204 295 subditos
212 269 250 293 non
258 259 324 303 spoliat
331 270 366 303 per
373 258 471 292 auariciam
479 269 514 293 nec
522 259 584 299 calcat,
591 257 649 302 pascit
657 267 732 301 egenos,
739 256 823 291 infirmos

121 312 188 355 uisitare,
202 321 302 355 oppressos
314 311 430 346 consolatur:
448 321 490 346 cum
504 311 588 356 superbis
600 310 712 354 increpando
725 309 824 350 contendit,

121 366 217 401 adulantes
229 363 314 408 corripit;
331 364 354 399 ad
368 374 470 409 pauperem
484 368 502 399 et
514 364 608 399 infirmum
621 373 658 398 uox
674 363 714 397 eius
729 361 791 396 suauis
805 367 824 395 et

123 420 186 463 dulcis,
197 419 220 453 ad
232 418 343 452 obstinatum
354 428 421 462 aspera
432 423 450 452 et
461 423 517 453 acuta.
541 417 627 452 infirmos
638 422 657 451 et
668 416 738 451 debiles
749 416 824 460 langore

105 483 113 513 5
122 478 224 507 contractos
231 471 251 505 in
256 470 333 515 tuguriis
342 470 380 505 suis
388 471 509 516 personaliter
514 471 587 506 uisitare
594 469 668 505 curauit.
687 462 824 507 Cuidamenim

123 525 210 567 magistro
221 523 282 566 egenti
294 529 401 567 argenteam
413 535 479 568 cupam
492 526 597 558 deauratam
610 524 657 558 clam
670 523 756 557 contulit:
773 522 824 556 ‘Hoc

122 577 180 611 donec
191 575 286 619 redimam,
294 574 358 621 inquit,
366 586 400 620 pro
409 575 486 620 pignore
495 586 543 619 pone
550 576 563 610 :’
571 575 634 619 sicque
642 575 754 619 paupertatis
762 575 824 607 clauso

121 630 198 673 pudore,
213 628 275 673 fugata
290 629 353 674 inopia
367 629 420 674 erigit
435 629 543 663 desolatum.
572 626 651 663 Camisia
669 632 688 662 et
705 626 824 662 femoralibus

122 683 206 717 utebatur
213 681 298 725 cilicinis3
308 688 326 717 et
334 693 357 717 ex
364 683 413 717 corio
419 682 479 727 spisso
486 681 554 716 bouino
558 682 588 716 uel
593 681 660 726 equino
665 679 765 716 latitudinis
770 680 825 714 trium

95 750 114 771 ro
122 736 225 780 digitorum,
241 735 314 770 laminis
329 736 394 771 ferreis
411 735 551 780 triangularibus
568 745 602 779 per
618 741 745 769 transuersum
764 733 823 774 affixo,

122 789 206 833 cingulo¹
217 790 252 823 sub
264 789 322 823 cilicio
336 801 356 823 se
368 790 428 831 cinxit,
441 800 476 833 que
490 788 564 833 quidem
577 788 646 823 lamine
658 787 689 823 tali
701 792 740 823 arte
753 787 825 821 fuerant

122 841 170 876 facte
177 846 197 876 ut
205 851 249 885 pars
258 852 295 876 una
302 842 368 876 ceteris
374 842 510 886 preminencior
515 846 533 874 et
540 841 612 875 acucior
620 840 670 875 carni
677 851 743 884 pressa
750 850 825 874 carnem

122 895 234 938 confoderet,
247 899 265 928 et
279 894 367 929 lateribus
382 894 474 939 applicata
488 894 545 929 latera
559 894 641 929 laniaret.
668 892 718 928 Fecit
734 892 824 938 siquidem

123 953 172 983 rotas
180 958 213 982 seu
221 948 305 992 sperulas
313 949 336 981 de
344 948 393 981 buxo
402 948 472 991 ligneas
480 953 499 982 et
506 947 581 991 ferreas
590 948 660 991 spissas
668 957 734 982 uersus
742 952 825 982 centrum

92 1015 114 1045 ‚15
123 1007 141 1036 et
150 1012 184 1046 per
195 1011 260 1035 omnes
270 1000 419 1035 circumferencie
429 1005 492 1044 partes
503 1005 574 1042 tenues,
583 1002 616 1035 sed
627 1000 691 1035 ordine
702 1001 789 1040 dentatas,
801 998 825 1033 ita

122 1056 171 1097 quod
182 1054 201 1088 in
212 1054 292 1096 qualibet
302 1054 378 1097 sperula
388 1059 439 1088 erant
450 1054 506 1089 multe
515 1055 601 1098 cuspides
609 1059 705 1098 peracute;
717 1054 736 1088 in
748 1063 825 1098 quarum

123 1106 181 1140 eciam
189 1098 252 1139 centro
260 1105 307 1139 facto
314 1105 404 1140 foramine
413 1111 431 1140 et
439 1106 513 1139 cordula
523 1117 557 1150 per
567 1107 649 1140 medium
659 1107 769 1147 intromissa,
777 1107 825 1139 nodo

122 1157 826 1204 quodaminterquaslibetduassperulasinterposito,einctosubcilicionudo

123 1212 206 1258 eorporis
219 1212 280 1246 medio
293 1212 353 1246 carnis
366 1211 450 1247 stimulos
463 1210 541 1247 stimulis
553 1212 636 1257 urgendo
647 1217 740 1258 perurget.
767 1212 826 1246 lnter-

96 1281 115 1302 ao
124 1266 168 1300 dum
173 1276 246 1310 quoque
250 1265 330 1299 tunicam
338 1265 418 1300 ferream
423 1265 488 1300 adiecit
494 1276 596 1300 onerosam.
630 1259 681 1302 Cum
687 1266 789 1310 piscatores
795 1266 825 1300 diu

123 1318 222 1352 laborando
230 1318 286 1351 nichil
294 1317 436 1360 prendidissent,
442 1319 465 1352 ad
473 1320 513 1353 eius
522 1318 670 1353 benediccionem
680 1324 757 1363 quatuor
765 1318 826 1363 pisces

123 1380 200 1415 magnos
212 1376 230 1404 et
241 1371 341 1415 speciosos,
352 1370 454 1404 cuiusmodi
465 1370 538 1414 generis
550 1382 643 1415 nunquam
654 1371 750 1414 uidissent,
758 1381 827 1414 sagena

123 1424 258 1459 concluserunt.
303 1416 354 1459 Cum
364 1424 414 1458 enim
423 1423 496 1468 nauigio
507 1435 558 1458 mare
568 1425 659 1466 transiret,
667 1428 707 1458 orta
717 1428 826 1467 tempestate

123 1476 239 1522 grauissima,
245 1476 291 1511 fusis
297 1478 380 1512 addeum
387 1477 473 1521 precibus
479 1482 497 1511 et
502 1477 634 1512 benediccione
639 1478 685 1512 mari
690 1483 779 1522 porrecta,
785 1488 826 1522 pro-

97 1544 116 1575 25
124 1531 170 1565 cella
180 1531 199 1564 in
209 1529 363 1574 tranquillitatem,
372 1535 391 1564 et
397 1531 517 1575 intemperies
525 1531 545 1564 in
553 1541 615 1566 aerem
623 1531 734 1565 luminosum
742 1537 826 1566 mutatur.

126 1576 150 1618 In
158 1582 287 1626 purificacione
297 1582 350 1616 beate
361 1582 419 1616 Marie
429 1583 515 1617 extinctis
526 1583 545 1616 in
554 1584 673 1626 processione
682 1583 743 1618 subito
754 1584 827 1619 turbine

125 1636 195 1671 cunctis
203 1634 267 1676 cereis,
275 1634 333 1669 sancti
343 1635 423 1680 presulis
433 1646 502 1679 cereus,
511 1635 554 1669 noui
563 1634 638 1670 luminis
649 1635 691 1679 igne
702 1646 795 1679 accensus
803 1638 826 1672 ab

125 1688 210 1724 omnibus
227 1687 302 1722 rutilare
320 1681 508 1732 uidetur-Poeno]
531 1689 618 1732 [cui]dam
637 1688 764 1733 contract[0]²,
783 1695 827 1734 potu

125 1742 186 1778 eidem
197 1741 216 1776 in
228 1741 282 1786 cipho
292 1741 341 1776 beati
352 1741 445 1776 Edmundi
455 1747 546 1787 porrecto,
555 1742 594 1777 sola
601 1742 732 1777 benediccione
740 1753 826 1788 gressum

98 1806 117 1835 30
125 1795 203 1830 solidum
212 1800 230 1829 et
238 1795 335 1838 pristinam
346 1795 443 1830 sanitatem
451 1796 535 1830 reddidit.
557 1795 605 1830 Aliis
614 1797 685 1831 duobus
693 1796 734 1830 uisu
745 1796 827 1841 priuatis,

125 1849 178 1891 signo
186 1847 245 1881 crucis
252 1857 309 1890 super
316 1848 378 1882 oculos
386 1848 482 1891 impresso,
491 1848 584 1882 oculorum
594 1849 652 1883 aciem
662 1854 681 1884 et
690 1850 764 1884 luminis
775 1850 827 1885 clari-

124 1905 181 1936 tatem
192 1899 275 1934 restituit.
299 1899 351 1934 Multi
362 1899 381 1934 in
389 1899 429 1935 eius
437 1905 494 1935 stratu
503 1900 621 1945 dormientes,
627 1912 638 1936 a
645 1902 723 1936 febrium
731 1903 827 1937 ardoribus

125 1953 201 1997 liberati,
209 1953 281 1997 gracias
289 1954 323 1988 deo
332 1959 350 1988 et
358 1964 413 1988 seruo
421 1953 461 1988 eius
469 1954 603 1989 exsolueruntl.

413 2039 428 2075 t
438 2037 523 2073 Narratio
527 2038 539 2072 ⁴.

148 2088 232 2140 Quidam
243 2095 276 2138 vir,
288 2097 390 2130 secundum
403 2096 478 2139 Bedam,
490 2097 509 2130 in
520 2097 566 2131 laico
578 2096 640 2132 habitu
651 2102 670 2131 et
682 2097 742 2132 officio
754 2099 827 2134 militari

98 2157 117 2187 35
126 2147 202 2191 positus,
214 2152 302 2191 quantum
317 2158 351 2192 pro
366 2147 455 2183 industria
471 2149 594 2183 exteriorum⁵
606 2150 645 2193 regi
658 2150 768 2185 Merciorum
781 2152 828 2187 Con-

126 2201 171 2234 redo
186 2200 267 2243 placens,
283 2205 353 2234 tantum
364 2212 397 2245 pro
407 2202 481 2237 interna
495 2202 524 2236 sui
539 2201 650 2246 negligentia
668 2203 768 2248 displicens
784 2211 828 2241 erat.

126 2253 260 2288 Ammonebat⁵
270 2254 321 2288 illum
332 2254 396 2288 sedulo
403 2260 423 2290 vt
430 2255 548 2289 confiteretur
555 2260 573 2289 et
585 2254 696 2300 relinqueret
708 2257 778 2293 scelera
789 2268 828 2301 sua,

147 2323 152 2341 ¹
159 2323 178 2352 T.
185 2322 251 2360 singulo.
311 2323 342 2353 2T,
350 2324 418 2354 Puerum
426 2347 429 2354 .
438 2347 441 2355 .
449 2327 551 2355 contractum.

147 2362 200 2393 ⁹Coll.
207 2363 223 2391 iu
229 2363 246 2393 T.
254 2372 258 2392 t
268 2357 308 2393 Aue
315 2364 382 2393 coheres
389 2365 463 2400 celorum,
472 2373 503 2393 aue
513 2364 580 2394 Ricarde
590 2365 617 2394 lux
627 2367 729 2404 angelorum:
739 2367 783 2397 salue
790 2367 828 2398 cleri

126 2412 187 2440 norma,
195 2412 217 2430 ex
227 2412 258 2438 quo
268 2403 310 2432 uiret
319 2403 351 2432 uite
361 2404 419 2438 sorma;
430 2404 481 2440 gaude
491 2404 565 2441 gloriose,
575 2405 617 2434 inter
626 2410 690 2436 sanctos
700 2407 781 2445 speciose;
792 2408 828 2437 uate

126 2451 166 2471 uoce
173 2450 237 2477 canora,
246 2446 262 2469 et
269 2442 323 2470 celesti
331 2443 373 2471 dono
381 2452 410 2471 nos
419 2451 482 2480 semper
489 2444 543 2473 irrora.
563 2444 582 2475 V.
591 2445 623 2474 Ora
630 2455 658 2482 pro
666 2447 717 2476 nobis.
746 2441 794 2477 Deus
802 2448 828 2484 qui

127 2482 210 2511 ecclesiam
218 2482 267 2519 (tuam
275 2481 334 2510 meritis
341 2481 363 2519 b.)
372 2481 436 2511 Ricardi
443 2482 539 2512 confessoris
547 2483 569 2512 tui
577 2487 624 2521 atquc
632 2485 710 2521 pontificis
718 2485 775 2523 (fecisti
783 2487 828 2516 mira·

127 2523 174 2559 culis)
181 2522 275 2550 choruscare
287 2520 363 2558 gloriosis,
374 2522 444 2551 concede
454 2523 491 2560 (nos
500 2522 567 2553 famulos
576 2523 618 2562 tuos)
629 2524 679 2562 ipsius
687 2525 801 2556 intercessione
808 2526 828 2556 ad

127 2560 190 2599 etcrnle
197 2561 287 2591 beatudinis
293 2561 367 2599 glolriam
374 2562 464 2601 peruenire,
471 2571 500 2600 per
508 2562 533 2601 (cs.
542 2562 581 2594 Bell.
589 2573 604 2602 p.
613 2567 647 2601 ²7⁶·
655 2566 697 2602 313l.

147 2602 152 2620 ¹
163 2602 188 2634 Ex
196 2602 245 2641 Beda,
251 2601 271 2632 H.
277 2602 295 2632 E.
302 2602 321 2634 V.
332 2612 354 2641 13.
404 2603 410 2621 ⁵
421 2602 460 2634 Bcd.
469 2603 548 2634 exteriori.
598 2603 604 2622 ⁶
615 2604 632 2635 E.
640 2603 749 2637 Ammouebat.
