1762 2803
255 125 315 185 D?
329 123 429 178 banuo
444 124 552 187 {pirano
718 139 760 182 321

57 245 97 288 deo,
113 252 131 281 et
142 246 224 293 preuidit
236 248 285 291 quod
298 248 317 281 in
331 257 354 281 eo
367 248 407 281 loco
420 246 480 281 honor
493 245 596 281 sanctitatis
608 249 640 280 tue
656 244 762 280 hominibus

57 300 171 344 declaretur3
193 301 222 335 ¹in
235 300 330 335 Britannia
346 305 409 334 tamen
425 300 499 334 demum
515 299 633 344 perueniens,
648 298 720 343 vsque'
738 298 761 332 ad

57 353 114 387 finem
121 354 159 389 vite
171 360 202 389 tue
213 356 249 389 deo
260 355 345 389 seruiens
357 354 460 389 communis
471 353 612 388 resurrectionis
623 358 642 387 et
649 352 686 387 vite
698 357 763 387 eterne

57 406 189 442 beatitudinem
201 406 308 452 expectabis
314 408 330 442 ζ’
354 407 387 442 Cui
400 407 478 441 Piranus
486 406 579 441 humiliter
587 405 694 451 respondit:
706 405 762 439 ‘For-

57 459 106 494 sitan
111 460 172 494 locum
178 461 230 495 illum
237 460 282 495 mihi
290 460 372 504 ignotum
379 471 416 494 non
422 459 527 494 inueniam?
546 459 636 493 Patricius
642 459 677 493 ait:
687 458 762 501 ‘Perge
771 469 780 500 5

58 512 89 554 iili,
102 522 185 554 securus,
196 513 282 547 dominus
293 517 355 546 tecum
367 512 408 554 erit,
419 517 437 546 et
448 512 468 547 in
481 521 599 556 quocumque
611 511 652 545 loco
664 510 762 545 cimbalum

58 568 109 599 tuum
124 570 192 610 sponte
207 565 295 608 sonuerit,
308 565 349 600 sine
364 564 414 600 omni
429 564 523 600 dubietate
538 563 570 599 tibi
586 563 646 598 locum
662 562 762 598 constitue!

58 616 142 654 Veniens
159 630 204 664 ergo
216 619 235 654 in
248 619 357 654 Hiberniam
369 619 452 662 Piranus,
469 624 487 653 ct
500 620 551 653 iuxta
567 618 670 662 predictum
687 617 763 658 ssumen,

58 671 157 706 cimbalum
175 683 234 715 suum,
250 672 338 708 nemine³
352 677 445 716 tangente,
460 672 530 706 clarum
545 682 611 706 sonum
627 671 683 706 dedit.
709 671 763 715 Aper

59 735 108 767 vero,
116 726 188 768 vulpes,
196 730 256 766 taxus,
264 726 324 769 lupus,
332 731 350 758 et
358 736 413 759 cerua
420 736 461 759 cum
470 724 547 759 hinnulo
557 724 574 757 ei
586 724 679 758 humiliter
688 724 763 757 venien·
774 735 792 756 :o

59 783 88 810 tes
100 777 208 811 obedienter
219 778 329 813 seruierunt.
352 778 436 821 Quadam
448 782 509 812 autem
522 777 552 812 die
563 777 629 820 vulpes
641 775 691 811 beati
701 775 762 810 Pirani

60 830 130 864 ficones
141 830 200 864 furata
211 836 244 871 est,
256 836 274 865 et
286 831 351 867 volens
363 831 460 866 comedere
475 831 498 865 ad
512 840 567 865 suurn
581 829 679 874 pristinum
692 828 763 863 habita-

59 883 121 918 culum
130 894 194 919 secum
204 884 313 929 deportauit.
335 885 388 919 Tunc
396 885 475 919 Piranus
484 889 572 919 taxonem
582 884 601 917 in
613 883 670 917 siluas
681 882 737 923 misit,
744 888 763 918 vt

59 937 134 980 vulpem
142 948 183 971 cum
191 936 281 972 ficonibus
289 943 381 982 quereret.
404 937 439 980 Qui
448 947 528 982 pergens
538 936 561 971 ad
569 935 663 970 latibulum
671 936 737 980 vulpis,
745 941 764 970 et

60 999 102 1023 eum
114 989 216 1032 inueniens,
227 1001 282 1025 aures
293 991 333 1025 eius
345 996 363 1025 et
375 991 451 1025 caudam
463 989 548 1024 dentibus
560 989 676 1024 detruncauit
687 994 705 1023 et
716 989 764 1034 pilos
774 1000 791 1031 ¹5

59 1041 100 1075 eius
114 1043 204 1077 violenter
219 1043 304 1078 detraxit.
326 1043 378 1077 Tunc
393 1043 465 1088 vulpes,
478 1053 559 1088 sequens
573 1048 642 1086 taxum,
655 1053 697 1076 curn
712 1044 763 1078 sanis

60 1095 150 1130 ticonibns
158 1097 181 1130 ad
189 1103 272 1131 sanctum
281 1097 368 1131 Piranum
376 1097 422 1131 hora
430 1107 479 1131 nona
484 1096 535 1131 venit
543 1108 547 1131 :
559 1096 588 1130 cui
596 1101 614 1130 et
622 1095 678 1131 dixit:
691 1096 762 1139 ‘Quare

60 1153 131 1183 tantum
145 1150 215 1184 malum
230 1149 294 1192 iecisti,
309 1150 406 1195 penuriam
422 1161 465 1186 esce
481 1155 499 1185 et
516 1155 571 1194 potus
590 1160 627 1185 non
646 1148 762 1185 sustinenst'

60 1202 131 1246 Vulpes
137 1214 181 1236 vero
189 1203 309 1246 penitentiam
317 1214 374 1246 agens
382 1203 441 1236 tribus
449 1203 514 1236 diebus
522 1202 613 1236 ieiunauit.
646 1195 762 1246 *Postquam

61 1259 123 1288 autem
136 1265 170 1298 per
182 1255 325 1298 predicationem
339 1256 397 1289 sancti
409 1254 470 1289 Pirani
484 1254 566 1298 episcopi
579 1254 626 1288 fides
639 1253 658 1287 in
672 1254 792 1288 Hiberniam

61 1305 156 1347 creuisset,
164 1308 250 1351 exemplo
260 1307 299 1341 eius
310 1307 362 1341 multi
372 1307 391 1340 in
402 1317 483 1341 amorem
491 1305 521 1340 dei
532 1304 610 1348 accensi,
617 1307 673 1341 vitam
684 1305 763 1341 heremi·

60 1358 116 1392 ticam
128 1360 216 1393 ducentes
228 1360 289 1393 omnia
303 1361 396 1393 mundana
408 1361 463 1394 deum
476 1360 572 1403 sequendo
583 1359 704 1403 reliquerunt,
715 1359 764 1393 inter

60 1422 107 1455 quos
119 1417 158 1446 erat
169 1411 243 1456 quidam
254 1412 330 1447 nomine
338 1412 454 1455 Brendanus,
461 1412 493 1457 qui
504 1423 542 1446 non
552 1412 617 1457 procul
628 1410 718 1447 a'Pirano
729 1412 764 1447 sibi

62 1465 122 1500 locum
131 1466 230 1500 constituit.
253 1466 322 1501 Habuit
330 1472 391 1501 autem
399 1476 473 1501 vaccam
481 1476 542 1508 unam,
551 1476 606 1510 quarn
614 1466 707 1510 prefectus
715 1466 764 1510 regis

63 1518 196 1562 Laginensium
208 1519 278 1553 iuratus
288 1525 317 1553 est
328 1525 346 1552 et
357 1530 399 1553 cum
411 1520 433 1553 ad
445 1525 526 1553 montem
538 1519 631 1562 quendam
643 1520 764 1561 peruenisset,
774 1531 792 1560 ²⁵

62 1571 119 1614 caligo
127 1575 145 1605 et
155 1571 232 1606 tenebre
243 1570 404 1606 circumdederunt
412 1581 455 1605 eum
463 1575 481 1605 vt
492 1576 579 1615 tanquam
587 1581 641 1605 cecus
648 1570 693 1605 nihil
700 1570 764 1606 videre

61 1629 131 1667 posset,
146 1629 164 1657 et
179 1624 214 1658 huc
230 1629 285 1669 atque
300 1625 343 1659 illuc
359 1625 448 1659 oberrans
463 1624 482 1658 in
497 1625 590 1669 quendam
605 1623 681 1658 fluuium
696 1626 765 1660 cadens

61 1677 192 1721 submergitur,
203 1683 221 1711 et
232 1688 287 1713 vacca
298 1679 321 1712 ad
333 1683 417 1713 sanctum
428 1678 516 1712 Piranum
526 1678 629 1712 reuertitur.
651 1677 711 1720 Quam
723 1687 765 1713 cum

62 1730 162 1765 Brendano
173 1731 218 1764 dare
226 1731 286 1774 vellet,
295 1736 314 1765 et
325 1730 356 1765 ille
367 1742 408 1765 earn
420 1731 504 1775 accipere
515 1731 577 1772 nollet,
585 1731 627 1775 quia
638 1741 732 1775 nunquam
743 1742 765 1766 se

61 1793 135 1815 uaccam
151 1782 255 1817 habiturum
270 1785 388 1826 decreuerat3
405 1784 491 1827 cogitauit
506 1784 585 1817 Piranus
599 1783 677 1826 qualiter
691 1784 765 1818 efficere
774 1791 794 1821 30

62 1839 126 1879 posset
137 1839 157 1869 vt
169 1846 243 1869 vaccam
257 1835 307 1870 illam
321 1835 431 1870 Brendanus
446 1836 542 1881 acciperet.
565 1836 588 1870 Et
603 1836 688 1870 simulato
700 1837 765 1871 morbo

62 1888 142 1932 quesiuit
149 1888 241 1923 modicum
249 1889 302 1923 lactis
310 1900 320 1923 a
329 1888 428 1924 Brendano
436 1889 471 1924 sibi
479 1889 523 1924 dari.
546 1889 656 1924 Brendanus
664 1894 725 1923 autem
731 1900 765 1924 vas

62 1941 138 1985 plenum
152 1952 199 1986 aqua
214 1941 315 1985 benedixit,
326 1953 363 1986 que
375 1942 438 1977 statim
449 1953 504 1978 versa
517 1948 546 1977 est
559 1942 578 1976 in
594 1942 621 1977 lac
634 1953 703 1977 nouum
712 1943 765 1988 quasi

63 1996 136 2030 nouiter
147 1996 233 2030 mulsum.
262 1996 315 2039 Quod
328 1995 405 2031 Piranus
417 1996 509 2041 accipiens
521 1995 626 2031 benedixit:
638 1996 686 2031 etin
698 2007 764 2042 aquam

62 2048 129 2084 iterum
144 2060 241 2084 reuersum
258 2055 291 2084 est.
314 2050 355 2092 Quo
372 2050 440 2091 audito,
451 2050 561 2084 Brendanus
572 2060 646 2084 vaccam
661 2050 740 2085 libenter
755 2059 793 2090 aas

64 2102 132 2134 Pirano
140 2102 215 2144 accepit.
238 2102 271 2134 Cui
280 2103 358 2135 Piranus
365 2102 433 2146 gratias
440 2112 499 2146 agens
509 2113 543 2145 pro
553 2107 628 2145 accepto
636 2112 647 2135 a
654 2112 675 2135 se
683 2112 766 2145 munere,

63 2152 98 2189 ait:
112 2153 171 2188 ‘Vere
182 2153 214 2188 tibi
226 2154 266 2189 dico
278 2154 321 2199 quia
333 2154 413 2199 quolibet
425 2165 474 2189 anno
481 2165 539 2199 vsque
550 2154 570 2189 in
581 2155 639 2189 finem
650 2155 708 2190 seculi
717 2156 767 2191 dabit

63 2207 109 2242 deus
122 2206 162 2242 loco
175 2213 206 2242 tuo
218 2219 292 2243 vaccam
305 2219 360 2243 vnam
374 2219 416 2243 cum
431 2207 509 2243 vitulo‘.¹
553 2200 618 2244 ⁵Cum
629 2208 680 2243 enim
692 2215 767 2244 sanetus

64 2260 160 2295 Geranus⁶
169 2262 241 2295 cuidam
252 2263 292 2306 regi
303 2262 375 2296 tiranno
383 2268 401 2296 et
412 2261 482 2296 infideli
494 2262 579 2297 seruiens
590 2273 624 2297 nec
634 2263 710 2297 haberet
718 2264 767 2308 quod

63 2314 177 2357 pauperibus
188 2320 288 2358 errogaret,
295 2314 372 2358 largitus
383 2320 411 2349 est
421 2315 449 2349 eis
459 2314 572 2349 concauum⁷
583 2315 639 2359 regis,
647 2316 766 2358 quamobrem
776 2327 796 2357 40

62 2365 121 2399 iratus
133 2377 166 2399 rex
178 2366 197 2399 in
209 2377 302 2401 carcerem
314 2377 356 2401 eum
368 2367 428 2409 misit:
440 2373 459 2401 et
470 2372 535 2411 postea
543 2366 560 2402 ei
568 2368 624 2403 dixit:
637 2368 667 2402 ‘Si
678 2368 707 2403 vis
717 2373 737 2402 it
749 2374 768 2403 te

63 2418 142 2454 liberum
150 2418 246 2461 dimittam,
252 2431 310 2464 quere
317 2419 362 2454 mihi
373 2427 446 2466 septem
453 2431 519 2457 vaccas
530 2421 570 2456 sine
579 2421 672 2465 cornibus,
680 2422 768 2468 hispidas,

83 2502 191 2541 ¹-ta1.c0tg.
238 2503 273 2535 ²E⁴
281 2508 319 2536 etv.
369 2504 481 2536 ’Rnomine
532 2505 673 2545 ¹·⁴omrinColg.
726 2508 766 2539 ’Cl

64 2543 127 2613 §griffi
133 2553 167 2582 cap.
175 2554 200 2583 33.
249 2542 311 2583 teotg.
320 2544 336 2576 S.
346 2544 426 2576 Kieranus
434 2545 571 2577 abbasdeCluain
579 2545 657 2577 illic-nois.
707 2546 768 2586 ¹Cotg.

86 2641 127 2666 VOL.
136 2642 155 2666 11.
412 2643 425 2668 Y
