<?xml version="1.0" encoding="UTF-8"?>
<!DOCTYPE html PUBLIC "-//W3C//DTD XHTML 1.0 Transitional//EN"
    "http://www.w3.org/TR/xhtml1/DTD/xhtml1-transitional.dtd">
<html xmlns="http://www.w3.org/1999/xhtml" xml:lang="en" lang="en">
 <head>
  <title>
</title>
<meta http-equiv="Content-Type" content="text/html;charset=utf-8" />
  <meta name='ocr-system' content='tesseract 3.04.00' />
  <meta name='ocr-capabilities' content='ocr_page ocr_carea ocr_par ocr_line ocrx_word'/>
</head>
<body>
  <div class='ocr_page' id='page_1' title='image "./MN5111ucmf_0/MN5111ucmf_0_1126.png"; bbox 0 0 1762 2803; ppageno 0'>
   <div class='ocr_carea' id='block_1_1' title="bbox 82 107 648 170">
    <p class='ocr_par' dir='ltr' id='par_1_1' title="bbox 82 107 648 170">
     <span class='ocr_line' id='line_1_1' title="bbox 82 107 648 170; baseline -0.012 -4"><span class='ocrx_word' id='word_1_1' title='bbox 82 147 84 153; x_wconf 29' lang='lat' dir='ltr'>r</span> <span class='ocrx_word' id='word_1_2' title='bbox 137 120 181 165; x_wconf 81' lang='lat'>510</span> <span class='ocrx_word' id='word_1_3' title='bbox 326 109 406 162; x_wconf 72' lang='lat' dir='ltr'>munt</span> <span class='ocrx_word' id='word_1_4' title='bbox 422 107 539 170; x_wconf 70' lang='lat' dir='ltr'>tantona</span> <span class='ocrx_word' id='word_1_5' title='bbox 555 107 648 170; x_wconf 68' lang='lat' dir='ltr'>antlia</span> 
     </span>
    </p>
   </div>
   <div class='ocr_carea' id='block_1_2' title="bbox 120 222 838 542">
    <p class='ocr_par' dir='ltr' id='par_1_2' title="bbox 136 222 838 435">
     <span class='ocr_line' id='line_1_2' title="bbox 136 222 837 275; baseline 0.007 -12"><span class='ocrx_word' id='word_1_6' title='bbox 136 222 206 264; x_wconf 86' lang='lat' dir='ltr'>scelera</span> <span class='ocrx_word' id='word_1_7' title='bbox 221 240 254 264; x_wconf 87' lang='lat' dir='ltr'>sua</span> <span class='ocrx_word' id='word_1_8' title='bbox 269 228 341 263; x_wconf 88' lang='lat' dir='ltr'>infensa</span> <span class='ocrx_word' id='word_1_9' title='bbox 356 229 419 271; x_wconf 88' lang='lat' dir='ltr'>fuerat,</span> <span class='ocrx_word' id='word_1_10' title='bbox 435 229 483 264; x_wconf 90' lang='lat' dir='ltr'>inter</span> <span class='ocrx_word' id='word_1_11' title='bbox 497 235 569 266; x_wconf 86' lang='lat' dir='ltr'>ceteros</span> <span class='ocrx_word' id='word_1_12' title='bbox 584 240 650 265; x_wconf 86' lang='lat' dir='ltr'>manus</span> <span class='ocrx_word' id='word_1_13' title='bbox 665 229 732 264; x_wconf 87' lang='lat' dir='ltr'>feretro</span> <span class='ocrx_word' id='word_1_14' title='bbox 749 232 837 275; x_wconf 84' lang='lat' dir='ltr'>apposuit.</span> 
     </span>
     <span class='ocr_line' id='line_1_3' title="bbox 137 283 838 329; baseline 0.009 -12"><span class='ocrx_word' id='word_1_15' title='bbox 137 283 190 326; x_wconf 81' lang='lat' dir='ltr'>Quod</span> <span class='ocrx_word' id='word_1_16' title='bbox 199 295 242 317; x_wconf 81' lang='lat' dir='ltr'>mox</span> <span class='ocrx_word' id='word_1_17' title='bbox 250 289 299 318; x_wconf 88' lang='lat' dir='ltr'>tanto</span> <span class='ocrx_word' id='word_1_18' title='bbox 311 284 411 318; x_wconf 85' lang='lat' dir='ltr'>radicatum</span> <span class='ocrx_word' id='word_1_19' title='bbox 423 289 451 319; x_wconf 86' lang='lat' dir='ltr'>est</span> <span class='ocrx_word' id='word_1_20' title='bbox 462 286 551 329; x_wconf 86' lang='lat' dir='ltr'>pondere,</span> <span class='ocrx_word' id='word_1_21' title='bbox 559 289 578 319; x_wconf 87' lang='lat' dir='ltr'>vt</span> <span class='ocrx_word' id='word_1_22' title='bbox 586 285 636 318; x_wconf 88' lang='lat' dir='ltr'>nulla</span> <span class='ocrx_word' id='word_1_23' title='bbox 647 289 711 329; x_wconf 86' lang='lat' dir='ltr'>posset</span> <span class='ocrx_word' id='word_1_24' title='bbox 719 284 838 323; x_wconf 85' lang='lat' dir='ltr'>multitudinis</span> 
     </span>
     <span class='ocr_line' id='line_1_4' title="bbox 136 337 837 381; baseline 0.004 -9"><span class='ocrx_word' id='word_1_25' title='bbox 136 338 203 372; x_wconf 81' lang='lat' dir='ltr'>virtute</span> <span class='ocrx_word' id='word_1_26' title='bbox 218 337 292 373; x_wconf 92' lang='lat' dir='ltr'>moueri.</span> <span class='ocrx_word' id='word_1_27' title='bbox 323 338 376 380; x_wconf 77' lang='lat' dir='ltr'>Quod</span> <span class='ocrx_word' id='word_1_28' title='bbox 391 338 432 381; x_wconf 89' lang='lat' dir='ltr'>ipse</span> <span class='ocrx_word' id='word_1_29' title='bbox 447 338 547 373; x_wconf 88' lang='lat' dir='ltr'>sceleratus</span> <span class='ocrx_word' id='word_1_30' title='bbox 562 339 585 372; x_wconf 89' lang='lat' dir='ltr'>ab</span> <span class='ocrx_word' id='word_1_31' title='bbox 600 338 686 372; x_wconf 89' lang='lat' dir='ltr'>omnibus</span> <span class='ocrx_word' id='word_1_32' title='bbox 701 338 785 372; x_wconf 87' lang='lat' dir='ltr'>notatus¹</span> <span class='ocrx_word' id='word_1_33' title='bbox 804 340 837 375; x_wconf 87' lang='lat' dir='ltr'>sibi</span> 
     </span>
     <span class='ocr_line' id='line_1_5' title="bbox 137 390 838 435; baseline 0.001 -9"><span class='ocrx_word' id='word_1_34' title='bbox 137 391 235 435; x_wconf 81' lang='lat' dir='ltr'>imputans,</span> <span class='ocrx_word' id='word_1_35' title='bbox 246 390 334 425; x_wconf 81' lang='lat' dir='ltr'>abscessit</span> <span class='ocrx_word' id='word_1_36' title='bbox 347 401 388 425; x_wconf 92' lang='lat' dir='ltr'>cum</span> <span class='ocrx_word' id='word_1_37' title='bbox 401 396 494 426; x_wconf 86' lang='lat' dir='ltr'>tremore:</span> <span class='ocrx_word' id='word_1_38' title='bbox 510 391 607 435; x_wconf 82' lang='lat' dir='ltr'>statimque</span> <span class='ocrx_word' id='word_1_39' title='bbox 621 401 688 435; x_wconf 87' lang='lat' dir='ltr'>corpus</span> <span class='ocrx_word' id='word_1_40' title='bbox 700 390 746 425; x_wconf 88' lang='lat' dir='ltr'>mira</span> <span class='ocrx_word' id='word_1_41' title='bbox 757 397 838 435; x_wconf 87' lang='lat' dir='ltr'>asporta-</span> 
     </span>
    </p>

    <p class='ocr_par' dir='ltr' id='par_1_3' title="bbox 120 443 838 542">
     <span class='ocr_line' id='line_1_6' title="bbox 120 443 838 488; baseline 0.001 -9"><span class='ocrx_word' id='word_1_42' title='bbox 120 445 190 479; x_wconf 74' lang='lat' dir='ltr'>tbatur</span> <span class='ocrx_word' id='word_1_43' title='bbox 205 443 293 477; x_wconf 65' lang='lat' dir='ltr'>leuitatet</span> <span class='ocrx_word' id='word_1_44' title='bbox 316 443 349 476; x_wconf 89' lang='lat' dir='ltr'>Vir</span> <span class='ocrx_word' id='word_1_45' title='bbox 364 445 394 477; x_wconf 87' lang='lat' dir='ltr'>ille</span> <span class='ocrx_word' id='word_1_46' title='bbox 409 443 534 487; x_wconf 83' lang='lat' dir='ltr'>ingemiscens</span> <span class='ocrx_word' id='word_1_47' title='bbox 546 451 564 478; x_wconf 90' lang='lat' dir='ltr'>et</span> <span class='ocrx_word' id='word_1_48' title='bbox 576 449 650 488; x_wconf 81' lang='lat' dir='ltr'>peccata</span> <span class='ocrx_word' id='word_1_49' title='bbox 663 454 696 477; x_wconf 88' lang='lat' dir='ltr'>sua</span> <span class='ocrx_word' id='word_1_50' title='bbox 709 443 803 487; x_wconf 87' lang='lat' dir='ltr'>confitens,</span> <span class='ocrx_word' id='word_1_51' title='bbox 817 447 838 480; x_wconf 89' lang='lat' dir='ltr'>ad</span> 
     </span>
     <span class='ocr_line' id='line_1_7' title="bbox 137 495 768 542; baseline 0 -11"><span class='ocrx_word' id='word_1_52' title='bbox 137 496 192 531; x_wconf 87' lang='lat' dir='ltr'>funus</span> <span class='ocrx_word' id='word_1_53' title='bbox 200 495 277 531; x_wconf 88' lang='lat' dir='ltr'>accessit</span> <span class='ocrx_word' id='word_1_54' title='bbox 285 501 303 531; x_wconf 88' lang='lat' dir='ltr'>et</span> <span class='ocrx_word' id='word_1_55' title='bbox 311 507 352 531; x_wconf 87' lang='lat' dir='ltr'>cum</span> <span class='ocrx_word' id='word_1_56' title='bbox 360 496 400 531; x_wconf 87' lang='lat' dir='ltr'>aliis</span> <span class='ocrx_word' id='word_1_57' title='bbox 408 507 467 542; x_wconf 91' lang='lat' dir='ltr'>vsque</span> <span class='ocrx_word' id='word_1_58' title='bbox 475 499 497 532; x_wconf 91' lang='lat' dir='ltr'>ad</span> <span class='ocrx_word' id='word_1_59' title='bbox 506 496 638 532; x_wconf 86' lang='lat' dir='ltr'>monasterium</span> <span class='ocrx_word' id='word_1_60' title='bbox 647 496 691 531; x_wconf 90' lang='lat' dir='ltr'>illud</span> <span class='ocrx_word' id='word_1_61' title='bbox 700 495 768 532; x_wconf 85' lang='lat' dir='ltr'>detulit.</span> 
     </span>
    </p>
   </div>
   <div class='ocr_carea' id='block_1_3' title="bbox 425 586 551 624">
    <p class='ocr_par' dir='ltr' id='par_1_4' title="bbox 425 586 551 624">
     <span class='ocr_line' id='line_1_8' title="bbox 425 586 551 624; baseline -0.024 0"><span class='ocrx_word' id='word_1_62' title='bbox 425 588 440 624; x_wconf 76' lang='lat' dir='ltr'>il</span> <span class='ocrx_word' id='word_1_63' title='bbox 451 586 551 622; x_wconf 81' lang='lat' dir='ltr'>Narratio³.</span> 
     </span>
    </p>
   </div>
   <div class='ocr_carea' id='block_1_4' title="bbox 112 643 848 2022">
    <p class='ocr_par' dir='ltr' id='par_1_5' title="bbox 139 643 841 802">
     <span class='ocr_line' id='line_1_9' title="bbox 159 643 839 693; baseline 0 -8"><span class='ocrx_word' id='word_1_64' title='bbox 159 643 219 685; x_wconf 78' lang='lat' dir='ltr'>Anno</span> <span class='ocrx_word' id='word_1_65' title='bbox 233 656 293 684; x_wconf 87' lang='lat' dir='ltr'>autem</span> <span class='ocrx_word' id='word_1_66' title='bbox 306 650 375 684; x_wconf 91' lang='lat' dir='ltr'>domini</span> <span class='ocrx_word' id='word_1_67' title='bbox 389 650 486 685; x_wconf 85' lang='lat' dir='ltr'>millesimo</span> <span class='ocrx_word' id='word_1_68' title='bbox 499 650 624 685; x_wconf 87' lang='lat' dir='ltr'>ducentesimo</span> <span class='ocrx_word' id='word_1_69' title='bbox 637 649 708 685; x_wconf 87' lang='lat' dir='ltr'>decimo</span> <span class='ocrx_word' id='word_1_70' title='bbox 722 650 747 693; x_wconf 89' lang='lat' dir='ltr'>(vt</span> <span class='ocrx_word' id='word_1_71' title='bbox 757 649 781 684; x_wconf 89' lang='lat' dir='ltr'>ait</span> <span class='ocrx_word' id='word_1_72' title='bbox 796 650 839 685; x_wconf 92' lang='lat' dir='ltr'>Vin-</span> 
     </span>
     <span class='ocr_line' id='line_1_10' title="bbox 139 702 840 747; baseline 0.001 -11"><span class='ocrx_word' id='word_1_73' title='bbox 139 703 217 745; x_wconf 80' lang='lat' dir='ltr'>centius)</span> <span class='ocrx_word' id='word_1_74' title='bbox 232 703 350 737; x_wconf 88' lang='lat' dir='ltr'>carbonarius</span> <span class='ocrx_word' id='word_1_75' title='bbox 365 703 444 747; x_wconf 89' lang='lat' dir='ltr'>quidam,</span> <span class='ocrx_word' id='word_1_76' title='bbox 456 713 527 747; x_wconf 82' lang='lat' dir='ltr'>pauper</span> <span class='ocrx_word' id='word_1_77' title='bbox 541 702 560 736; x_wconf 95' lang='lat' dir='ltr'>in</span> <span class='ocrx_word' id='word_1_78' title='bbox 575 703 642 745; x_wconf 86' lang='lat' dir='ltr'>seculo,</span> <span class='ocrx_word' id='word_1_79' title='bbox 655 704 688 737; x_wconf 87' lang='lat' dir='ltr'>sed</span> <span class='ocrx_word' id='word_1_80' title='bbox 704 702 756 737; x_wconf 88' lang='lat' dir='ltr'>diues</span> <span class='ocrx_word' id='word_1_81' title='bbox 769 702 788 736; x_wconf 94' lang='lat' dir='ltr'>in</span> <span class='ocrx_word' id='word_1_82' title='bbox 802 703 840 745; x_wconf 90' lang='lat' dir='ltr'>deo,</span> 
     </span>
     <span class='ocr_line' id='line_1_11' title="bbox 139 756 841 802; baseline 0.003 -12"><span class='ocrx_word' id='word_1_83' title='bbox 139 756 235 802; x_wconf 80' lang='lat' dir='ltr'>religiosus</span> <span class='ocrx_word' id='word_1_84' title='bbox 243 762 261 791; x_wconf 86' lang='lat' dir='ltr'>et</span> <span class='ocrx_word' id='word_1_85' title='bbox 269 757 336 791; x_wconf 87' lang='lat' dir='ltr'>timens</span> <span class='ocrx_word' id='word_1_86' title='bbox 344 757 404 799; x_wconf 87' lang='lat' dir='ltr'>deum,</span> <span class='ocrx_word' id='word_1_87' title='bbox 413 757 436 790; x_wconf 94' lang='lat' dir='ltr'>ob</span> <span class='ocrx_word' id='word_1_88' title='bbox 445 756 478 790; x_wconf 87' lang='lat' dir='ltr'>hoc</span> <span class='ocrx_word' id='word_1_89' title='bbox 486 756 541 790; x_wconf 87' lang='lat' dir='ltr'>etiam</span> <span class='ocrx_word' id='word_1_90' title='bbox 549 756 641 790; x_wconf 86' lang='lat' dir='ltr'>familiaris</span> <span class='ocrx_word' id='word_1_91' title='bbox 650 763 689 791; x_wconf 86' lang='lat' dir='ltr'>erat</span> <span class='ocrx_word' id='word_1_92' title='bbox 697 757 768 791; x_wconf 87' lang='lat' dir='ltr'>cuidam</span> <span class='ocrx_word' id='word_1_93' title='bbox 777 757 841 792; x_wconf 80' lang='lat' dir='ltr'>comiti.</span> 
     </span>
    </p>

    <p class='ocr_par' dir='ltr' id='par_1_6' title="bbox 112 810 843 1066">
     <span class='ocr_line' id='line_1_12' title="bbox 112 810 842 855; baseline 0 -10"><span class='ocrx_word' id='word_1_94' title='bbox 112 823 131 845; x_wconf 84' lang='lat'>10</span> <span class='ocrx_word' id='word_1_95' title='bbox 141 810 177 845; x_wconf 87' lang='lat' dir='ltr'>Hic</span> <span class='ocrx_word' id='word_1_96' title='bbox 188 811 232 844; x_wconf 88' lang='lat' dir='ltr'>dum</span> <span class='ocrx_word' id='word_1_97' title='bbox 242 815 295 845; x_wconf 85' lang='lat' dir='ltr'>nocte</span> <span class='ocrx_word' id='word_1_98' title='bbox 304 811 382 855; x_wconf 88' lang='lat' dir='ltr'>quadam</span> <span class='ocrx_word' id='word_1_99' title='bbox 390 810 473 855; x_wconf 82' lang='lat' dir='ltr'>vigilaret</span> <span class='ocrx_word' id='word_1_100' title='bbox 484 816 503 844; x_wconf 90' lang='lat' dir='ltr'>et</span> <span class='ocrx_word' id='word_1_101' title='bbox 514 810 613 845; x_wconf 85' lang='lat' dir='ltr'>custodiret</span> <span class='ocrx_word' id='word_1_102' title='bbox 624 810 691 845; x_wconf 86' lang='lat' dir='ltr'>fossam</span> <span class='ocrx_word' id='word_1_103' title='bbox 700 821 753 845; x_wconf 87' lang='lat' dir='ltr'>suam</span> <span class='ocrx_word' id='word_1_104' title='bbox 761 810 842 846; x_wconf 87' lang='lat' dir='ltr'>carboni·</span> 
     </span>
     <span class='ocr_line' id='line_1_13' title="bbox 140 863 842 908; baseline -0.001 -9"><span class='ocrx_word' id='word_1_105' title='bbox 140 866 194 899; x_wconf 85' lang='lat' dir='ltr'>ficam</span> <span class='ocrx_word' id='word_1_106' title='bbox 202 865 267 899; x_wconf 86' lang='lat' dir='ltr'>acriter</span> <span class='ocrx_word' id='word_1_107' title='bbox 278 865 378 906; x_wconf 86' lang='lat' dir='ltr'>incensam,</span> <span class='ocrx_word' id='word_1_108' title='bbox 386 874 429 897; x_wconf 89' lang='lat' dir='ltr'>ecce</span> <span class='ocrx_word' id='word_1_109' title='bbox 440 865 519 907; x_wconf 92' lang='lat' dir='ltr'>quedam</span> <span class='ocrx_word' id='word_1_110' title='bbox 531 864 600 898; x_wconf 83' lang='lat' dir='ltr'>femina</span> <span class='ocrx_word' id='word_1_111' title='bbox 609 865 658 898; x_wconf 87' lang='lat' dir='ltr'>nuda</span> <span class='ocrx_word' id='word_1_112' title='bbox 667 874 742 898; x_wconf 89' lang='lat' dir='ltr'>currens</span> <span class='ocrx_word' id='word_1_113' title='bbox 754 863 842 908; x_wconf 87' lang='lat' dir='ltr'>apparuit,</span> 
     </span>
     <span class='ocr_line' id='line_1_14' title="bbox 141 916 842 961; baseline -0.001 -9"><span class='ocrx_word' id='word_1_114' title='bbox 141 923 159 953; x_wconf 91' lang='lat' dir='ltr'>et</span> <span class='ocrx_word' id='word_1_115' title='bbox 172 923 214 961; x_wconf 88' lang='lat' dir='ltr'>post</span> <span class='ocrx_word' id='word_1_116' title='bbox 227 928 267 952; x_wconf 91' lang='lat' dir='ltr'>eam</span> <span class='ocrx_word' id='word_1_117' title='bbox 284 927 340 960; x_wconf 85' lang='lat' dir='ltr'>eques</span> <span class='ocrx_word' id='word_1_118' title='bbox 356 916 435 960; x_wconf 88' lang='lat' dir='ltr'>quidam,</span> <span class='ocrx_word' id='word_1_119' title='bbox 448 927 494 960; x_wconf 89' lang='lat' dir='ltr'>equo</span> <span class='ocrx_word' id='word_1_120' title='bbox 507 917 559 960; x_wconf 84' lang='lat' dir='ltr'>nigro</span> <span class='ocrx_word' id='word_1_121' title='bbox 573 916 662 958; x_wconf 84' lang='lat' dir='ltr'>insidens,</span> <span class='ocrx_word' id='word_1_122' title='bbox 675 916 771 960; x_wconf 83' lang='lat' dir='ltr'>euaginato</span> <span class='ocrx_word' id='word_1_123' title='bbox 784 917 842 959; x_wconf 83' lang='lat' dir='ltr'>gladio</span> 
     </span>
     <span class='ocr_line' id='line_1_15' title="bbox 141 968 843 1013; baseline 0 -9"><span class='ocrx_word' id='word_1_124' title='bbox 141 970 228 1005; x_wconf 87' lang='lat' dir='ltr'>velociter</span> <span class='ocrx_word' id='word_1_125' title='bbox 235 969 318 1013; x_wconf 79' lang='lat' dir='ltr'>equitans</span> <span class='ocrx_word' id='word_1_126' title='bbox 326 974 345 1003; x_wconf 91' lang='lat' dir='ltr'>vt</span> <span class='ocrx_word' id='word_1_127' title='bbox 356 968 456 1013; x_wconf 79' lang='lat' dir='ltr'>fugientem</span> <span class='ocrx_word' id='word_1_128' title='bbox 467 970 615 1013; x_wconf 85' lang='lat' dir='ltr'>apprehenderet</span> <span class='ocrx_word' id='word_1_129' title='bbox 627 969 728 1003; x_wconf 88' lang='lat' dir='ltr'>mulierem.</span> <span class='ocrx_word' id='word_1_130' title='bbox 752 969 792 1011; x_wconf 78' lang='lat' dir='ltr'>Quo</span> <span class='ocrx_word' id='word_1_131' title='bbox 800 970 843 1004; x_wconf 88' lang='lat' dir='ltr'>dum</span> 
     </span>
     <span class='ocr_line' id='line_1_16' title="bbox 141 1021 843 1066; baseline -0.003 -9"><span class='ocrx_word' id='word_1_132' title='bbox 141 1022 214 1066; x_wconf 83' lang='lat' dir='ltr'>fugiens</span> <span class='ocrx_word' id='word_1_133' title='bbox 226 1021 294 1056; x_wconf 87' lang='lat' dir='ltr'>fossam</span> <span class='ocrx_word' id='word_1_134' title='bbox 306 1021 395 1063; x_wconf 86' lang='lat' dir='ltr'>circuiret,</span> <span class='ocrx_word' id='word_1_135' title='bbox 404 1023 538 1065; x_wconf 86' lang='lat' dir='ltr'>comprehensa</span> <span class='ocrx_word' id='word_1_136' title='bbox 547 1027 575 1056; x_wconf 90' lang='lat' dir='ltr'>est</span> <span class='ocrx_word' id='word_1_137' title='bbox 587 1022 609 1056; x_wconf 90' lang='lat' dir='ltr'>ab</span> <span class='ocrx_word' id='word_1_138' title='bbox 621 1033 648 1065; x_wconf 86' lang='lat' dir='ltr'>eo,</span> <span class='ocrx_word' id='word_1_139' title='bbox 657 1027 675 1056; x_wconf 91' lang='lat' dir='ltr'>et</span> <span class='ocrx_word' id='word_1_140' title='bbox 686 1022 769 1065; x_wconf 85' lang='lat' dir='ltr'>perfossa</span> <span class='ocrx_word' id='word_1_141' title='bbox 778 1022 843 1066; x_wconf 77' lang='lat' dir='ltr'>gladio,</span> 
     </span>
    </p>

    <p class='ocr_par' dir='ltr' id='par_1_7' title="bbox 115 1075 845 1332">
     <span class='ocr_line' id='line_1_17' title="bbox 115 1075 843 1120; baseline 0 -10"><span class='ocrx_word' id='word_1_142' title='bbox 115 1088 132 1119; x_wconf 83' lang='lat'>¹5</span> <span class='ocrx_word' id='word_1_143' title='bbox 142 1081 159 1110; x_wconf 84' lang='lat' dir='ltr'>et</span> <span class='ocrx_word' id='word_1_144' title='bbox 170 1075 231 1110; x_wconf 86' lang='lat' dir='ltr'>statim</span> <span class='ocrx_word' id='word_1_145' title='bbox 239 1075 291 1119; x_wconf 82' lang='lat' dir='ltr'>quasi</span> <span class='ocrx_word' id='word_1_146' title='bbox 303 1081 374 1109; x_wconf 88' lang='lat' dir='ltr'>mortua</span> <span class='ocrx_word' id='word_1_147' title='bbox 386 1075 451 1109; x_wconf 84' lang='lat' dir='ltr'>effecta</span> <span class='ocrx_word' id='word_1_148' title='bbox 463 1081 496 1110; x_wconf 88' lang='lat' dir='ltr'>est.</span> <span class='ocrx_word' id='word_1_149' title='bbox 519 1077 579 1118; x_wconf 76' lang='lat' dir='ltr'>Quam</span> <span class='ocrx_word' id='word_1_150' title='bbox 591 1076 621 1110; x_wconf 91' lang='lat' dir='ltr'>ille</span> <span class='ocrx_word' id='word_1_151' title='bbox 632 1076 708 1120; x_wconf 88' lang='lat' dir='ltr'>proiecit</span> <span class='ocrx_word' id='word_1_152' title='bbox 720 1077 738 1109; x_wconf 92' lang='lat' dir='ltr'>in</span> <span class='ocrx_word' id='word_1_153' title='bbox 750 1075 818 1119; x_wconf 84' lang='lat' dir='ltr'>ignem,</span> <span class='ocrx_word' id='word_1_154' title='bbox 826 1082 843 1110; x_wconf 90' lang='lat' dir='ltr'>et</span> 
     </span>
     <span class='ocr_line' id='line_1_18' title="bbox 142 1128 844 1173; baseline -0.003 -9"><span class='ocrx_word' id='word_1_155' title='bbox 142 1135 226 1164; x_wconf 85' lang='lat' dir='ltr'>exustam</span> <span class='ocrx_word' id='word_1_156' title='bbox 240 1139 303 1163; x_wconf 88' lang='lat' dir='ltr'>rursus</span> <span class='ocrx_word' id='word_1_157' title='bbox 317 1128 401 1170; x_wconf 80' lang='lat' dir='ltr'>extraxit,</span> <span class='ocrx_word' id='word_1_158' title='bbox 415 1134 433 1163; x_wconf 92' lang='lat' dir='ltr'>et</span> <span class='ocrx_word' id='word_1_159' title='bbox 448 1129 509 1173; x_wconf 86' lang='lat' dir='ltr'>posuit</span> <span class='ocrx_word' id='word_1_160' title='bbox 522 1134 564 1163; x_wconf 88' lang='lat' dir='ltr'>ante</span> <span class='ocrx_word' id='word_1_161' title='bbox 574 1140 602 1163; x_wconf 88' lang='lat' dir='ltr'>·se</span> <span class='ocrx_word' id='word_1_162' title='bbox 614 1140 671 1173; x_wconf 86' lang='lat' dir='ltr'>super</span> <span class='ocrx_word' id='word_1_163' title='bbox 683 1140 751 1173; x_wconf 90' lang='lat' dir='ltr'>equum</span> <span class='ocrx_word' id='word_1_164' title='bbox 765 1134 783 1164; x_wconf 89' lang='lat' dir='ltr'>et</span> <span class='ocrx_word' id='word_1_165' title='bbox 796 1128 844 1163; x_wconf 86' lang='lat' dir='ltr'>abiit.</span> 
     </span>
     <span class='ocr_line' id='line_1_19' title="bbox 143 1181 844 1225; baseline -0.004 -9"><span class='ocrx_word' id='word_1_166' title='bbox 143 1183 184 1216; x_wconf 90' lang='lat' dir='ltr'>Hec</span> <span class='ocrx_word' id='word_1_167' title='bbox 198 1183 245 1215; x_wconf 90' lang='lat' dir='ltr'>visio</span> <span class='ocrx_word' id='word_1_168' title='bbox 259 1182 342 1225; x_wconf 87' lang='lat' dir='ltr'>pluribus</span> <span class='ocrx_word' id='word_1_169' title='bbox 357 1183 441 1215; x_wconf 87' lang='lat' dir='ltr'>noctibus</span> <span class='ocrx_word' id='word_1_170' title='bbox 456 1181 482 1214; x_wconf 90' lang='lat' dir='ltr'>illi</span> <span class='ocrx_word' id='word_1_171' title='bbox 497 1187 571 1215; x_wconf 88' lang='lat' dir='ltr'>ostensa</span> <span class='ocrx_word' id='word_1_172' title='bbox 587 1187 620 1215; x_wconf 90' lang='lat' dir='ltr'>est.</span> <span class='ocrx_word' id='word_1_173' title='bbox 647 1182 700 1223; x_wconf 82' lang='lat' dir='ltr'>Quod</span> <span class='ocrx_word' id='word_1_174' title='bbox 716 1191 757 1214; x_wconf 92' lang='lat' dir='ltr'>cum</span> <span class='ocrx_word' id='word_1_175' title='bbox 772 1181 844 1214; x_wconf 81' lang='lat' dir='ltr'>comiti⁴</span> 
     </span>
     <span class='ocr_line' id='line_1_20' title="bbox 143 1232 845 1277; baseline -0.006 -7"><span class='ocrx_word' id='word_1_176' title='bbox 143 1234 177 1270; x_wconf 90' lang='lat' dir='ltr'>sibi</span> <span class='ocrx_word' id='word_1_177' title='bbox 185 1234 268 1270; x_wconf 76' lang='lat' dir='ltr'>familiari</span> <span class='ocrx_word' id='word_1_178' title='bbox 276 1240 379 1277; x_wconf 59' lang='lat' dir='ltr'>narrassem</span> <span class='ocrx_word' id='word_1_179' title='bbox 392 1234 494 1277; x_wconf 87' lang='lat' dir='ltr'>confessus,</span> <span class='ocrx_word' id='word_1_180' title='bbox 504 1244 566 1269; x_wconf 86' lang='lat' dir='ltr'>comes</span> <span class='ocrx_word' id='word_1_181' title='bbox 574 1244 616 1269; x_wconf 90' lang='lat' dir='ltr'>cum</span> <span class='ocrx_word' id='word_1_182' title='bbox 626 1232 733 1268; x_wconf 85' lang='lat' dir='ltr'>carbonario</span> <span class='ocrx_word' id='word_1_183' title='bbox 745 1234 768 1268; x_wconf 86' lang='lat' dir='ltr'>ad</span> <span class='ocrx_word' id='word_1_184' title='bbox 780 1233 845 1267; x_wconf 87' lang='lat' dir='ltr'>siluam</span> 
     </span>
     <span class='ocr_line' id='line_1_21' title="bbox 143 1285 844 1332; baseline -0.003 -9"><span class='ocrx_word' id='word_1_185' title='bbox 143 1288 180 1331; x_wconf 89' lang='lat' dir='ltr'>iuit,</span> <span class='ocrx_word' id='word_1_186' title='bbox 189 1292 206 1322; x_wconf 94' lang='lat' dir='ltr'>et</span> <span class='ocrx_word' id='word_1_187' title='bbox 217 1298 252 1332; x_wconf 83' lang='lat' dir='ltr'>que</span> <span class='ocrx_word' id='word_1_188' title='bbox 264 1287 347 1331; x_wconf 88' lang='lat' dir='ltr'>predicta</span> <span class='ocrx_word' id='word_1_189' title='bbox 360 1292 404 1321; x_wconf 87' lang='lat' dir='ltr'>sunt</span> <span class='ocrx_word' id='word_1_190' title='bbox 414 1286 470 1323; x_wconf 89' lang='lat' dir='ltr'>vidit:</span> <span class='ocrx_word' id='word_1_191' title='bbox 484 1292 503 1322; x_wconf 87' lang='lat' dir='ltr'>et</span> <span class='ocrx_word' id='word_1_192' title='bbox 516 1286 605 1322; x_wconf 89' lang='lat' dir='ltr'>adiurauit</span> <span class='ocrx_word' id='word_1_193' title='bbox 617 1286 697 1331; x_wconf 88' lang='lat' dir='ltr'>equitem</span> <span class='ocrx_word' id='word_1_194' title='bbox 708 1291 727 1322; x_wconf 93' lang='lat' dir='ltr'>vt</span> <span class='ocrx_word' id='word_1_195' title='bbox 741 1286 759 1321; x_wconf 93' lang='lat' dir='ltr'>in</span> <span class='ocrx_word' id='word_1_196' title='bbox 771 1285 844 1321; x_wconf 84' lang='lat' dir='ltr'>nomine</span> 
     </span>
    </p>

    <p class='ocr_par' dir='ltr' id='par_1_8' title="bbox 116 1340 847 1597">
     <span class='ocr_line' id='line_1_22' title="bbox 116 1340 844 1385; baseline -0.004 -8"><span class='ocrx_word' id='word_1_197' title='bbox 116 1357 135 1378; x_wconf 87' lang='lat'>20</span> <span class='ocrx_word' id='word_1_198' title='bbox 144 1341 212 1377; x_wconf 87' lang='lat' dir='ltr'>Christi</span> <span class='ocrx_word' id='word_1_199' title='bbox 227 1345 289 1384; x_wconf 86' lang='lat' dir='ltr'>staret,</span> <span class='ocrx_word' id='word_1_200' title='bbox 305 1340 346 1385; x_wconf 91' lang='lat' dir='ltr'>quis</span> <span class='ocrx_word' id='word_1_201' title='bbox 361 1346 410 1375; x_wconf 90' lang='lat' dir='ltr'>esset</span> <span class='ocrx_word' id='word_1_202' title='bbox 422 1347 440 1375; x_wconf 90' lang='lat' dir='ltr'>et</span> <span class='ocrx_word' id='word_1_203' title='bbox 451 1351 484 1375; x_wconf 85' lang='lat' dir='ltr'>eur</span> <span class='ocrx_word' id='word_1_204' title='bbox 496 1340 522 1382; x_wconf 86' lang='lat' dir='ltr'>sic</span> <span class='ocrx_word' id='word_1_205' title='bbox 539 1340 607 1375; x_wconf 86' lang='lat' dir='ltr'>faceret</span> <span class='ocrx_word' id='word_1_206' title='bbox 618 1340 653 1376; x_wconf 92' lang='lat' dir='ltr'>sibi</span> <span class='ocrx_word' id='word_1_207' title='bbox 666 1340 739 1375; x_wconf 88' lang='lat' dir='ltr'>diceret.</span> <span class='ocrx_word' id='word_1_208' title='bbox 770 1340 793 1375; x_wconf 84' lang='lat' dir='ltr'>Et</span> <span class='ocrx_word' id='word_1_209' title='bbox 804 1340 844 1374; x_wconf 87' lang='lat' dir='ltr'>ille:</span> 
     </span>
     <span class='ocr_line' id='line_1_23' title="bbox 144 1393 845 1439; baseline -0.003 -10"><span class='ocrx_word' id='word_1_210' title='bbox 144 1396 194 1439; x_wconf 85' lang='lat' dir='ltr'>‘Ego</span> <span class='ocrx_word' id='word_1_211' title='bbox 205 1406 246 1429; x_wconf 92' lang='lat' dir='ltr'>sum</span> <span class='ocrx_word' id='word_1_212' title='bbox 258 1399 320 1429; x_wconf 90' lang='lat' dir='ltr'>vester</span> <span class='ocrx_word' id='word_1_213' title='bbox 331 1394 361 1428; x_wconf 91' lang='lat' dir='ltr'>ille</span> <span class='ocrx_word' id='word_1_214' title='bbox 373 1394 431 1438; x_wconf 93' lang='lat' dir='ltr'>miles,</span> <span class='ocrx_word' id='word_1_215' title='bbox 440 1400 457 1429; x_wconf 90' lang='lat' dir='ltr'>et</span> <span class='ocrx_word' id='word_1_216' title='bbox 469 1395 503 1429; x_wconf 88' lang='lat' dir='ltr'>hec</span> <span class='ocrx_word' id='word_1_217' title='bbox 515 1400 543 1429; x_wconf 92' lang='lat' dir='ltr'>est</span> <span class='ocrx_word' id='word_1_218' title='bbox 554 1395 585 1429; x_wconf 87' lang='lat' dir='ltr'>illa</span> <span class='ocrx_word' id='word_1_219' title='bbox 596 1394 662 1429; x_wconf 89' lang='lat' dir='ltr'>mulier</span> <span class='ocrx_word' id='word_1_220' title='bbox 673 1393 745 1436; x_wconf 92' lang='lat' dir='ltr'>nobilis,</span> <span class='ocrx_word' id='word_1_221' title='bbox 752 1404 799 1428; x_wconf 82' lang='lat' dir='ltr'>vxor</span> <span class='ocrx_word' id='word_1_222' title='bbox 806 1393 845 1428; x_wconf 90' lang='lat' dir='ltr'>talis</span> 
     </span>
     <span class='ocr_line' id='line_1_24' title="bbox 144 1446 845 1492; baseline -0.004 -10"><span class='ocrx_word' id='word_1_223' title='bbox 144 1449 211 1490; x_wconf 86' lang='lat' dir='ltr'>militis,</span> <span class='ocrx_word' id='word_1_224' title='bbox 223 1459 278 1492; x_wconf 87' lang='lat' dir='ltr'>quem</span> <span class='ocrx_word' id='word_1_225' title='bbox 289 1459 323 1491; x_wconf 89' lang='lat' dir='ltr'>pro</span> <span class='ocrx_word' id='word_1_226' title='bbox 336 1458 399 1481; x_wconf 90' lang='lat' dir='ltr'>amore</span> <span class='ocrx_word' id='word_1_227' title='bbox 411 1458 452 1481; x_wconf 90' lang='lat' dir='ltr'>meo</span> <span class='ocrx_word' id='word_1_228' title='bbox 464 1448 559 1488; x_wconf 86' lang='lat' dir='ltr'>interfecit,</span> <span class='ocrx_word' id='word_1_229' title='bbox 570 1453 589 1482; x_wconf 93' lang='lat' dir='ltr'>vt</span> <span class='ocrx_word' id='word_1_230' title='bbox 602 1448 685 1482; x_wconf 86' lang='lat' dir='ltr'>licentius</span> <span class='ocrx_word' id='word_1_231' title='bbox 701 1453 718 1481; x_wconf 90' lang='lat' dir='ltr'>et</span> <span class='ocrx_word' id='word_1_232' title='bbox 734 1446 845 1490; x_wconf 85' lang='lat' dir='ltr'>frequentius</span> 
     </span>
     <span class='ocr_line' id='line_1_25' title="bbox 145 1498 846 1543; baseline -0.006 -8"><span class='ocrx_word' id='word_1_233' title='bbox 145 1512 186 1535; x_wconf 91' lang='lat' dir='ltr'>meo</span> <span class='ocrx_word' id='word_1_234' title='bbox 194 1500 290 1534; x_wconf 86' lang='lat' dir='ltr'>concubitu</span> <span class='ocrx_word' id='word_1_235' title='bbox 298 1500 392 1533; x_wconf 87' lang='lat' dir='ltr'>frueretur.</span> <span class='ocrx_word' id='word_1_236' title='bbox 415 1502 438 1533; x_wconf 90' lang='lat' dir='ltr'>Et</span> <span class='ocrx_word' id='word_1_237' title='bbox 446 1499 464 1533; x_wconf 93' lang='lat' dir='ltr'>in</span> <span class='ocrx_word' id='word_1_238' title='bbox 473 1500 507 1534; x_wconf 89' lang='lat' dir='ltr'>hoc</span> <span class='ocrx_word' id='word_1_239' title='bbox 516 1505 590 1543; x_wconf 88' lang='lat' dir='ltr'>peccato</span> <span class='ocrx_word' id='word_1_240' title='bbox 598 1499 665 1533; x_wconf 91' lang='lat' dir='ltr'>mortui</span> <span class='ocrx_word' id='word_1_241' title='bbox 672 1509 742 1541; x_wconf 87' lang='lat' dir='ltr'>sumus,</span> <span class='ocrx_word' id='word_1_242' title='bbox 750 1498 785 1533; x_wconf 89' lang='lat' dir='ltr'>nisi</span> <span class='ocrx_word' id='word_1_243' title='bbox 793 1499 846 1542; x_wconf 87' lang='lat' dir='ltr'>quod,</span> 
     </span>
     <span class='ocr_line' id='line_1_26' title="bbox 145 1551 847 1597; baseline -0.004 -9"><span class='ocrx_word' id='word_1_244' title='bbox 145 1555 181 1589; x_wconf 91' lang='lat' dir='ltr'>heu</span> <span class='ocrx_word' id='word_1_245' title='bbox 192 1564 239 1595; x_wconf 88' lang='lat' dir='ltr'>sero,</span> <span class='ocrx_word' id='word_1_246' title='bbox 251 1552 270 1587; x_wconf 94' lang='lat' dir='ltr'>in</span> <span class='ocrx_word' id='word_1_247' title='bbox 283 1552 324 1597; x_wconf 86' lang='lat' dir='ltr'>ipsa</span> <span class='ocrx_word' id='word_1_248' title='bbox 336 1558 395 1588; x_wconf 91' lang='lat' dir='ltr'>morte</span> <span class='ocrx_word' id='word_1_249' title='bbox 406 1551 523 1597; x_wconf 89' lang='lat' dir='ltr'>penituimus.</span> <span class='ocrx_word' id='word_1_250' title='bbox 547 1552 600 1586; x_wconf 87' lang='lat' dir='ltr'>Nune</span> <span class='ocrx_word' id='word_1_251' title='bbox 612 1551 648 1587; x_wconf 83' lang='lat' dir='ltr'>tale</span> <span class='ocrx_word' id='word_1_252' title='bbox 659 1556 770 1587; x_wconf 87' lang='lat' dir='ltr'>tormentum</span> <span class='ocrx_word' id='word_1_253' title='bbox 781 1551 847 1595; x_wconf 88' lang='lat' dir='ltr'>patitur</span> 
     </span>
    </p>

    <p class='ocr_par' dir='ltr' id='par_1_9' title="bbox 118 1605 847 1862">
     <span class='ocr_line' id='line_1_27' title="bbox 118 1605 846 1652; baseline -0.005 -10"><span class='ocrx_word' id='word_1_254' title='bbox 118 1622 137 1652; x_wconf 81' lang='lat'>²5</span> <span class='ocrx_word' id='word_1_255' title='bbox 146 1608 195 1652; x_wconf 88' lang='lat' dir='ltr'>quod</span> <span class='ocrx_word' id='word_1_256' title='bbox 207 1605 283 1650; x_wconf 78' lang='lat' dir='ltr'>singulis</span> <span class='ocrx_word' id='word_1_257' title='bbox 294 1606 379 1640; x_wconf 88' lang='lat' dir='ltr'>noctibus</span> <span class='ocrx_word' id='word_1_258' title='bbox 390 1617 401 1639; x_wconf 86' lang='lat' dir='ltr'>a</span> <span class='ocrx_word' id='word_1_259' title='bbox 412 1617 448 1647; x_wconf 90' lang='lat' dir='ltr'>me,</span> <span class='ocrx_word' id='word_1_260' title='bbox 457 1612 478 1640; x_wconf 87' lang='lat' dir='ltr'>vt</span> <span class='ocrx_word' id='word_1_261' title='bbox 486 1605 553 1648; x_wconf 87' lang='lat' dir='ltr'>vidisti,</span> <span class='ocrx_word' id='word_1_262' title='bbox 561 1606 621 1650; x_wconf 82' lang='lat' dir='ltr'>gladio</span> <span class='ocrx_word' id='word_1_263' title='bbox 632 1616 720 1650; x_wconf 84' lang='lat' dir='ltr'>percussa</span> <span class='ocrx_word' id='word_1_264' title='bbox 731 1605 846 1640; x_wconf 89' lang='lat' dir='ltr'>comburitur.</span> 
     </span>
     <span class='ocr_line' id='line_1_28' title="bbox 146 1659 847 1703; baseline -0.004 -9"><span class='ocrx_word' id='word_1_265' title='bbox 146 1661 227 1695; x_wconf 87' lang='lat' dir='ltr'>Tantum</span> <span class='ocrx_word' id='word_1_266' title='bbox 234 1659 283 1693; x_wconf 88' lang='lat' dir='ltr'>enim</span> <span class='ocrx_word' id='word_1_267' title='bbox 292 1660 374 1693; x_wconf 88' lang='lat' dir='ltr'>dolorem</span> <span class='ocrx_word' id='word_1_268' title='bbox 381 1659 449 1702; x_wconf 83' lang='lat' dir='ltr'>patitur</span> <span class='ocrx_word' id='word_1_269' title='bbox 460 1659 479 1692; x_wconf 93' lang='lat' dir='ltr'>in</span> <span class='ocrx_word' id='word_1_270' title='bbox 487 1659 524 1693; x_wconf 89' lang='lat' dir='ltr'>ictu</span> <span class='ocrx_word' id='word_1_271' title='bbox 535 1659 595 1702; x_wconf 82' lang='lat' dir='ltr'>gladii,</span> <span class='ocrx_word' id='word_1_272' title='bbox 603 1664 691 1702; x_wconf 89' lang='lat' dir='ltr'>quantum</span> <span class='ocrx_word' id='word_1_273' title='bbox 699 1659 760 1693; x_wconf 90' lang='lat' dir='ltr'>nullus</span> <span class='ocrx_word' id='word_1_274' title='bbox 767 1667 847 1703; x_wconf 81' lang='lat' dir='ltr'>unquam</span> 
     </span>
     <span class='ocr_line' id='line_1_29' title="bbox 146 1711 847 1756; baseline -0.006 -9"><span class='ocrx_word' id='word_1_275' title='bbox 146 1713 165 1747; x_wconf 86' lang='lat' dir='ltr'>in</span> <span class='ocrx_word' id='word_1_276' title='bbox 173 1718 232 1746; x_wconf 84' lang='lat' dir='ltr'>morte</span> <span class='ocrx_word' id='word_1_277' title='bbox 240 1723 274 1746; x_wconf 85' lang='lat' dir='ltr'>sua</span> <span class='ocrx_word' id='word_1_278' title='bbox 281 1723 347 1756; x_wconf 84' lang='lat' dir='ltr'>passus</span> <span class='ocrx_word' id='word_1_279' title='bbox 358 1718 397 1753; x_wconf 79' lang='lat' dir='ltr'>est3</span> <span class='ocrx_word' id='word_1_280' title='bbox 409 1717 428 1745; x_wconf 86' lang='lat' dir='ltr'>et</span> <span class='ocrx_word' id='word_1_281' title='bbox 439 1712 458 1745; x_wconf 90' lang='lat' dir='ltr'>in</span> <span class='ocrx_word' id='word_1_282' title='bbox 467 1712 592 1746; x_wconf 86' lang='lat' dir='ltr'>combustione</span> <span class='ocrx_word' id='word_1_283' title='bbox 603 1712 661 1746; x_wconf 89' lang='lat' dir='ltr'>multo</span> <span class='ocrx_word' id='word_1_284' title='bbox 668 1712 762 1745; x_wconf 88' lang='lat' dir='ltr'>maiorem.</span> <span class='ocrx_word' id='word_1_285' title='bbox 784 1711 847 1755; x_wconf 86' lang='lat' dir='ltr'>Equus</span> 
     </span>
     <span class='ocr_line' id='line_1_30' title="bbox 146 1762 847 1809; baseline -0.004 -9"><span class='ocrx_word' id='word_1_286' title='bbox 146 1775 204 1809; x_wconf 88' lang='lat' dir='ltr'>super</span> <span class='ocrx_word' id='word_1_287' title='bbox 211 1774 266 1809; x_wconf 89' lang='lat' dir='ltr'>quem</span> <span class='ocrx_word' id='word_1_288' title='bbox 274 1765 336 1805; x_wconf 89' lang='lat' dir='ltr'>sedeo,</span> <span class='ocrx_word' id='word_1_289' title='bbox 347 1764 430 1798; x_wconf 89' lang='lat' dir='ltr'>diabolus</span> <span class='ocrx_word' id='word_1_290' title='bbox 438 1769 471 1806; x_wconf 88' lang='lat' dir='ltr'>est,</span> <span class='ocrx_word' id='word_1_291' title='bbox 479 1764 510 1808; x_wconf 92' lang='lat' dir='ltr'>qui</span> <span class='ocrx_word' id='word_1_292' title='bbox 521 1775 555 1798; x_wconf 89' lang='lat' dir='ltr'>nos</span> <span class='ocrx_word' id='word_1_293' title='bbox 566 1763 654 1799; x_wconf 87' lang='lat' dir='ltr'>ineffabili</span> <span class='ocrx_word' id='word_1_294' title='bbox 661 1763 758 1799; x_wconf 85' lang='lat' dir='ltr'>vexatione</span> <span class='ocrx_word' id='word_1_295' title='bbox 765 1762 847 1808; x_wconf 70' lang='lat' dir='ltr'>torquet)</span> 
     </span>
     <span class='ocr_line' id='line_1_31' title="bbox 147 1816 847 1862; baseline -0.007 -8"><span class='ocrx_word' id='word_1_296' title='bbox 147 1818 247 1855; x_wconf 87' lang='lat' dir='ltr'>‘Possetne</span> <span class='ocrx_word' id='word_1_297' title='bbox 264 1816 321 1861; x_wconf 85' lang='lat' dir='ltr'>vobis,</span> <span class='ocrx_word' id='word_1_298' title='bbox 337 1817 361 1851; x_wconf 90' lang='lat' dir='ltr'>ait</span> <span class='ocrx_word' id='word_1_299' title='bbox 376 1829 444 1860; x_wconf 91' lang='lat' dir='ltr'>comes,</span> <span class='ocrx_word' id='word_1_300' title='bbox 460 1816 525 1862; x_wconf 86' lang='lat' dir='ltr'>aliquis</span> <span class='ocrx_word' id='word_1_301' title='bbox 544 1819 673 1852; x_wconf 55' lang='lat' dir='ltr'>succurrere?</span> <span class='ocrx_word' id='word_1_302' title='bbox 689 1817 770 1858; x_wconf 70' lang='lat' dir='ltr'>‘Posset</span> <span class='ocrx_word' id='word_1_303' title='bbox 785 1816 847 1860; x_wconf 87' lang='lat' dir='ltr'>inquit,</span> 
     </span>
    </p>

    <p class='ocr_par' dir='ltr' id='par_1_10' title="bbox 120 1869 848 2022">
     <span class='ocr_line' id='line_1_32' title="bbox 120 1869 848 1916; baseline -0.01 -8"><span class='ocrx_word' id='word_1_304' title='bbox 120 1887 139 1916; x_wconf 78' lang='lat'>30</span> <span class='ocrx_word' id='word_1_305' title='bbox 147 1871 163 1907; x_wconf 87' lang='lat' dir='ltr'>si</span> <span class='ocrx_word' id='word_1_306' title='bbox 170 1883 203 1906; x_wconf 86' lang='lat' dir='ltr'>vos</span> <span class='ocrx_word' id='word_1_307' title='bbox 215 1870 298 1905; x_wconf 85' lang='lat' dir='ltr'>faceretis</span> <span class='ocrx_word' id='word_1_308' title='bbox 309 1870 329 1904; x_wconf 91' lang='lat' dir='ltr'>in</span> <span class='ocrx_word' id='word_1_309' title='bbox 341 1870 411 1905; x_wconf 87' lang='lat' dir='ltr'>cunctis</span> <span class='ocrx_word' id='word_1_310' title='bbox 423 1871 595 1914; x_wconf 84' lang='lat' dir='ltr'>congregationibus</span> <span class='ocrx_word' id='word_1_311' title='bbox 606 1881 642 1914; x_wconf 87' lang='lat' dir='ltr'>que</span> <span class='ocrx_word' id='word_1_312' title='bbox 650 1869 703 1905; x_wconf 91' lang='lat' dir='ltr'>vobis</span> <span class='ocrx_word' id='word_1_313' title='bbox 714 1869 795 1904; x_wconf 87' lang='lat' dir='ltr'>subiecte</span> <span class='ocrx_word' id='word_1_314' title='bbox 807 1873 848 1902; x_wconf 89' lang='lat' dir='ltr'>sunt</span> 
     </span>
     <span class='ocr_line' id='line_1_33' title="bbox 147 1921 848 1968; baseline -0.004 -10"><span class='ocrx_word' id='word_1_315' title='bbox 147 1935 200 1959; x_wconf 85' lang='lat' dir='ltr'>orare</span> <span class='ocrx_word' id='word_1_316' title='bbox 215 1935 248 1968; x_wconf 90' lang='lat' dir='ltr'>pro</span> <span class='ocrx_word' id='word_1_317' title='bbox 267 1923 326 1966; x_wconf 88' lang='lat' dir='ltr'>nobis,</span> <span class='ocrx_word' id='word_1_318' title='bbox 342 1928 360 1958; x_wconf 90' lang='lat' dir='ltr'>et</span> <span class='ocrx_word' id='word_1_319' title='bbox 378 1934 390 1957; x_wconf 85' lang='lat' dir='ltr'>a</span> <span class='ocrx_word' id='word_1_320' title='bbox 408 1924 515 1968; x_wconf 80' lang='lat' dir='ltr'>presbiteris</span> <span class='ocrx_word' id='word_1_321' title='bbox 531 1923 597 1959; x_wconf 87' lang='lat' dir='ltr'>missas</span> <span class='ocrx_word' id='word_1_322' title='bbox 612 1922 706 1965; x_wconf 88' lang='lat' dir='ltr'>celebrari,</span> <span class='ocrx_word' id='word_1_323' title='bbox 720 1928 738 1957; x_wconf 90' lang='lat' dir='ltr'>et</span> <span class='ocrx_word' id='word_1_324' title='bbox 753 1934 764 1958; x_wconf 88' lang='lat' dir='ltr'>a</span> <span class='ocrx_word' id='word_1_325' title='bbox 779 1921 848 1958; x_wconf 89' lang='lat' dir='ltr'>clericis</span> 
     </span>
     <span class='ocr_line' id='line_1_34' title="bbox 147 1977 556 2022; baseline 0.005 -12"><span class='ocrx_word' id='word_1_326' title='bbox 147 1978 228 2022; x_wconf 85' lang='lat' dir='ltr'>psalmos</span> <span class='ocrx_word' id='word_1_327' title='bbox 237 1977 341 2012; x_wconf 71' lang='lat' dir='ltr'>decantari.⁵</span> <span class='ocrx_word' id='word_1_328' title='bbox 365 1977 408 2012; x_wconf 88' lang='lat' dir='ltr'>Hiis</span> <span class='ocrx_word' id='word_1_329' title='bbox 416 1978 469 2012; x_wconf 90' lang='lat' dir='ltr'>dictis</span> <span class='ocrx_word' id='word_1_330' title='bbox 477 1977 556 2012; x_wconf 83' lang='lat' dir='ltr'>euanuit.</span> 
     </span>
    </p>
   </div>
   <div class='ocr_carea' id='block_1_5' title="bbox 122 2050 856 2526">
    <p class='ocr_par' dir='ltr' id='par_1_11' title="bbox 122 2050 856 2526">
     <span class='ocr_line' id='line_1_35' title="bbox 150 2050 323 2094; baseline -0.006 -9"><span class='ocrx_word' id='word_1_331' title='bbox 150 2050 198 2094; x_wconf 85' lang='lat' dir='ltr'><strong>[MS.</strong></span> <span class='ocrx_word' id='word_1_332' title='bbox 206 2051 245 2084; x_wconf 90' lang='lat' dir='ltr'>Tib.</span> <span class='ocrx_word' id='word_1_333' title='bbox 253 2051 299 2084; x_wconf 86' lang='lat' dir='ltr'>adds</span> <span class='ocrx_word' id='word_1_334' title='bbox 305 2050 323 2084; x_wconf 78' lang='lat'>⁵:</span> 
     </span>
     <span class='ocr_line' id='line_1_36' title="bbox 171 2096 849 2147; baseline -0.004 -9"><span class='ocrx_word' id='word_1_335' title='bbox 171 2096 222 2139; x_wconf 86' lang='lat' dir='ltr'>Cum</span> <span class='ocrx_word' id='word_1_336' title='bbox 232 2103 307 2138; x_wconf 91' lang='lat' dir='ltr'>enimin</span> <span class='ocrx_word' id='word_1_337' title='bbox 316 2104 396 2147; x_wconf 87' lang='lat' dir='ltr'>quodam</span> <span class='ocrx_word' id='word_1_338' title='bbox 407 2102 436 2139; x_wconf 88' lang='lat' dir='ltr'>die</span> <span class='ocrx_word' id='word_1_339' title='bbox 444 2103 535 2147; x_wconf 90' lang='lat' dir='ltr'>solempni</span> <span class='ocrx_word' id='word_1_340' title='bbox 548 2101 661 2138; x_wconf 80' lang='lat' dir='ltr'>Masticone⁶</span> <span class='ocrx_word' id='word_1_341' title='bbox 669 2102 735 2137; x_wconf 88' lang='lat' dir='ltr'>nobilis</span> <span class='ocrx_word' id='word_1_342' title='bbox 747 2101 832 2137; x_wconf 87' lang='lat' dir='ltr'>dominus</span> <span class='ocrx_word' id='word_1_343' title='bbox 838 2099 849 2142; x_wconf 83' lang='lat'>⁷,</span> 
     </span>
     <span class='ocr_line' id='line_1_37' title="bbox 149 2154 850 2201; baseline -0.006 -10"><span class='ocrx_word' id='word_1_344' title='bbox 149 2154 850 2201; x_wconf 79' lang='lat' dir='ltr'>annodominiimmediatesupraposit0,inpropriopalacioresideret,munis</span> 
     </span>
     <span class='ocr_line' id='line_1_38' title="bbox 122 2208 851 2254; baseline -0.003 -10"><span class='ocrx_word' id='word_1_345' title='bbox 122 2219 141 2251; x_wconf 77' lang='lat'>35</span> <span class='ocrx_word' id='word_1_346' title='bbox 150 2208 238 2245; x_wconf 88' lang='lat' dir='ltr'>militibus</span> <span class='ocrx_word' id='word_1_347' title='bbox 247 2209 316 2244; x_wconf 86' lang='lat' dir='ltr'>diuersi</span> <span class='ocrx_word' id='word_1_348' title='bbox 325 2209 395 2244; x_wconf 89' lang='lat' dir='ltr'>ordinis</span> <span class='ocrx_word' id='word_1_349' title='bbox 405 2210 523 2254; x_wconf 88' lang='lat' dir='ltr'>constipatus,</span> <span class='ocrx_word' id='word_1_350' title='bbox 531 2215 608 2253; x_wconf 88' lang='lat' dir='ltr'>repente</span> <span class='ocrx_word' id='word_1_351' title='bbox 618 2210 690 2253; x_wconf 85' lang='lat' dir='ltr'>ignotus</span> <span class='ocrx_word' id='word_1_352' title='bbox 699 2210 755 2244; x_wconf 91' lang='lat' dir='ltr'>homo</span> <span class='ocrx_word' id='word_1_353' title='bbox 766 2220 814 2254; x_wconf 90' lang='lat' dir='ltr'>equo</span> <span class='ocrx_word' id='word_1_354' title='bbox 824 2208 851 2242; x_wconf 91' lang='lat' dir='ltr'>in-</span> 
     </span>
     <span class='ocr_line' id='line_1_39' title="bbox 150 2262 851 2307; baseline -0.004 -9"><span class='ocrx_word' id='word_1_355' title='bbox 150 2263 213 2298; x_wconf 84' lang='lat' dir='ltr'>sidens</span> <span class='ocrx_word' id='word_1_356' title='bbox 221 2274 255 2306; x_wconf 87' lang='lat' dir='ltr'>per</span> <span class='ocrx_word' id='word_1_357' title='bbox 262 2263 343 2297; x_wconf 85' lang='lat' dir='ltr'>hostium</span> <span class='ocrx_word' id='word_1_358' title='bbox 348 2263 414 2307; x_wconf 83' lang='lat' dir='ltr'>palacii</span> <span class='ocrx_word' id='word_1_359' title='bbox 420 2263 522 2307; x_wconf 87' lang='lat' dir='ltr'>ingressus,</span> <span class='ocrx_word' id='word_1_360' title='bbox 530 2263 600 2297; x_wconf 86' lang='lat' dir='ltr'>cunctis</span> <span class='ocrx_word' id='word_1_361' title='bbox 606 2263 711 2297; x_wconf 86' lang='lat' dir='ltr'>uidentibus</span> <span class='ocrx_word' id='word_1_362' title='bbox 719 2269 737 2296; x_wconf 86' lang='lat' dir='ltr'>et</span> <span class='ocrx_word' id='word_1_363' title='bbox 744 2262 851 2297; x_wconf 87' lang='lat' dir='ltr'>mirantibus</span> 
     </span>
     <span class='ocr_line' id='line_1_40' title="bbox 150 2311 852 2358; baseline -0.006 -9"><span class='ocrx_word' id='word_1_364' title='bbox 150 2326 209 2357; x_wconf 88' lang='lat' dir='ltr'>usque</span> <span class='ocrx_word' id='word_1_365' title='bbox 220 2317 243 2348; x_wconf 92' lang='lat' dir='ltr'>ad</span> <span class='ocrx_word' id='word_1_366' title='bbox 255 2315 316 2357; x_wconf 90' lang='lat' dir='ltr'>ipsum</span> <span class='ocrx_word' id='word_1_367' title='bbox 327 2316 416 2358; x_wconf 82' lang='lat' dir='ltr'>peruenit,</span> <span class='ocrx_word' id='word_1_368' title='bbox 428 2315 491 2348; x_wconf 90' lang='lat' dir='ltr'>dicens</span> <span class='ocrx_word' id='word_1_369' title='bbox 505 2316 534 2349; x_wconf 87' lang='lat' dir='ltr'>ei:</span> <span class='ocrx_word' id='word_1_370' title='bbox 546 2315 616 2358; x_wconf 86' lang='lat' dir='ltr'>‘Surge</span> <span class='ocrx_word' id='word_1_371' title='bbox 629 2320 647 2348; x_wconf 92' lang='lat' dir='ltr'>et</span> <span class='ocrx_word' id='word_1_372' title='bbox 660 2325 739 2358; x_wconf 85' lang='lat' dir='ltr'>sequere</span> <span class='ocrx_word' id='word_1_373' title='bbox 752 2316 793 2349; x_wconf 87' lang='lat' dir='ltr'>me.’</span> <span class='ocrx_word' id='word_1_374' title='bbox 816 2311 852 2354; x_wconf 77' lang='lat' dir='ltr'>Qui</span> 
     </span>
     <span class='ocr_line' id='line_1_41' title="bbox 150 2365 851 2411; baseline -0.007 -9"><span class='ocrx_word' id='word_1_375' title='bbox 150 2366 237 2402; x_wconf 87' lang='lat' dir='ltr'>inuisibili</span> <span class='ocrx_word' id='word_1_376' title='bbox 245 2367 329 2410; x_wconf 89' lang='lat' dir='ltr'>potencie</span> <span class='ocrx_word' id='word_1_377' title='bbox 338 2378 375 2400; x_wconf 92' lang='lat' dir='ltr'>non</span> <span class='ocrx_word' id='word_1_378' title='bbox 383 2368 447 2402; x_wconf 89' lang='lat' dir='ltr'>ualens</span> <span class='ocrx_word' id='word_1_379' title='bbox 457 2367 549 2409; x_wconf 86' lang='lat' dir='ltr'>resistere,</span> <span class='ocrx_word' id='word_1_380' title='bbox 558 2366 637 2401; x_wconf 85' lang='lat' dir='ltr'>surrexit</span> <span class='ocrx_word' id='word_1_381' title='bbox 648 2372 666 2402; x_wconf 86' lang='lat' dir='ltr'>et</span> <span class='ocrx_word' id='word_1_382' title='bbox 675 2378 734 2411; x_wconf 90' lang='lat' dir='ltr'>usque</span> <span class='ocrx_word' id='word_1_383' title='bbox 742 2368 765 2401; x_wconf 88' lang='lat' dir='ltr'>ad</span> <span class='ocrx_word' id='word_1_384' title='bbox 773 2365 851 2401; x_wconf 91' lang='lat' dir='ltr'>hostium</span> 
     </span>
     <span class='ocr_line' id='line_1_42' title="bbox 151 2418 856 2465; baseline -0.006 -10"><span class='ocrx_word' id='word_1_385' title='bbox 151 2422 216 2455; x_wconf 89' lang='lat' dir='ltr'>domus</span> <span class='ocrx_word' id='word_1_386' title='bbox 230 2420 326 2464; x_wconf 85' lang='lat' dir='ltr'>processit,</span> <span class='ocrx_word' id='word_1_387' title='bbox 338 2420 369 2454; x_wconf 90' lang='lat' dir='ltr'>ubi</span> <span class='ocrx_word' id='word_1_388' title='bbox 384 2431 451 2465; x_wconf 86' lang='lat' dir='ltr'>equum</span> <span class='ocrx_word' id='word_1_389' title='bbox 468 2425 551 2465; x_wconf 90' lang='lat' dir='ltr'>paratum</span> <span class='ocrx_word' id='word_1_390' title='bbox 562 2419 638 2464; x_wconf 90' lang='lat' dir='ltr'>inuenit,</span> <span class='ocrx_word' id='word_1_391' title='bbox 650 2431 705 2465; x_wconf 90' lang='lat' dir='ltr'>quem</span> <span class='ocrx_word' id='word_1_392' title='bbox 718 2421 779 2455; x_wconf 87' lang='lat' dir='ltr'>iussus</span> <span class='ocrx_word' id='word_1_393' title='bbox 791 2418 856 2465; x_wconf 32' lang='lat' dir='ltr'>statim·</span> 
     </span>
     <span class='ocr_line' id='line_1_43' title="bbox 171 2492 851 2526; baseline -0.006 -1"><span class='ocrx_word' id='word_1_394' title='bbox 171 2494 283 2526; x_wconf 81' lang='lat' dir='ltr'>¹E.vocatus.</span> <span class='ocrx_word' id='word_1_395' title='bbox 324 2494 432 2526; x_wconf 80' lang='lat' dir='ltr'>²E.1enitate.</span> <span class='ocrx_word' id='word_1_396' title='bbox 466 2494 693 2525; x_wconf 63' lang='grc' dir='ltr'>81511111111.Βε11.1111111.1εο.</span> <span class='ocrx_word' id='word_1_397' title='bbox 729 2492 851 2525; x_wconf 82' lang='lat' dir='ltr'>⁴T.E,euidam</span> 
     </span>
    </p>
   </div>
   <div class='ocr_carea' id='block_1_6' title="bbox 151 2534 851 2606">
    <p class='ocr_par' dir='ltr' id='par_1_12' title="bbox 151 2534 851 2606">
     <span class='ocr_line' id='line_1_44' title="bbox 151 2534 851 2576; baseline -0.006 -9"><span class='ocrx_word' id='word_1_398' title='bbox 151 2535 209 2568; x_wconf 85' lang='lat' dir='ltr'>comiti.</span> <span class='ocrx_word' id='word_1_399' title='bbox 246 2535 655 2576; x_wconf 72' lang='lat' dir='ltr'>³ExVir1c.settin(fromPetrusCluniacensts).</span> <span class='ocrx_word' id='word_1_400' title='bbox 695 2534 851 2566; x_wconf 58' lang='lat' dir='ltr'>“venalisque</span> 
     </span>
     <span class='ocr_line' id='line_1_45' title="bbox 151 2576 317 2606; baseline 0.012 -2"><span class='ocrx_word' id='word_1_401' title='bbox 151 2576 156 2593; x_wconf 76' lang='lat'><strong>⁷</strong></span> <span class='ocrx_word' id='word_1_402' title='bbox 167 2576 184 2605; x_wconf 66' lang='lat' dir='ltr'>T⁴</span> <span class='ocrx_word' id='word_1_403' title='bbox 192 2576 241 2605; x_wconf 90' lang='lat' dir='ltr'>nobili</span> <span class='ocrx_word' id='word_1_404' title='bbox 249 2577 317 2606; x_wconf 85' lang='lat' dir='ltr'>domino.</span> 
     </span>
    </p>
   </div>
   <div class='ocr_carea' id='block_1_7' title="bbox 0 0 902 2803">
    <p class='ocr_par' dir='ltr' id='par_1_13' title="bbox 0 0 902 2803">
     <span class='ocr_line' id='line_1_46' title="bbox 0 0 902 2803; baseline 0 0"><span class='ocrx_word' id='word_1_405' title='bbox 0 0 902 2803; x_wconf 95' lang='lat' dir='ltr'> </span> 
     </span>
    </p>
   </div>
  </div>
 </body>
</html>
