1762 2803
154 124 199 181 tlt
215 123 315 178 &uncto
331 123 441 187 bunone
452 123 569 186 uictore.
702 138 727 182 51

31 252 77 285 sacto
88 247 166 288 lesisset‚
174 246 248 282 veniam
258 252 322 291 petere
333 245 453 287 meminisset,
465 252 489 287 et,
497 245 539 290 quia
549 256 593 281 suos
604 256 649 290 sepe
660 246 732 280 animos

30 303 95 338 acerbe
108 306 227 345 prouocasset
238 300 281 344 qui¹
293 299 392 345 spiritualis
402 306 455 343 pater
465 305 483 334 et
495 299 564 344 primas
576 299 615 333 eius
626 299 732 339 haberetur,

30 354 102 390 cordis²
115 353 202 398 penitudo
212 353 303 396 venieque
318 352 422 387 necessaria
434 352 528 387 videretur
540 352 649 396 postulatio;
666 352 691 386 ita
704 362 733 386 re-

31 407 112 453 spondit:
119 409 123 426 ‘
129 406 183 449 Sane,
190 407 233 440 dum
240 406 350 440 conscientie
355 410 418 440 nostre
424 404 485 440 abdita
490 416 562 449 queque
568 405 648 446 reuoluo,
653 404 734 449 quiavos

31 460 103 503 sepead
108 459 144 493 iras
149 459 288 502 prouocauerim
293 458 472 491 euidenterinuenio.
481 457 534 499 Quod
539 457 647 491 tameninde
651 456 733 501 penitcn-
743 466 751 497 5

32 513 75 546 dum
81 511 126 545 mihi
132 511 155 544 sit
160 522 197 545 non
203 509 387 556 perpendo,sedquia
393 509 456 554 sepius
462 515 480 544 et
485 510 583 545 instantius
589 511 689 555 hocipsum
696 520 733 545 non

32 564 100 610 egerim
108 565 152 599 mihi
160 566 259 599 dolendum
269 562 312 599 scio.
334 564 372 599 Sed
380 568 398 598 et
406 563 488 598 crebrius
497 564 556 608 solito,
564 564 580 600 si
588 564 655 600 diutius
666 563 735 609 [uobis-

32 618 80 662 cum]
86 618 93 637 ³
99 617 136 652 vita
146 618 230 653 ducenda
239 622 321 659 restaret,
329 616 409 662 idipsum
420 628 450 652 me
459 617 555 660 facturum,
563 619 597 652 sub
605 618 663 653 oculis
669 623 734 653 cuncta

32 671 145 716 inspicientis
157 670 187 705 dei
200 669 305 706 firmissime
317 681 406 715 propono.
429 670 505 706 Memini
520 681 600 717 namque
612 671 655 716 quia
668 682 690 707 ea
699 681 735 717 que

32 732 92 761 tacere
104 735 140 760 non
153 724 263 765 debuissem,
276 724 375 768 [queque]⁴
385 736 395 758 a
409 724 462 760 vobis
472 725 488 760 si
498 725 603 760 dicerentur
614 724 736 769 equanimiter
747 735 764 756 ιο

33 778 81 813 non⁶
92 779 203 818 audirentur,
215 788 260 820 sepe
271 776 362 820 ignauiter
373 776 475 820 suppressi,
490 776 552 821 sicque
568 776 661 812 uestram“
674 776 735 820 potius

33 840 87 874 quam
95 829 153 874 patris
161 829 192 874 qui
199 829 217 863 in
225 829 269 864 celis
276 835 304 863 est
311 829 401 865 offensam
409 829 510 864 declinaui.¹
534 823 588 865 Dixit
597 836 658 864 autem
665 830 736 864 viriste

33 884 81 917 inter
88 889 160 917 cetera:
172 884 235 926 ίΟεὶἰο,
242 882 306 926 inquit,
316 892 350 917 seu
361 892 430 925 amore,
438 881 490 917 siue⁷
498 894 532 927 spe
540 883 569 917 vel
578 883 642 918 timore
654 893 735 928 persone

33 942 63 971 aut
71 937 98 970 rei
105 936 229 980 cuiuscunque
235 946 330 980 nunquam
336 935 428 970 averitate
435 935 495 970 iudicii
500 936 617 971 mescienter
622 935 736 971 exorbitasse

34 988 118 1032 memini3
131 988 147 1023 si
153 989 250 1023 iudicando
255 989 327 1023 deuiaui
335 999 346 1023 a
354 994 409 1031 recto,
414 989 448 1023 hoc
455 990 529 1034 proprie
535 989 644 1034 ignorantie,
650 995 680 1025 aut
686 995 736 1023 certe
746 998 765 1028 ¹5

34 1042 159 1084 assidentium,
167 1042 237 1077 crimen
248 1042 291 1076 tun!
334 1036 394 1077 Anno
405 1047 466 1075 autem
477 1042 546 1075 domini
558 1042 655 1077 millesimo
668 1043 737 1076 ducen-

34 1096 99 1129 tesimo
111 1100 169 1136 sexto,
182 1095 201 1128 in
213 1094 282 1129 octauis
295 1093 343 1129 beati
356 1093 434 1137 Martini,
445 1099 519 1129 sanctus
529 1095 591 1140 Hugo,
604 1095 671 1139 plenus
683 1094 737 1129 bonis

35 1147 120 1193 operibus
128 1147 212 1192 migrauit
218 1148 241 1181 ad
248 1147 347 1181 dominum.
371 1147 441 1182 Etcum
451 1149 474 1182 de
483 1148 583 1183 Londoniis
591 1149 614 1183 ad
623 1147 736 1182 Lincolniam

35 1212 101 1245 corpus
108 1206 191 1235 sanctum
196 1201 303 1243 deterretur,
309 1200 328 1234 in
335 1201 419 1235 manibus
428 1211 527 1244 puerorum
535 1200 583 1236 cerei
590 1206 668 1246 quatuor
673 1200 739 1245 iugiter

36 1254 129 1296 ardebant,
138 1265 183 1300 quos
195 1264 230 1289 nec
239 1259 336 1289 ventorum
346 1253 445 1298 spiramina
453 1265 487 1288 nec
495 1255 588 1298 ymbrium
595 1254 685 1290 stillicidia
692 1254 738 1289 ulla·
748 1263 768 1285 πο

36 1307 102 1342 tenus⁸
114 1309 221 1352 extinguere
233 1307 323 1341 valebant.
368 1300 419 1343 Cum
432 1313 492 1342 autem
504 1309 553 1352 apud
566 1307 694 1343 bikelesuade
706 1308 739 1342 de·

36 1360 126 1402 uenirent,
139 1365 157 1395 et
170 1360 189 1394 in
201 1360 278 1394 ecclesia
291 1370 325 1403 per
340 1366 413 1393 noctem
427 1360 476 1394 illam
489 1365 573 1395 sanctum
587 1370 654 1405 corpus
668 1370 738 1405 ponere

36 1412 109 1453 vellent,
122 1412 141 1446 in
157 1412 231 1447 introitu
247 1411 324 1447 ecclesie
336 1412 390 1447 turba
402 1413 536 1457 comprimente
551 1413 646 1449 brachium
657 1414 739 1450 hominis

38 1465 133 1500 cuiusdam
148 1467 261 1500 contractum
276 1471 309 1500 est.
332 1465 368 1507 Qui
383 1466 406 1499 ad
420 1466 495 1501 domum
511 1466 588 1507 delatus,
601 1472 619 1501 et
633 1467 708 1502 demum
720 1466 739 1499 in

39 1528 123 1561 soporem
131 1524 207 1552 tenuem
215 1517 312 1559 resolutus,
319 1517 364 1552 vidit
372 1520 480 1563 episcopum
487 1519 582 1553 brachium
593 1529 647 1554 suum
655 1518 740 1553 manibus
749 1528 768 1558 25

39 1576 187 1613 contrectantem,
198 1576 216 1604 et
229 1576 271 1615 post
285 1571 384 1616 paululum,
395 1572 437 1607 data
452 1571 585 1612 bencdictione,
598 1573 621 1606 ab
635 1571 676 1617 ipso
689 1582 740 1607 rece·

39 1623 118 1658 dentem.
141 1623 236 1667 Euigilans
243 1628 304 1658 autem
311 1623 341 1657 vir
347 1623 378 1657 ille
386 1623 481 1658 brachium
488 1625 564 1658 omnino
572 1629 656 1660 sanatum
665 1624 742 1659 inuenit.

41 1669 99 1721 Apud
108 1676 210 1712 Stanford'⁹
217 1686 290 1721 quoque
296 1675 303 1696 ⁴
310 1676 338 1711 vir
343 1675 417 1721 quidam
421 1676 459 1712 vite
465 1677 568 1713 innocentis
576 1677 667 1724 bonisque
676 1678 742 1713 studiis

41 1730 118 1773 deditus,
126 1736 165 1765 arte
177 1730 246 1764 sutoria
258 1730 292 1765 sibi
304 1735 322 1764 et
333 1730 402 1764 familie
413 1741 447 1765 sue
457 1730 526 1766 victum
537 1742 630 1775 querens;
642 1732 671 1766 hic
682 1731 742 1776 capite

40 1785 74 1817 sub
87 1784 155 1817 feretro
170 1783 263 1824 immerso,
277 1782 334 1816 oculis
347 1793 369 1817 ac
382 1782 467 1817 manibus
480 1783 499 1817 in
513 1784 572 1818 celum
585 1784 651 1819 erectis
663 1783 682 1818 in
693 1784 742 1818 hunc
751 1793 771 1822 30

42 1837 116 1871 modurn
124 1847 177 1871 orare
185 1835 243 1880 cepitt
257 1835 338 1870 ‘Gratias
346 1835 377 1868 tibi
385 1846 425 1879 ago,
434 1841 487 1879 pater
496 1836 662 1870 misericordiarum
670 1841 688 1871 et
697 1836 743 1871 deus

41 1888 96 1922 totius
104 1888 238 1929 consolationis,
246 1887 289 1932 quia
294 1887 381 1923 misertus
388 1900 408 1923 es
413 1888 450 1922 mei
455 1894 474 1922 et
479 1888 506 1932 [in
514 1889 603 1933 tantum]⁴
611 1890 714 1924 consolatus
722 1899 743 1923 es

42 1942 115 1983 mevtw,
121 1943 169 1986 quod
174 1942 194 1975 in
200 1942 234 1975 hoc
239 1941 308 1975 mundo
315 1941 437 1986 superomnia
443 1941 621 1986 concupiui,corpori
628 1942 744 1977 sanctissimo

42 1995 90 2029 serui
98 1994 124 2029 tui
131 2005 198 2040 corpus
208 2004 270 2028 meum
278 2000 305 2028 tot
313 1994 498 2039 peccatisobuoxium
508 1995 609 2041 quiuissem
617 1995 717 2040 adiungere
725 2003 744 2031 et

43 2048 59 2084 ei
64 2049 95 2094 qui
100 2050 179 2085 fideliter
185 2049 217 2084 tibi
226 2049 302 2083 seruiuit
310 2049 420 2084 meruissem
429 2048 563 2095 approximare.
587 2049 682 2093 Deprecor
689 2050 745 2094 igitur
753 2061 772 2092 35

43 2107 65 2143 te,
71 2102 188 2147 omnipotens
195 2104 247 2144 deus,
255 2103 301 2136 utin
309 2102 344 2136 hac
353 2108 407 2137 nocte
413 2103 493 2137 animam
504 2113 565 2137 meam
573 2113 615 2137 cum
623 2104 684 2138 anima
691 2102 745 2137 istius

43 2155 100 2190 sancti
108 2156 127 2189 in
135 2155 199 2199 requie
208 2155 292 2199 perenni,
300 2154 331 2189 vbi
341 2165 383 2189 eam
395 2166 437 2189 esse
448 2165 485 2189 non
497 2155 565 2195 dubito,
572 2155 638 2189 iubeas
649 2154 744 2189 collocari)

44 2207 81 2242 Nec
97 2217 153 2250 mora,
166 2208 189 2241 ud
204 2207 280 2241 domum
295 2205 354 2248 rediit,
368 2206 504 2243 contessionem
517 2213 535 2242 et
553 2212 686 2243 testamentum
697 2209 745 2250 iecit,

44 2259 171 2295 eucharistiam
179 2259 259 2304 recepit:
272 2265 290 2294 et
295 2269 339 2293 mox
345 2258 430 2304 spiritum
435 2259 454 2294 in
461 2271 506 2304 pace
514 2260 580 2296 emisit.
625 2253 676 2298 Cum
684 2268 745 2297 autem

44 2312 63 2348 in
71 2314 148 2349 ecclesia
157 2313 272 2350 lincolniensi
280 2324 347 2357 corpus
358 2319 442 2348 sanctum
453 2320 554 2358 poneretur
559 2314 577 2356 ¹¹,
589 2315 655 2349 mulier
667 2315 745 2358 quedam
754 2325 774 2354 4⁰

45 2368 106 2401 multis
120 2367 174 2402 annis
188 2367 263 2402 cecitate
275 2377 369 2411 percussa,
376 2366 470 2401 oculorum
482 2366 545 2402 lumen
559 2372 606 2402 tacto
618 2367 658 2402 eius
668 2377 746 2411 corpore

46 2429 96 2456 sacro
104 2420 185 2465 perfecte
193 2425 307 2463 consequuta
315 2426 348 2453 est.
376 2412 430 2453 Dum
438 2420 488 2453 enim
496 2425 580 2453 matrona
588 2420 668 2463 quedam
677 2419 747 2453 iuxta¹²

65 2507 201 2546 ¹E.ct‚T.quia.
222 2507 338 2538 ‘Vitundec
358 2506 455 2537 lominE.
475 2507 523 2538 ‘orn
543 2507 692 2538 ³E.auobisnon.
712 2507 748 2540 ⁸E.

47 2551 120 2578 nostram.
167 2548 250 2580 ⁷E.sine.
307 2547 444 2580 ⁹E.nullatenus,
494 2548 619 2580 ⁹T.Stamsord.
659 2548 748 2581 1”Τ.Ε.εῑ.

47 2584 58 2604 ¹¹
65 2587 82 2619 E.
90 2592 181 2627 puneretur.
221 2588 233 2607 ¹²
243 2589 261 2621 E.
271 2588 336 2620 iuxtum.

387 2648 417 2672 32
