1762 2803
91 172 129 217 '40
290 161 370 214 utinm
386 157 501 222 termus
516 158 610 221 toute.

100 283 169 328 aliquot
184 282 224 317 dies
241 281 339 327 diligenter
352 282 442 327 quesiuit:
459 282 564 327 dictumque
578 287 606 316 est
618 281 635 316 ei
650 280 738 316 avicinis
752 280 801 325 quod

99 336 163 371 ultimo
178 336 264 371 viderunt
277 347 355 380 puerum
367 347 423 380 quem
437 335 517 380 quesiuit
532 337 626 370 ludentem
639 346 681 370 cum
695 334 759 379 pueris
772 334 802 368 Iu-

101 391 178 424 deorum
191 390 226 423 sibi
237 390 335 430 coetaneis,
347 395 366 423 et
377 390 452 423 domum
464 388 515 424 iudei
526 388 633 424 cuiusdam¹
644 389 748 424 intrantem.
771 387 802 422 In-

101 444 156 477 trauit
169 442 224 486 igitur
238 442 305 476 mulier
321 442 381 477 subito
396 443 471 476 domum
483 442 538 485 illam,
551 448 570 476 et
581 442 626 476 vidit
638 453 705 486 eorpus
718 441 771 486 pueri
783 441 802 474 in

83 503 91 532 ⁵
102 496 193 540 quendam
201 500 277 539 puteum
285 494 418 540 precipitatum.
441 495 465 529 Et
471 500 524 530 caute
530 495 634 530 conuocatis
639 495 717 530 ciuitatis
725 493 803 534 balliuis,

100 549 196 583 inuentum
208 553 237 583 est
248 559 316 593 corpus
327 553 346 582 et
357 553 465 583 extractum.
488 548 548 582 Mater
559 553 620 582 autem
631 549 689 592 pueri,
698 546 773 591 querula
784 551 802 581 et

100 601 196 641 clamosa²‚
205 611 269 634 omnes
279 601 334 641 ciues,
347 600 415 634 imm0³
425 602 502 634 omnes⁴
513 601 644 634 conuenientes
649 600 660 642 ⁶,
671 601 694 634 ad
705 599 802 633 lachrimas

101 658 119 688 et
127 652 206 697 suspiria
213 652 325 697 prouocauit.
348 653 393 687 Erat
404 660 466 688 autem
477 653 546 687 ibidem
557 653 623 687 nobilis
631 653 718 696 quidaml
727 651 802 685 nomine

101 706 194 740 lohannes
199 705 212 748 ἵ,
219 705 248 741 vir
256 706 342 750 quidem³
350 706 493 750 circumspectus
500 711 517 740 et
524 706 617 750 eleganter
625 705 720 748 litteratus,
728 704 759 748 qui
767 704 801 738 ait:

74 766 93 788 10
102 758 222 794 ‘Audiuimus
236 760 285 803 quod
298 759 420 803 quandoque⁹
434 758 485 793 Iudei
498 760 517 793 in
529 757 648 803 obprobrium
663 757 719 792 Ihesu
734 756 803 792 Christi

102 811 171 847 domini
179 813 238 846 nostri
246 812 328 846 crucifixi
339 812 381 846 talia
392 823 429 845 non
440 817 483 846 sunt
490 812 543 847 veriti
553 813 672 855 attemptare,’
679 816 758 854 etcapto
766 821 802 844 vno

102 865 164 906 ludeo,
173 864 192 898 in
204 864 255 899 cuius
267 866 343 899 domum
354 864 427 898 intrauit
438 874 485 908 puer
497 864 543 907 (ipse
555 862 637 907 Hugo)¹⁰
649 863 720 906 ludens,
733 868 751 898 et
762 862 803 897 aliis

102 918 144 952 ideo
160 917 268 961 suspectior,
281 917 305 952 ait
316 917 354 952 illi:
366 916 438 959 ‘illiser,
450 916 511 951 nescis
522 916 565 960 quia
577 920 595 950 te
609 916 686 951 festinus
700 920 762 951 manet
774 915 803 949 in·

101 970 197 1004 teritusss?
215 975 273 1003 totum
288 981 353 1004 aurum
368 970 435 1012 Anglie
450 980 487 1003 non
503 970 595 1002 sufficeret
608 970 632 1003 ad
647 969 761 1014 ereptionem
773 968 803 1002 vel

75 1031 93 1060 15
102 1021 249 1066 redemptionem
258 1027 312 1056 tuam.
335 1022 465 1056 Verumtamen
475 1021 534 1055 dicam
543 1021 580 1065 tibi,
586 1022 628 1056 licet
636 1022 717 1067 indigno,
725 1021 803 1066 qualiter

102 1074 171 1119 poteris
176 1074 231 1110 vitam
238 1080 287 1109 tuam
292 1075 363 1109 saluere
369 1081 387 1109 et
394 1075 481 1116 membra,
487 1086 510 1109 ne
516 1075 611 1109 mutileris.
622 1076 725 1120 Vtrumque
731 1076 763 1110 tibi
768 1076 802 1110 sal-

102 1130 154 1171 uabo,
163 1129 179 1161 si
185 1139 295 1171 quecunque
303 1128 322 1161 in
330 1128 364 1162 hoc
372 1139 415 1162 casu
421 1133 526 1172 perpetrata
530 1129 548 1169 ¹2,
554 1128 594 1162 sine
601 1129 679 1163 falsitate
685 1134 716 1163 aut
722 1129 786 1162 fraude
791 1128 803 1148 ¹³

102 1181 147 1215 mihi
157 1181 238 1224 pandas.¹
263 1180 330 1215 iudeus
342 1179 397 1225 igitur
407 1180 444 1223 ille,
452 1181 527 1215 nomine
535 1180 622 1225 Copinus‚
630 1182 657 1216 sic
667 1182 746 1216 credens
753 1180 802 1216 viam

101 1234 196 1269 inuenisse
208 1233 304 1275 euadendi,
316 1233 412 1278 respoudit
424 1232 498 1269 dicens:
511 1234 600 1269 ‘Domine
613 1234 710 1276 Iohannes,
724 1234 740 1268 si
750 1234 803 1268 dictis

74 1296 93 1316 20
101 1287 149 1321 facta
157 1297 272 1330 compenses,
281 1287 361 1330 pandam
372 1286 405 1319 tibi
415 1286 515 1320 mirabilia.’
539 1287 562 1320 Et
575 1287 662 1320 animauit
674 1297 716 1321 eum
728 1292 747 1320 et
758 1287 803 1320 inci-

101 1339 146 1373 tauit
153 1339 176 1372 ad
185 1338 219 1372 hoc
227 1339 311 1372 eiusdem
318 1338 424 1371 lohannis¹⁴
431 1337 526 1372 industria.
545 1337 569 1372 Et
577 1338 601 1372 ait
607 1338 684 1374 ludens:
693 1339 752 1373 ‘Vera
760 1344 803 1372 sunt

101 1402 136 1435 que
150 1391 212 1425 dicunt
226 1390 332 1431 Christiani,
346 1391 397 1424 Iudei
413 1391 451 1424 fere
465 1391 545 1434 quolibet
561 1402 609 1425 anno
621 1402 678 1425 vnum
693 1403 771 1435 puerum
783 1392 802 1426 in

101 1443 186 1478 iniuriam
198 1449 216 1477 et
227 1444 355 1477 contumeliam
369 1443 424 1477 lhesu
438 1444 557 1488 crucifigunt:
569 1445 602 1478 sed
614 1454 651 1478 non
662 1445 743 1488 quolibet
754 1456 802 1479 anno

102 1497 219 1542 comperitur,
233 1508 278 1530 nam
291 1497 361 1530 occulte
379 1497 414 1530 hoc
431 1496 503 1539 iaciunt,
516 1502 533 1531 et
548 1497 593 1531 locis
608 1498 673 1532 abditis
688 1503 707 1532 et
721 1499 803 1533 secretis.

74 1555 92 1585 ²5
103 1551 161 1585 Hunc
169 1555 230 1584 autem
238 1561 323 1593 puerum,
331 1560 387 1592 quem
393 1549 492 1592 Hugonem
498 1555 568 1592 vocant,
576 1550 738 1584 inmisericorditer
745 1551 803 1585 nostri

103 1602 155 1637 ludei
163 1602 306 1644 crucifixerunt3
319 1607 337 1636 et
345 1613 387 1636 cum
398 1602 472 1643 obisset,
481 1609 498 1636 et
506 1608 598 1636 mortuum
608 1603 721 1637 abscondere
729 1603 803 1645 vellent,

101 1655 121 1689 in
133 1660 182 1690 terra
190 1654 242 1689 obrui
250 1665 287 1688 non
296 1654 353 1698 potuit
364 1665 397 1689 nec
408 1655 500 1688 abscondi.
524 1654 603 1689 Perutile
608 1654 621 1675 1⁶
629 1656 678 1689 enim
686 1657 804 1700 reputabatur

103 1719 171 1752 corpus
178 1708 256 1742 insontis
268 1708 353 1751 augurio:
366 1710 389 1741 ad
397 1708 432 1742 hoc
443 1708 493 1742 enim
505 1708 645 1743 euiscerabatur.
668 1709 691 1742 Et
699 1719 741 1743 cum
749 1720 803 1744 mane

103 1762 160 1806 putab
172 1766 202 1795 tur
209 1760 342 1804 absconditum,
350 1761 407 1796 edidit
414 1760 459 1795 illud
467 1766 516 1796 terra
526 1767 544 1796 et
552 1761 637 1804 euomuit,
646 1767 664 1796 et
672 1773 728 1805 supra
735 1768 803 1798 terram

74 1827 93 1856 50
102 1815 217 1848 inhumatum
226 1814 314 1858 apparuit.
338 1815 378 1856 Quo
383 1814 428 1856 viso,
438 1814 488 1848 Iudei
495 1815 572 1848 multum
580 1815 705 1856 abhorrentes,
711 1826 752 1849 cum
758 1816 803 1850 illud

102 1868 121 1901 in
137 1871 213 1912 puteum
230 1866 361 1911 proiecissent;
381 1868 423 1911 (deo
437 1867 518 1910 volente)
534 1877 568 1901 nec
581 1872 625 1901 tunc
640 1867 725 1901 occultari
741 1869 803 1912 potuit.

103 1920 152 1954 Nam
167 1925 226 1954 mater
240 1920 294 1964 pueri
307 1922 392 1964 improba
403 1920 465 1955 omnia
476 1921 614 1964 perscrutando,
628 1931 694 1964 corpus
708 1921 803 1956 inuentum

101 1972 173 2007 balliuis
185 1972 286 2007 intimauit?
310 1973 366 2008 ludeo
377 1973 444 2017 itaque,
456 1979 543 2017 precepto
555 1972 621 2017 prelati
631 1972 719 2008 Iohannis
726 1974 804 2009 vinculis

101 2024 212 2069 mancipato,
228 2025 310 2059 canonici
328 2025 406 2061 ecclesie
421 2027 547 2061 lincolniensis
559 2026 687 2071 corpusculum
707 2027 741 2061 sibi
756 2029 803 2063 tradi

74 2092 92 2123 35
101 2080 199 2125 petierunt,
208 2084 226 2113 et
234 2084 321 2124 tanquam
329 2080 408 2124 preciosi
419 2080 499 2115 martiris
506 2080 611 2115 venerabile
618 2091 685 2124 corpus
693 2086 711 2115 ct
719 2087 803 2117 sanctum
845 2083 847 2087 “

101 2132 203 2167 honorifice
211 2139 261 2167 terre
271 2134 390 2168 tradiderunt:
414 2134 466 2168 ludei
473 2145 517 2168 vero
525 2135 590 2168 decern
598 2133 663 2167 diebus
671 2144 748 2178 puerum
756 2135 804 2170 inira

49 2226 51 2230 ¹
102 2197 135 2221 sua
147 2184 249 2221 habitacula
260 2186 342 2220 clausum
351 2192 454 2229 tenuerant,
461 2192 482 2222 vt
491 2192 518 2222 tot
529 2186 595 2221 diebus
606 2188 652 2221 lacte
663 2192 727 2230 pastus
736 2190 804 2223 atrocia

101 2240 215 2282 perfidorum
225 2243 317 2272 tormenta
324 2239 389 2273 fortius
398 2240 483 2273 tollerare
494 2244 562 2283 posset,
586 2239 690 2283 Increpauit
700 2244 761 2274 autem
769 2251 803 2275 rex

102 2291 205 2325 Iohannem
223 2290 314 2334 prefatum
328 2292 376 2334 quod
390 2297 427 2325 tam
442 2291 532 2335 flagitioso
539 2291 552 2312 ¹⁶
565 2291 626 2334 vitam,
639 2302 695 2336 quam
708 2294 753 2327 dare
766 2304 803 2328 non

73 2360 93 2391 40
102 2349 179 2389 poterat,
186 2343 311 2388 pollicebatur.
330 2344 414 2389 Cumque
423 2345 491 2380 iudeus
497 2344 568 2380 videret
576 2355 597 2380 se
604 2345 655 2379 nullo
662 2346 717 2380 modo
725 2351 803 2382 mortem

102 2399 181 2432 euadere
199 2408 260 2440 posse,
276 2398 311 2432 ait:
331 2397 428 2432 ‘Imminet
444 2398 490 2432 mihi
505 2409 555 2433 mors
571 2409 623 2441 mea„
633 2409 668 2433 nec
683 2404 744 2442 potest
758 2400 803 2434 mihi

120 2461 155 2491 1Ε.
164 2460 244 2490 cuiusdam
254 2461 301 2491 iudei.
352 2461 464 2494 ²E.cl.voce.
504 2463 636 2495 '³lrlP.innno.
686 2462 756 2495 ‘omiu
767 2465 802 2497 MP.

101 2502 107 2520 ⁵
116 2501 134 2532 T.
144 2502 257 2532 conuenientes
265 2512 324 2532 omnes.
365 2501 371 2518 ⁵
381 2503 398 2533 E.
405 2503 468 2532 nomine
475 2504 542 2540 quidam,
584 2503 590 2521 ⁷
601 2504 635 2533 MP.
643 2503 676 2533 Ioh.
682 2504 702 2533 de
710 2505 804 2536 Lexintona.

101 2541 133 2570 ΒΤ.
143 2542 160 2570 E.
169 2541 235 2577 quidam.
276 2541 483 2579 ‘’Munandoquequod.
524 2543 721 2580 ntpselrugoomnnr.
763 2543 773 2562 ¹¹
784 2545 802 2575 E.

102 2580 188 2610 interritus.
232 2579 368 2618 ¹²MP.aguntur.
412 2581 642 2616 13ΜΡ.5ἱηεἴειΙείεῒειιηίηε.
687 2583 698 2600 ¹¹
708 2584 726 2615 E.
735 2584 802 2616 ioannis.

101 2619 112 2639 ¹⁵
123 2619 158 2650 MP.
166 2620 223 2650 inutile
231 2619 255 2660 (l).
295 2620 307 2639 ¹⁰
317 2622 335 2651 T.
343 2622 413 2652 ssacioso.
