<?xml version="1.0" encoding="UTF-8"?>
<!DOCTYPE html PUBLIC "-//W3C//DTD XHTML 1.0 Transitional//EN"
    "http://www.w3.org/TR/xhtml1/DTD/xhtml1-transitional.dtd">
<html xmlns="http://www.w3.org/1999/xhtml" xml:lang="en" lang="en">
 <head>
  <title>
</title>
<meta http-equiv="Content-Type" content="text/html;charset=utf-8" />
  <meta name='ocr-system' content='tesseract 3.04.00' />
  <meta name='ocr-capabilities' content='ocr_page ocr_carea ocr_par ocr_line ocrx_word'/>
</head>
<body>
  <div class='ocr_page' id='page_1' title='image "./MN5111ucmf_0/MN5111ucmf_0_0259.png"; bbox 0 0 1762 2803; ppageno 0'>
   <div class='ocr_carea' id='block_1_1' title="bbox 273 98 775 156">
    <p class='ocr_par' dir='ltr' id='par_1_1' title="bbox 273 98 775 156">
     <span class='ocr_line' id='line_1_1' title="bbox 273 98 775 156; baseline -0.024 0"><span class='ocrx_word' id='word_1_1' title='bbox 273 101 318 156; x_wconf 62' lang='lat' dir='ltr'>Ut</span> <span class='ocrx_word' id='word_1_2' title='bbox 333 98 433 156; x_wconf 51' lang='lat' dir='ltr'>&amp;illim</span> <span class='ocrx_word' id='word_1_3' title='bbox 450 98 556 151; x_wconf 66' lang='lat' dir='ltr'>OEdflsstss.</span> <span class='ocrx_word' id='word_1_4' title='bbox 732 104 775 156; x_wconf 84' lang='lat'>169</span> 
     </span>
    </p>
   </div>
   <div class='ocr_carea' id='block_1_2' title="bbox 75 215 806 851">
    <p class='ocr_par' dir='ltr' id='par_1_2' title="bbox 75 215 806 851">
     <span class='ocr_line' id='line_1_2' title="bbox 75 215 777 266; baseline -0.001 -10"><span class='ocrx_word' id='word_1_5' title='bbox 75 215 172 256; x_wconf 89' lang='lat' dir='ltr'>Tirannus</span> <span class='ocrx_word' id='word_1_6' title='bbox 183 223 257 266; x_wconf 92' lang='lat' dir='ltr'>quidam</span> <span class='ocrx_word' id='word_1_7' title='bbox 270 222 344 256; x_wconf 90' lang='lat' dir='ltr'>nomine</span> <span class='ocrx_word' id='word_1_8' title='bbox 356 222 412 256; x_wconf 90' lang='lat' dir='ltr'>Sawil</span> <span class='ocrx_word' id='word_1_9' title='bbox 424 232 466 256; x_wconf 80' lang='lat' dir='ltr'>eum</span> <span class='ocrx_word' id='word_1_10' title='bbox 479 223 518 255; x_wconf 94' lang='lat' dir='ltr'>suis</span> <span class='ocrx_word' id='word_1_11' title='bbox 530 220 584 255; x_wconf 91' lang='lat' dir='ltr'>sociis</span> <span class='ocrx_word' id='word_1_12' title='bbox 597 221 657 255; x_wconf 88' lang='lat' dir='ltr'>cibum</span> <span class='ocrx_word' id='word_1_13' title='bbox 668 221 702 255; x_wconf 88' lang='lat' dir='ltr'>viri</span> <span class='ocrx_word' id='word_1_14' title='bbox 716 221 745 255; x_wconf 91' lang='lat' dir='ltr'>dei</span> <span class='ocrx_word' id='word_1_15' title='bbox 759 227 777 255; x_wconf 92' lang='lat' dir='ltr'>et</span> 
     </span>
     <span class='ocr_line' id='line_1_3' title="bbox 75 272 776 320; baseline -0.001 -12"><span class='ocrx_word' id='word_1_16' title='bbox 75 280 139 318; x_wconf 90' lang='lat' dir='ltr'>potum</span> <span class='ocrx_word' id='word_1_17' title='bbox 148 274 165 310; x_wconf 94' lang='lat' dir='ltr'>vi</span> <span class='ocrx_word' id='word_1_18' title='bbox 176 276 270 320; x_wconf 87' lang='lat' dir='ltr'>diripiens,</span> <span class='ocrx_word' id='word_1_19' title='bbox 279 275 361 310; x_wconf 82' lang='lat' dir='ltr'>ebrietati</span> <span class='ocrx_word' id='word_1_20' title='bbox 372 280 390 309; x_wconf 92' lang='lat' dir='ltr'>et</span> <span class='ocrx_word' id='word_1_21' title='bbox 400 275 474 319; x_wconf 88' lang='lat' dir='ltr'>crapule</span> <span class='ocrx_word' id='word_1_22' title='bbox 483 275 560 316; x_wconf 88' lang='lat' dir='ltr'>vacauit,</span> <span class='ocrx_word' id='word_1_23' title='bbox 568 279 586 308; x_wconf 94' lang='lat' dir='ltr'>et</span> <span class='ocrx_word' id='word_1_24' title='bbox 596 274 619 308; x_wconf 86' lang='lat' dir='ltr'>ad</span> <span class='ocrx_word' id='word_1_25' title='bbox 629 272 776 308; x_wconf 85' lang='lat' dir='ltr'>interficiendum</span> 
     </span>
     <span class='ocr_line' id='line_1_4' title="bbox 75 328 777 370; baseline 0 -8"><span class='ocrx_word' id='word_1_26' title='bbox 75 328 168 363; x_wconf 87' lang='lat' dir='ltr'>Cadocum</span> <span class='ocrx_word' id='word_1_27' title='bbox 177 335 195 363; x_wconf 89' lang='lat' dir='ltr'>et</span> <span class='ocrx_word' id='word_1_28' title='bbox 205 330 270 364; x_wconf 84' lang='lat' dir='ltr'>iratres</span> <span class='ocrx_word' id='word_1_29' title='bbox 280 331 320 363; x_wconf 94' lang='lat' dir='ltr'>eius</span> <span class='ocrx_word' id='word_1_30' title='bbox 330 330 365 363; x_wconf 90' lang='lat' dir='ltr'>iter</span> <span class='ocrx_word' id='word_1_31' title='bbox 375 329 477 363; x_wconf 90' lang='lat' dir='ltr'>maturauit.</span> <span class='ocrx_word' id='word_1_32' title='bbox 500 329 523 363; x_wconf 88' lang='lat' dir='ltr'>Et</span> <span class='ocrx_word' id='word_1_33' title='bbox 534 339 583 370; x_wconf 84' lang='lat' dir='ltr'>ecce,</span> <span class='ocrx_word' id='word_1_34' title='bbox 590 338 652 363; x_wconf 87' lang='lat' dir='ltr'>coram</span> <span class='ocrx_word' id='word_1_35' title='bbox 660 328 717 362; x_wconf 88' lang='lat' dir='ltr'>oculis</span> <span class='ocrx_word' id='word_1_36' title='bbox 727 328 777 362; x_wconf 89' lang='lat' dir='ltr'>serui</span> 
     </span>
     <span class='ocr_line' id='line_1_5' title="bbox 75 382 777 427; baseline 0 -12"><span class='ocrx_word' id='word_1_37' title='bbox 75 382 105 416; x_wconf 91' lang='lat' dir='ltr'>dei</span> <span class='ocrx_word' id='word_1_38' title='bbox 114 387 164 417; x_wconf 88' lang='lat' dir='ltr'>terra</span> <span class='ocrx_word' id='word_1_39' title='bbox 173 384 244 427; x_wconf 90' lang='lat' dir='ltr'>aperuit</span> <span class='ocrx_word' id='word_1_40' title='bbox 255 394 276 418; x_wconf 91' lang='lat' dir='ltr'>os</span> <span class='ocrx_word' id='word_1_41' title='bbox 287 394 346 425; x_wconf 79' lang='lat' dir='ltr'>suum,</span> <span class='ocrx_word' id='word_1_42' title='bbox 354 388 372 417; x_wconf 90' lang='lat' dir='ltr'>et</span> <span class='ocrx_word' id='word_1_43' title='bbox 382 383 469 427; x_wconf 85' lang='lat' dir='ltr'>absorpto</span> <span class='ocrx_word' id='word_1_44' title='bbox 479 393 520 417; x_wconf 91' lang='lat' dir='ltr'>cum</span> <span class='ocrx_word' id='word_1_45' title='bbox 531 384 570 417; x_wconf 90' lang='lat' dir='ltr'>suis</span> <span class='ocrx_word' id='word_1_46' title='bbox 580 382 689 416; x_wconf 87' lang='lat' dir='ltr'>satellitibus</span> <span class='ocrx_word' id='word_1_47' title='bbox 700 382 777 423; x_wconf 83' lang='lat' dir='ltr'>tiranno,</span> 
     </span>
     <span class='ocr_line' id='line_1_6' title="bbox 75 434 795 480; baseline -0.001 -11"><span class='ocrx_word' id='word_1_48' title='bbox 75 435 125 469; x_wconf 81' lang='lat' dir='ltr'>fossa</span> <span class='ocrx_word' id='word_1_49' title='bbox 136 447 194 480; x_wconf 91' lang='lat' dir='ltr'>vsque</span> <span class='ocrx_word' id='word_1_50' title='bbox 205 438 224 471; x_wconf 93' lang='lat' dir='ltr'>in</span> <span class='ocrx_word' id='word_1_51' title='bbox 236 437 345 471; x_wconf 85' lang='lat' dir='ltr'>hodiernum</span> <span class='ocrx_word' id='word_1_52' title='bbox 357 438 406 471; x_wconf 86' lang='lat' dir='ltr'>diem</span> <span class='ocrx_word' id='word_1_53' title='bbox 417 437 485 471; x_wconf 87' lang='lat' dir='ltr'>ibidem</span> <span class='ocrx_word' id='word_1_54' title='bbox 497 437 517 470; x_wconf 92' lang='lat' dir='ltr'>in</span> <span class='ocrx_word' id='word_1_55' title='bbox 528 437 653 471; x_wconf 84' lang='lat' dir='ltr'>testimonium</span> <span class='ocrx_word' id='word_1_56' title='bbox 667 434 755 469; x_wconf 79' lang='lat' dir='ltr'>remansit</span> <span class='ocrx_word' id='word_1_57' title='bbox 762 434 765 452; x_wconf 94' lang='lat'>¹</span> <span class='ocrx_word' id='word_1_58' title='bbox 773 445 795 476; x_wconf 83' lang='lat'>.5</span> 
     </span>
     <span class='ocr_line' id='line_1_7' title="bbox 77 481 778 533; baseline 0 -11"><span class='ocrx_word' id='word_1_59' title='bbox 77 481 169 523; x_wconf 86' lang='lat' dir='ltr'>Pascebat</span> <span class='ocrx_word' id='word_1_60' title='bbox 177 491 226 523; x_wconf 92' lang='lat' dir='ltr'>enim</span> <span class='ocrx_word' id='word_1_61' title='bbox 235 490 317 524; x_wconf 87' lang='lat' dir='ltr'>Cadocus</span> <span class='ocrx_word' id='word_1_62' title='bbox 325 496 399 524; x_wconf 90' lang='lat' dir='ltr'>centum</span> <span class='ocrx_word' id='word_1_63' title='bbox 408 491 473 524; x_wconf 86' lang='lat' dir='ltr'>cotidie</span> <span class='ocrx_word' id='word_1_64' title='bbox 481 490 562 531; x_wconf 85' lang='lat' dir='ltr'>clericos,</span> <span class='ocrx_word' id='word_1_65' title='bbox 570 489 644 523; x_wconf 89' lang='lat' dir='ltr'>totidem</span> <span class='ocrx_word' id='word_1_66' title='bbox 652 499 751 533; x_wconf 84' lang='lat' dir='ltr'>pauperes,</span> <span class='ocrx_word' id='word_1_67' title='bbox 759 493 778 522; x_wconf 90' lang='lat' dir='ltr'>et</span> 
     </span>
     <span class='ocr_line' id='line_1_8' title="bbox 75 542 777 587; baseline 0.001 -13"><span class='ocrx_word' id='word_1_68' title='bbox 75 543 152 574; x_wconf 89' lang='lat' dir='ltr'>totidem</span> <span class='ocrx_word' id='word_1_69' title='bbox 159 543 229 585; x_wconf 91' lang='lat' dir='ltr'>viduas,</span> <span class='ocrx_word' id='word_1_70' title='bbox 237 548 299 587; x_wconf 89' lang='lat' dir='ltr'>preter</span> <span class='ocrx_word' id='word_1_71' title='bbox 306 544 388 577; x_wconf 88' lang='lat' dir='ltr'>aduenas</span> <span class='ocrx_word' id='word_1_72' title='bbox 397 549 414 577; x_wconf 88' lang='lat' dir='ltr'>et</span> <span class='ocrx_word' id='word_1_73' title='bbox 422 543 505 587; x_wconf 82' lang='lat' dir='ltr'>hospites</span> <span class='ocrx_word' id='word_1_74' title='bbox 513 544 536 576; x_wconf 87' lang='lat' dir='ltr'>ad</span> <span class='ocrx_word' id='word_1_75' title='bbox 544 543 595 576; x_wconf 90' lang='lat' dir='ltr'>illum</span> <span class='ocrx_word' id='word_1_76' title='bbox 603 543 668 577; x_wconf 88' lang='lat' dir='ltr'>crebro</span> <span class='ocrx_word' id='word_1_77' title='bbox 675 542 777 576; x_wconf 89' lang='lat' dir='ltr'>venientes.</span> 
     </span>
     <span class='ocr_line' id='line_1_9' title="bbox 77 594 777 639; baseline 0.001 -12"><span class='ocrx_word' id='word_1_78' title='bbox 77 594 128 628; x_wconf 84' lang='lat' dir='ltr'>Licet</span> <span class='ocrx_word' id='word_1_79' title='bbox 136 596 185 629; x_wconf 87' lang='lat' dir='ltr'>enim</span> <span class='ocrx_word' id='word_1_80' title='bbox 194 596 250 630; x_wconf 88' lang='lat' dir='ltr'>abbas</span> <span class='ocrx_word' id='word_1_81' title='bbox 260 597 327 631; x_wconf 91' lang='lat' dir='ltr'>multos</span> <span class='ocrx_word' id='word_1_82' title='bbox 337 597 371 630; x_wconf 93' lang='lat' dir='ltr'>sub</span> <span class='ocrx_word' id='word_1_83' title='bbox 379 607 400 630; x_wconf 91' lang='lat' dir='ltr'>se</span> <span class='ocrx_word' id='word_1_84' title='bbox 408 597 508 630; x_wconf 83' lang='lat' dir='ltr'>monachos</span> <span class='ocrx_word' id='word_1_85' title='bbox 519 601 597 639; x_wconf 80' lang='lat' dir='ltr'>regeret,</span> <span class='ocrx_word' id='word_1_86' title='bbox 604 596 707 639; x_wconf 90' lang='lat' dir='ltr'>portionem</span> <span class='ocrx_word' id='word_1_87' title='bbox 715 600 777 629; x_wconf 87' lang='lat' dir='ltr'>tamen</span> 
     </span>
     <span class='ocr_line' id='line_1_10' title="bbox 76 640 777 691; baseline 0.001 -12"><span class='ocrx_word' id='word_1_88' title='bbox 76 647 129 689; x_wconf 86' lang='lat' dir='ltr'>regni</span> <span class='ocrx_word' id='word_1_89' title='bbox 137 648 194 689; x_wconf 91' lang='lat' dir='ltr'>patris</span> <span class='ocrx_word' id='word_1_90' title='bbox 202 648 230 681; x_wconf 91' lang='lat' dir='ltr'>sui</span> <span class='ocrx_word' id='word_1_91' title='bbox 238 649 335 691; x_wconf 88' lang='lat' dir='ltr'>possidens</span> <span class='ocrx_word' id='word_1_92' title='bbox 344 648 467 691; x_wconf 84' lang='lat' dir='ltr'>indigentibus</span> <span class='ocrx_word' id='word_1_93' title='bbox 474 648 578 682; x_wconf 84' lang='lat' dir='ltr'>necessaria</span> <span class='ocrx_word' id='word_1_94' title='bbox 585 647 682 681; x_wconf 85' lang='lat' dir='ltr'>distribuit.</span> <span class='ocrx_word' id='word_1_95' title='bbox 726 640 777 682; x_wconf 89' lang='lat' dir='ltr'>Cum</span> 
     </span>
     <span class='ocr_line' id='line_1_11' title="bbox 77 699 806 747; baseline 0.003 -14"><span class='ocrx_word' id='word_1_96' title='bbox 77 699 96 734; x_wconf 93' lang='lat' dir='ltr'>in</span> <span class='ocrx_word' id='word_1_97' title='bbox 108 700 195 735; x_wconf 85' lang='lat' dir='ltr'>cathedra</span> <span class='ocrx_word' id='word_1_98' title='bbox 206 702 273 736; x_wconf 91' lang='lat' dir='ltr'>sedens</span> <span class='ocrx_word' id='word_1_99' title='bbox 284 702 362 747; x_wconf 91' lang='lat' dir='ltr'>populos</span> <span class='ocrx_word' id='word_1_100' title='bbox 374 703 453 744; x_wconf 87' lang='lat' dir='ltr'>doceret,</span> <span class='ocrx_word' id='word_1_101' title='bbox 464 702 594 746; x_wconf 83' lang='lat' dir='ltr'>quinquaginta</span> <span class='ocrx_word' id='word_1_102' title='bbox 605 701 672 735; x_wconf 86' lang='lat' dir='ltr'>milites</span> <span class='ocrx_word' id='word_1_103' title='bbox 683 701 777 735; x_wconf 87' lang='lat' dir='ltr'>cuiusdam</span> <span class='ocrx_word' id='word_1_104' title='bbox 788 713 806 735; x_wconf 86' lang='lat' dir='ltr'>ro</span> 
     </span>
     <span class='ocr_line' id='line_1_12' title="bbox 77 753 777 798; baseline 0.003 -12"><span class='ocrx_word' id='word_1_105' title='bbox 77 754 140 796; x_wconf 89' lang='lat' dir='ltr'>reguli,</span> <span class='ocrx_word' id='word_1_106' title='bbox 148 754 244 798; x_wconf 87' lang='lat' dir='ltr'>accipitres</span> <span class='ocrx_word' id='word_1_107' title='bbox 254 756 272 788; x_wconf 94' lang='lat' dir='ltr'>in</span> <span class='ocrx_word' id='word_1_108' title='bbox 283 755 368 789; x_wconf 86' lang='lat' dir='ltr'>manibus</span> <span class='ocrx_word' id='word_1_109' title='bbox 378 755 473 796; x_wconf 89' lang='lat' dir='ltr'>habentes,</span> <span class='ocrx_word' id='word_1_110' title='bbox 481 754 578 788; x_wconf 88' lang='lat' dir='ltr'>veniebant</span> <span class='ocrx_word' id='word_1_111' title='bbox 589 755 611 787; x_wconf 95' lang='lat' dir='ltr'>ad</span> <span class='ocrx_word' id='word_1_112' title='bbox 622 753 679 795; x_wconf 86' lang='lat' dir='ltr'>illum,</span> <span class='ocrx_word' id='word_1_113' title='bbox 686 759 706 788; x_wconf 88' lang='lat' dir='ltr'>vt</span> <span class='ocrx_word' id='word_1_114' title='bbox 716 764 777 788; x_wconf 85' lang='lat' dir='ltr'>escam</span> 
     </span>
     <span class='ocr_line' id='line_1_13' title="bbox 77 806 779 851; baseline 0 -11"><span class='ocrx_word' id='word_1_115' title='bbox 77 806 100 840; x_wconf 94' lang='lat' dir='ltr'>ab</span> <span class='ocrx_word' id='word_1_116' title='bbox 115 817 137 840; x_wconf 91' lang='lat' dir='ltr'>eo</span> <span class='ocrx_word' id='word_1_117' title='bbox 150 807 240 841; x_wconf 90' lang='lat' dir='ltr'>violenter</span> <span class='ocrx_word' id='word_1_118' title='bbox 254 808 352 842; x_wconf 81' lang='lat' dir='ltr'>auferrent.</span> <span class='ocrx_word' id='word_1_119' title='bbox 375 808 445 850; x_wconf 78' lang='lat' dir='ltr'>Quibus</span> <span class='ocrx_word' id='word_1_120' title='bbox 460 807 490 841; x_wconf 95' lang='lat' dir='ltr'>ille</span> <span class='ocrx_word' id='word_1_121' title='bbox 504 806 634 851; x_wconf 84' lang='lat' dir='ltr'>quinquaginta</span> <span class='ocrx_word' id='word_1_122' title='bbox 647 817 710 850; x_wconf 87' lang='lat' dir='ltr'>panes,</span> <span class='ocrx_word' id='word_1_123' title='bbox 721 817 779 840; x_wconf 88' lang='lat' dir='ltr'>vnum</span> 
     </span>
    </p>
   </div>
   <div class='ocr_carea' id='block_1_3' title="bbox 77 858 807 1220">
    <p class='ocr_par' dir='ltr' id='par_1_3' title="bbox 77 858 807 1220">
     <span class='ocr_line' id='line_1_14' title="bbox 77 858 778 902; baseline 0.001 -11"><span class='ocrx_word' id='word_1_124' title='bbox 77 868 159 901; x_wconf 91' lang='lat' dir='ltr'>porcum,</span> <span class='ocrx_word' id='word_1_125' title='bbox 171 864 189 892; x_wconf 90' lang='lat' dir='ltr'>et</span> <span class='ocrx_word' id='word_1_126' title='bbox 201 859 297 893; x_wconf 91' lang='lat' dir='ltr'>ceruisiam</span> <span class='ocrx_word' id='word_1_127' title='bbox 309 859 355 892; x_wconf 94' lang='lat' dir='ltr'>mitti</span> <span class='ocrx_word' id='word_1_128' title='bbox 366 859 424 893; x_wconf 90' lang='lat' dir='ltr'>iussit.</span> <span class='ocrx_word' id='word_1_129' title='bbox 447 858 530 902; x_wconf 89' lang='lat' dir='ltr'>Cumque</span> <span class='ocrx_word' id='word_1_130' title='bbox 541 858 564 891; x_wconf 90' lang='lat' dir='ltr'>ad</span> <span class='ocrx_word' id='word_1_131' title='bbox 576 858 685 891; x_wconf 87' lang='lat' dir='ltr'>sumendam</span> <span class='ocrx_word' id='word_1_132' title='bbox 696 863 778 902; x_wconf 87' lang='lat' dir='ltr'>paratam</span> 
     </span>
     <span class='ocr_line' id='line_1_15' title="bbox 77 909 779 955; baseline -0.003 -10"><span class='ocrx_word' id='word_1_133' title='bbox 77 922 99 945; x_wconf 91' lang='lat' dir='ltr'>se</span> <span class='ocrx_word' id='word_1_134' title='bbox 106 911 198 945; x_wconf 88' lang='lat' dir='ltr'>locassent</span> <span class='ocrx_word' id='word_1_135' title='bbox 209 912 332 952; x_wconf 87' lang='lat' dir='ltr'>resectionem,</span> <span class='ocrx_word' id='word_1_136' title='bbox 340 918 389 945; x_wconf 86' lang='lat' dir='ltr'>terra</span> <span class='ocrx_word' id='word_1_137' title='bbox 401 922 424 945; x_wconf 83' lang='lat' dir='ltr'>ex</span> <span class='ocrx_word' id='word_1_138' title='bbox 434 910 538 955; x_wconf 79' lang='lat' dir='ltr'>insperat0²</span> <span class='ocrx_word' id='word_1_139' title='bbox 548 911 621 954; x_wconf 88' lang='lat' dir='ltr'>dirupta</span> <span class='ocrx_word' id='word_1_140' title='bbox 629 911 648 944; x_wconf 93' lang='lat' dir='ltr'>in</span> <span class='ocrx_word' id='word_1_141' title='bbox 658 909 694 944; x_wconf 87' lang='lat' dir='ltr'>ictu</span> <span class='ocrx_word' id='word_1_142' title='bbox 702 910 749 944; x_wconf 90' lang='lat' dir='ltr'>oculi</span> <span class='ocrx_word' id='word_1_143' title='bbox 761 910 779 944; x_wconf 92' lang='lat' dir='ltr'>in</span> 
     </span>
     <span class='ocr_line' id='line_1_16' title="bbox 77 962 807 1008; baseline 0.003 -10"><span class='ocrx_word' id='word_1_144' title='bbox 77 963 189 1007; x_wconf 82' lang='lat' dir='ltr'>profundum</span> <span class='ocrx_word' id='word_1_145' title='bbox 197 963 299 998; x_wconf 80' lang='lat' dir='ltr'>absorbuit³</span> <span class='ocrx_word' id='word_1_146' title='bbox 307 974 344 1006; x_wconf 88' lang='lat' dir='ltr'>eos,</span> <span class='ocrx_word' id='word_1_147' title='bbox 350 974 393 998; x_wconf 84' lang='lat' dir='ltr'>esca</span> <span class='ocrx_word' id='word_1_148' title='bbox 400 968 522 1007; x_wconf 86' lang='lat' dir='ltr'>permanente</span> <span class='ocrx_word' id='word_1_149' title='bbox 530 962 602 997; x_wconf 86' lang='lat' dir='ltr'>intacta.</span> <span class='ocrx_word' id='word_1_150' title='bbox 617 962 658 1005; x_wconf 78' lang='lat' dir='ltr'>Quo</span> <span class='ocrx_word' id='word_1_151' title='bbox 663 963 709 1004; x_wconf 89' lang='lat' dir='ltr'>viso,</span> <span class='ocrx_word' id='word_1_152' title='bbox 714 962 780 997; x_wconf 88' lang='lat' dir='ltr'>lltutus</span> <span class='ocrx_word' id='word_1_153' title='bbox 789 978 807 1008; x_wconf 79' lang='lat'>15</span> 
     </span>
     <span class='ocr_line' id='line_1_17' title="bbox 78 1016 780 1061; baseline -0.001 -11"><span class='ocrx_word' id='word_1_154' title='bbox 78 1017 151 1051; x_wconf 90' lang='lat' dir='ltr'>illorum</span> <span class='ocrx_word' id='word_1_155' title='bbox 159 1017 251 1061; x_wconf 84' lang='lat' dir='ltr'>princeps,</span> <span class='ocrx_word' id='word_1_156' title='bbox 260 1019 290 1061; x_wconf 93' lang='lat' dir='ltr'>qui</span> <span class='ocrx_word' id='word_1_157' title='bbox 298 1018 366 1052; x_wconf 87' lang='lat' dir='ltr'>absens</span> <span class='ocrx_word' id='word_1_158' title='bbox 373 1023 417 1052; x_wconf 91' lang='lat' dir='ltr'>tunc</span> <span class='ocrx_word' id='word_1_159' title='bbox 425 1022 469 1058; x_wconf 86' lang='lat' dir='ltr'>erat,</span> <span class='ocrx_word' id='word_1_160' title='bbox 476 1016 570 1061; x_wconf 73' lang='lat' dir='ltr'>vestigiis⁴</span> <span class='ocrx_word' id='word_1_161' title='bbox 579 1017 627 1050; x_wconf 92' lang='lat' dir='ltr'>beati</span> <span class='ocrx_word' id='word_1_162' title='bbox 635 1016 701 1050; x_wconf 89' lang='lat' dir='ltr'>Cadoci</span> <span class='ocrx_word' id='word_1_163' title='bbox 713 1026 780 1060; x_wconf 88' lang='lat' dir='ltr'>prouo-</span> 
     </span>
     <span class='ocr_line' id='line_1_18' title="bbox 78 1061 781 1114; baseline 0 -12"><span class='ocrx_word' id='word_1_164' title='bbox 78 1069 127 1103; x_wconf 91' lang='lat' dir='ltr'>lutus</span> <span class='ocrx_word' id='word_1_165' title='bbox 134 1069 207 1103; x_wconf 89' lang='lat' dir='ltr'>veniam</span> <span class='ocrx_word' id='word_1_166' title='bbox 218 1070 274 1114; x_wconf 86' lang='lat' dir='ltr'>petiit,</span> <span class='ocrx_word' id='word_1_167' title='bbox 283 1075 301 1103; x_wconf 92' lang='lat' dir='ltr'>et</span> <span class='ocrx_word' id='word_1_168' title='bbox 311 1070 392 1104; x_wconf 89' lang='lat' dir='ltr'>habitum</span> <span class='ocrx_word' id='word_1_169' title='bbox 403 1070 523 1104; x_wconf 86' lang='lat' dir='ltr'>monasticum</span> <span class='ocrx_word' id='word_1_170' title='bbox 535 1070 621 1113; x_wconf 85' lang='lat' dir='ltr'>suscepit.</span> <span class='ocrx_word' id='word_1_171' title='bbox 666 1061 781 1113; x_wconf 86' lang='lat' dir='ltr'>Superuenit</span> 
     </span>
     <span class='ocr_line' id='line_1_19' title="bbox 79 1122 780 1167; baseline 0 -12"><span class='ocrx_word' id='word_1_172' title='bbox 79 1122 154 1166; x_wconf 92' lang='lat' dir='ltr'>quidam</span> <span class='ocrx_word' id='word_1_173' title='bbox 166 1122 297 1157; x_wconf 88' lang='lat' dir='ltr'>Hiberniensis</span> <span class='ocrx_word' id='word_1_174' title='bbox 310 1124 333 1157; x_wconf 87' lang='lat' dir='ltr'>ad</span> <span class='ocrx_word' id='word_1_175' title='bbox 345 1123 405 1157; x_wconf 91' lang='lat' dir='ltr'>locum</span> <span class='ocrx_word' id='word_1_176' title='bbox 418 1124 437 1157; x_wconf 98' lang='lat' dir='ltr'>in</span> <span class='ocrx_word' id='word_1_177' title='bbox 449 1133 485 1167; x_wconf 86' lang='lat' dir='ltr'>quo</span> <span class='ocrx_word' id='word_1_178' title='bbox 498 1128 573 1157; x_wconf 86' lang='lat' dir='ltr'>sanctus</span> <span class='ocrx_word' id='word_1_179' title='bbox 585 1122 669 1156; x_wconf 86' lang='lat' dir='ltr'>Cadocus</span> <span class='ocrx_word' id='word_1_180' title='bbox 681 1123 780 1156; x_wconf 86' lang='lat' dir='ltr'>oratorium</span> 
     </span>
     <span class='ocr_line' id='line_1_20' title="bbox 79 1174 779 1220; baseline 0 -12"><span class='ocrx_word' id='word_1_181' title='bbox 79 1174 179 1216; x_wconf 79' lang='lat' dir='ltr'>fabricauit,</span> <span class='ocrx_word' id='word_1_182' title='bbox 193 1177 223 1220; x_wconf 94' lang='lat' dir='ltr'>qui</span> <span class='ocrx_word' id='word_1_183' title='bbox 239 1177 334 1220; x_wconf 88' lang='lat' dir='ltr'>operarios</span> <span class='ocrx_word' id='word_1_184' title='bbox 350 1188 414 1210; x_wconf 91' lang='lat' dir='ltr'>omnes</span> <span class='ocrx_word' id='word_1_185' title='bbox 429 1176 487 1210; x_wconf 92' lang='lat' dir='ltr'>sancti</span> <span class='ocrx_word' id='word_1_186' title='bbox 506 1175 567 1210; x_wconf 90' lang='lat' dir='ltr'>subtili</span> <span class='ocrx_word' id='word_1_187' title='bbox 582 1174 658 1209; x_wconf 87' lang='lat' dir='ltr'>artificio</span> <span class='ocrx_word' id='word_1_188' title='bbox 676 1175 779 1219; x_wconf 87' lang='lat' dir='ltr'>superabat.</span> 
     </span>
    </p>
   </div>
   <div class='ocr_carea' id='block_1_4' title="bbox 78 1228 813 2503">
    <p class='ocr_par' dir='ltr' id='par_1_4' title="bbox 78 1228 813 2503">
     <span class='ocr_line' id='line_1_21' title="bbox 80 1228 809 1273; baseline 0.003 -12"><span class='ocrx_word' id='word_1_189' title='bbox 80 1228 187 1263; x_wconf 88' lang='lat' dir='ltr'>Inuidentes</span> <span class='ocrx_word' id='word_1_190' title='bbox 198 1229 222 1262; x_wconf 90' lang='lat' dir='ltr'>ob</span> <span class='ocrx_word' id='word_1_191' title='bbox 232 1229 267 1263; x_wconf 87' lang='lat' dir='ltr'>hoc</span> <span class='ocrx_word' id='word_1_192' title='bbox 279 1229 335 1263; x_wconf 90' lang='lat' dir='ltr'>ceteri</span> <span class='ocrx_word' id='word_1_193' title='bbox 347 1229 408 1273; x_wconf 92' lang='lat' dir='ltr'>ipsum</span> <span class='ocrx_word' id='word_1_194' title='bbox 420 1230 505 1273; x_wconf 89' lang='lat' dir='ltr'>nequiter</span> <span class='ocrx_word' id='word_1_195' title='bbox 515 1228 650 1269; x_wconf 78' lang='lat' dir='ltr'>interfecerunt,</span> <span class='ocrx_word' id='word_1_196' title='bbox 659 1232 676 1261; x_wconf 94' lang='lat' dir='ltr'>et</span> <span class='ocrx_word' id='word_1_197' title='bbox 687 1232 780 1271; x_wconf 88' lang='lat' dir='ltr'>amputato</span> <span class='ocrx_word' id='word_1_198' title='bbox 789 1241 809 1263; x_wconf 83' lang='lat' dir='ltr'>ro</span> 
     </span>
     <span class='ocr_line' id='line_1_22' title="bbox 79 1281 779 1326; baseline 0 -12"><span class='ocrx_word' id='word_1_199' title='bbox 79 1282 137 1325; x_wconf 88' lang='lat' dir='ltr'>capite</span> <span class='ocrx_word' id='word_1_200' title='bbox 150 1281 194 1323; x_wconf 86' lang='lat' dir='ltr'>eius,</span> <span class='ocrx_word' id='word_1_201' title='bbox 205 1287 223 1316; x_wconf 91' lang='lat' dir='ltr'>et</span> <span class='ocrx_word' id='word_1_202' title='bbox 234 1292 301 1326; x_wconf 83' lang='lat' dir='ltr'>magno</span> <span class='ocrx_word' id='word_1_203' title='bbox 313 1293 358 1317; x_wconf 82' lang='lat' dir='ltr'>saxo</span> <span class='ocrx_word' id='word_1_204' title='bbox 370 1283 417 1317; x_wconf 90' lang='lat' dir='ltr'>circa</span> <span class='ocrx_word' id='word_1_205' title='bbox 428 1288 512 1316; x_wconf 90' lang='lat' dir='ltr'>truncum</span> <span class='ocrx_word' id='word_1_206' title='bbox 524 1291 591 1326; x_wconf 88' lang='lat' dir='ltr'>corpus</span> <span class='ocrx_word' id='word_1_207' title='bbox 603 1281 681 1325; x_wconf 87' lang='lat' dir='ltr'>alligato,</span> <span class='ocrx_word' id='word_1_208' title='bbox 692 1281 711 1315; x_wconf 95' lang='lat' dir='ltr'>in</span> <span class='ocrx_word' id='word_1_209' title='bbox 722 1281 779 1315; x_wconf 90' lang='lat' dir='ltr'>altum</span> 
     </span>
     <span class='ocr_line' id='line_1_23' title="bbox 79 1334 780 1379; baseline 0 -12"><span class='ocrx_word' id='word_1_210' title='bbox 79 1339 164 1377; x_wconf 86' lang='lat' dir='ltr'>stagnum</span> <span class='ocrx_word' id='word_1_211' title='bbox 176 1335 299 1378; x_wconf 89' lang='lat' dir='ltr'>precipitatur.</span> <span class='ocrx_word' id='word_1_212' title='bbox 322 1335 398 1379; x_wconf 89' lang='lat' dir='ltr'>Cunque</span> <span class='ocrx_word' id='word_1_213' title='bbox 408 1335 502 1379; x_wconf 88' lang='lat' dir='ltr'>planctum</span> <span class='ocrx_word' id='word_1_214' title='bbox 513 1335 591 1368; x_wconf 86' lang='lat' dir='ltr'>tiliorum</span> <span class='ocrx_word' id='word_1_215' title='bbox 599 1334 653 1368; x_wconf 87' lang='lat' dir='ltr'>occisi</span> <span class='ocrx_word' id='word_1_216' title='bbox 664 1339 738 1367; x_wconf 90' lang='lat' dir='ltr'>sanctus</span> <span class='ocrx_word' id='word_1_217' title='bbox 748 1344 780 1367; x_wconf 92' lang='lat' dir='ltr'>au-</span> 
     </span>
     <span class='ocr_line' id='line_1_24' title="bbox 79 1386 780 1432; baseline -0.001 -11"><span class='ocrx_word' id='word_1_218' title='bbox 79 1388 136 1421; x_wconf 90' lang='lat' dir='ltr'>disset</span> <span class='ocrx_word' id='word_1_219' title='bbox 145 1387 233 1429; x_wconf 76' lang='lat' dir='ltr'>caducus,</span> <span class='ocrx_word' id='word_1_220' title='bbox 238 1398 282 1430; x_wconf 88' lang='lat' dir='ltr'>cum</span> <span class='ocrx_word' id='word_1_221' title='bbox 293 1389 332 1422; x_wconf 89' lang='lat' dir='ltr'>suis</span> <span class='ocrx_word' id='word_1_222' title='bbox 342 1388 413 1422; x_wconf 88' lang='lat' dir='ltr'>clericis</span> <span class='ocrx_word' id='word_1_223' title='bbox 423 1387 501 1432; x_wconf 89' lang='lat' dir='ltr'>peruigil</span> <span class='ocrx_word' id='word_1_224' title='bbox 511 1388 530 1421; x_wconf 91' lang='lat' dir='ltr'>in</span> <span class='ocrx_word' id='word_1_225' title='bbox 539 1387 651 1422; x_wconf 90' lang='lat' dir='ltr'>orationibus</span> <span class='ocrx_word' id='word_1_226' title='bbox 661 1386 780 1431; x_wconf 89' lang='lat' dir='ltr'>pernoctauit,</span> 
     </span>
     <span class='ocr_line' id='line_1_25' title="bbox 78 1441 781 1485; baseline -0.001 -10"><span class='ocrx_word' id='word_1_227' title='bbox 78 1446 98 1475; x_wconf 91' lang='lat' dir='ltr'>vt</span> <span class='ocrx_word' id='word_1_228' title='bbox 106 1451 146 1475; x_wconf 89' lang='lat' dir='ltr'>rem</span> <span class='ocrx_word' id='word_1_229' title='bbox 153 1446 225 1484; x_wconf 90' lang='lat' dir='ltr'>gestam</span> <span class='ocrx_word' id='word_1_230' title='bbox 233 1442 318 1476; x_wconf 87' lang='lat' dir='ltr'>dominus</span> <span class='ocrx_word' id='word_1_231' title='bbox 329 1443 345 1476; x_wconf 89' lang='lat' dir='ltr'>ei</span> <span class='ocrx_word' id='word_1_232' title='bbox 356 1442 439 1476; x_wconf 89' lang='lat' dir='ltr'>reuelare</span> <span class='ocrx_word' id='word_1_233' title='bbox 449 1442 560 1485; x_wconf 84' lang='lat' dir='ltr'>dignaretur.</span> <span class='ocrx_word' id='word_1_234' title='bbox 584 1441 638 1474; x_wconf 88' lang='lat' dir='ltr'>Facto</span> <span class='ocrx_word' id='word_1_235' title='bbox 648 1446 709 1474; x_wconf 91' lang='lat' dir='ltr'>autem</span> <span class='ocrx_word' id='word_1_236' title='bbox 720 1450 781 1481; x_wconf 88' lang='lat' dir='ltr'>mane,</span> 
     </span>
     <span class='ocr_line' id='line_1_26' title="bbox 80 1493 809 1538; baseline -0.001 -11"><span class='ocrx_word' id='word_1_237' title='bbox 80 1493 179 1527; x_wconf 89' lang='lat' dir='ltr'>decollatus</span> <span class='ocrx_word' id='word_1_238' title='bbox 186 1494 252 1528; x_wconf 83' lang='lat' dir='ltr'>artifex</span> <span class='ocrx_word' id='word_1_239' title='bbox 258 1499 312 1538; x_wconf 88' lang='lat' dir='ltr'>caput</span> <span class='ocrx_word' id='word_1_240' title='bbox 320 1495 338 1528; x_wconf 94' lang='lat' dir='ltr'>in</span> <span class='ocrx_word' id='word_1_241' title='bbox 346 1495 387 1527; x_wconf 91' lang='lat' dir='ltr'>sinu</span> <span class='ocrx_word' id='word_1_242' title='bbox 396 1505 429 1528; x_wconf 93' lang='lat' dir='ltr'>suo</span> <span class='ocrx_word' id='word_1_243' title='bbox 437 1499 517 1538; x_wconf 88' lang='lat' dir='ltr'>gestans,</span> <span class='ocrx_word' id='word_1_244' title='bbox 522 1498 541 1527; x_wconf 92' lang='lat' dir='ltr'>et</span> <span class='ocrx_word' id='word_1_245' title='bbox 546 1503 634 1537; x_wconf 88' lang='lat' dir='ltr'>magnum</span> <span class='ocrx_word' id='word_1_246' title='bbox 640 1493 719 1537; x_wconf 88' lang='lat' dir='ltr'>lapidem</span> <span class='ocrx_word' id='word_1_247' title='bbox 726 1503 782 1536; x_wconf 85' lang='lat' dir='ltr'>supra</span> <span class='ocrx_word' id='word_1_248' title='bbox 791 1506 809 1535; x_wconf 78' lang='lat'>25</span> 
     </span>
     <span class='ocr_line' id='line_1_27' title="bbox 79 1546 781 1590; baseline 0 -10"><span class='ocrx_word' id='word_1_249' title='bbox 79 1549 152 1589; x_wconf 83' lang='lat' dir='ltr'>tergum</span> <span class='ocrx_word' id='word_1_250' title='bbox 167 1546 234 1587; x_wconf 84' lang='lat' dir='ltr'>ferens,</span> <span class='ocrx_word' id='word_1_251' title='bbox 247 1552 334 1581; x_wconf 88' lang='lat' dir='ltr'>eruentus</span> <span class='ocrx_word' id='word_1_252' title='bbox 351 1547 426 1581; x_wconf 91' lang='lat' dir='ltr'>horrida</span> <span class='ocrx_word' id='word_1_253' title='bbox 443 1546 505 1590; x_wconf 86' lang='lat' dir='ltr'>specie</span> <span class='ocrx_word' id='word_1_254' title='bbox 518 1547 558 1581; x_wconf 88' lang='lat' dir='ltr'>viro</span> <span class='ocrx_word' id='word_1_255' title='bbox 576 1551 639 1581; x_wconf 90' lang='lat' dir='ltr'>sancto</span> <span class='ocrx_word' id='word_1_256' title='bbox 655 1557 675 1581; x_wconf 90' lang='lat' dir='ltr'>se</span> <span class='ocrx_word' id='word_1_257' title='bbox 691 1546 781 1588; x_wconf 81' lang='lat' dir='ltr'>ostendit;</span> 
     </span>
     <span class='ocr_line' id='line_1_28' title="bbox 79 1599 782 1644; baseline 0 -12"><span class='ocrx_word' id='word_1_258' title='bbox 79 1600 209 1643; x_wconf 88' lang='lat' dir='ltr'>precisumque</span> <span class='ocrx_word' id='word_1_259' title='bbox 217 1605 271 1643; x_wconf 90' lang='lat' dir='ltr'>caput</span> <span class='ocrx_word' id='word_1_260' title='bbox 280 1601 300 1633; x_wconf 93' lang='lat' dir='ltr'>in</span> <span class='ocrx_word' id='word_1_261' title='bbox 307 1600 342 1640; x_wconf 86' lang='lat' dir='ltr'>hec¹</span> <span class='ocrx_word' id='word_1_262' title='bbox 350 1601 406 1633; x_wconf 90' lang='lat' dir='ltr'>verba</span> <span class='ocrx_word' id='word_1_263' title='bbox 413 1601 507 1644; x_wconf 88' lang='lat' dir='ltr'>prorupit:</span> <span class='ocrx_word' id='word_1_264' title='bbox 520 1599 589 1633; x_wconf 87' lang='lat' dir='ltr'>‘Serue</span> <span class='ocrx_word' id='word_1_265' title='bbox 598 1600 633 1640; x_wconf 91' lang='lat' dir='ltr'>dei,</span> <span class='ocrx_word' id='word_1_266' title='bbox 641 1600 677 1643; x_wconf 86' lang='lat' dir='ltr'>fige</span> <span class='ocrx_word' id='word_1_267' title='bbox 685 1609 715 1632; x_wconf 89' lang='lat' dir='ltr'>me</span> <span class='ocrx_word' id='word_1_268' title='bbox 725 1609 782 1642; x_wconf 90' lang='lat' dir='ltr'>supra</span> 
     </span>
     <span class='ocr_line' id='line_1_29' title="bbox 80 1650 782 1697; baseline 0 -13"><span class='ocrx_word' id='word_1_269' title='bbox 80 1651 147 1685; x_wconf 89' lang='lat' dir='ltr'>collum</span> <span class='ocrx_word' id='word_1_270' title='bbox 159 1652 177 1686; x_wconf 90' lang='lat' dir='ltr'>in</span> <span class='ocrx_word' id='word_1_271' title='bbox 192 1652 269 1696; x_wconf 90' lang='lat' dir='ltr'>pristino</span> <span class='ocrx_word' id='word_1_272' title='bbox 283 1657 336 1694; x_wconf 87' lang='lat' dir='ltr'>statu,</span> <span class='ocrx_word' id='word_1_273' title='bbox 348 1658 367 1687; x_wconf 87' lang='lat' dir='ltr'>et</span> <span class='ocrx_word' id='word_1_274' title='bbox 379 1663 415 1697; x_wconf 92' lang='lat' dir='ltr'>que</span> <span class='ocrx_word' id='word_1_275' title='bbox 428 1652 459 1687; x_wconf 91' lang='lat' dir='ltr'>tibi</span> <span class='ocrx_word' id='word_1_276' title='bbox 471 1651 563 1696; x_wconf 87' lang='lat' dir='ltr'>incognita</span> <span class='ocrx_word' id='word_1_277' title='bbox 577 1652 666 1686; x_wconf 82' lang='lat' dir='ltr'>hactenus</span> <span class='ocrx_word' id='word_1_278' title='bbox 679 1651 702 1685; x_wconf 89' lang='lat' dir='ltr'>de</span> <span class='ocrx_word' id='word_1_279' title='bbox 716 1650 750 1685; x_wconf 86' lang='lat' dir='ltr'>hac</span> <span class='ocrx_word' id='word_1_280' title='bbox 762 1660 782 1685; x_wconf 90' lang='lat' dir='ltr'>re</span> 
     </span>
     <span class='ocr_line' id='line_1_30' title="bbox 81 1704 783 1748; baseline -0.001 -10"><span class='ocrx_word' id='word_1_281' title='bbox 81 1706 181 1739; x_wconf 86' lang='lat' dir='ltr'>extiterunt</span> <span class='ocrx_word' id='word_1_282' title='bbox 192 1706 299 1739; x_wconf 71' lang='lat' dir='ltr'>denudabo)</span> <span class='ocrx_word' id='word_1_283' title='bbox 322 1706 375 1747; x_wconf 85' lang='lat' dir='ltr'>Quod</span> <span class='ocrx_word' id='word_1_284' title='bbox 387 1716 429 1739; x_wconf 83' lang='lat' dir='ltr'>cum</span> <span class='ocrx_word' id='word_1_285' title='bbox 441 1706 519 1746; x_wconf 85' lang='lat' dir='ltr'>fecisset,</span> <span class='ocrx_word' id='word_1_286' title='bbox 531 1705 618 1739; x_wconf 90' lang='lat' dir='ltr'>indicauit</span> <span class='ocrx_word' id='word_1_287' title='bbox 629 1705 646 1738; x_wconf 91' lang='lat' dir='ltr'>ei</span> <span class='ocrx_word' id='word_1_288' title='bbox 658 1705 729 1748; x_wconf 87' lang='lat' dir='ltr'>nephas</span> <span class='ocrx_word' id='word_1_289' title='bbox 740 1704 783 1737; x_wconf 92' lang='lat' dir='ltr'>arti·</span> 
     </span>
     <span class='ocr_line' id='line_1_31' title="bbox 81 1756 811 1803; baseline 0 -12"><span class='ocrx_word' id='word_1_290' title='bbox 81 1757 136 1791; x_wconf 90' lang='lat' dir='ltr'>ficum</span> <span class='ocrx_word' id='word_1_291' title='bbox 148 1764 166 1793; x_wconf 88' lang='lat' dir='ltr'>et</span> <span class='ocrx_word' id='word_1_292' title='bbox 176 1758 267 1802; x_wconf 88' lang='lat' dir='ltr'>quomodo</span> <span class='ocrx_word' id='word_1_293' title='bbox 279 1758 348 1793; x_wconf 87' lang='lat' dir='ltr'>inuidia</span> <span class='ocrx_word' id='word_1_294' title='bbox 358 1758 407 1793; x_wconf 82' lang='lat' dir='ltr'>ducti</span> <span class='ocrx_word' id='word_1_295' title='bbox 418 1758 469 1792; x_wconf 89' lang='lat' dir='ltr'>illum</span> <span class='ocrx_word' id='word_1_296' title='bbox 481 1758 571 1803; x_wconf 79' lang='lat' dir='ltr'>flagitiose</span> <span class='ocrx_word' id='word_1_297' title='bbox 582 1758 701 1792; x_wconf 83' lang='lat' dir='ltr'>trucidarunt.</span> <span class='ocrx_word' id='word_1_298' title='bbox 724 1757 747 1791; x_wconf 88' lang='lat' dir='ltr'>Et</span> <span class='ocrx_word' id='word_1_299' title='bbox 758 1756 783 1792; x_wconf 90' lang='lat' dir='ltr'>ait</span> <span class='ocrx_word' id='word_1_300' title='bbox 792 1771 811 1801; x_wconf 76' lang='lat'>30</span> 
     </span>
     <span class='ocr_line' id='line_1_32' title="bbox 81 1811 783 1855; baseline 0 -11"><span class='ocrx_word' id='word_1_301' title='bbox 81 1817 166 1846; x_wconf 88' lang='lat' dir='ltr'>sanctus:</span> <span class='ocrx_word' id='word_1_302' title='bbox 176 1812 238 1855; x_wconf 86' lang='lat' dir='ltr'>‘Elige</span> <span class='ocrx_word' id='word_1_303' title='bbox 246 1812 294 1855; x_wconf 93' lang='lat' dir='ltr'>quod</span> <span class='ocrx_word' id='word_1_304' title='bbox 302 1811 345 1853; x_wconf 61' lang='lat' dir='ltr'>visi,</span> <span class='ocrx_word' id='word_1_305' title='bbox 351 1817 382 1846; x_wconf 91' lang='lat' dir='ltr'>aut</span> <span class='ocrx_word' id='word_1_306' title='bbox 389 1812 408 1845; x_wconf 92' lang='lat' dir='ltr'>in</span> <span class='ocrx_word' id='word_1_307' title='bbox 416 1812 450 1846; x_wconf 91' lang='lat' dir='ltr'>hac</span> <span class='ocrx_word' id='word_1_308' title='bbox 458 1812 495 1846; x_wconf 91' lang='lat' dir='ltr'>vita</span> <span class='ocrx_word' id='word_1_309' title='bbox 503 1812 598 1845; x_wconf 85' lang='lat' dir='ltr'>nobiseum</span> <span class='ocrx_word' id='word_1_310' title='bbox 607 1812 668 1845; x_wconf 89' lang='lat' dir='ltr'>denuo</span> <span class='ocrx_word' id='word_1_311' title='bbox 675 1811 744 1851; x_wconf 85' lang='lat' dir='ltr'>viuere,</span> <span class='ocrx_word' id='word_1_312' title='bbox 751 1816 783 1845; x_wconf 87' lang='lat' dir='ltr'>aut</span> 
     </span>
     <span class='ocr_line' id='line_1_33' title="bbox 81 1864 783 1908; baseline 0 -10"><span class='ocrx_word' id='word_1_313' title='bbox 81 1865 100 1898; x_wconf 93' lang='lat' dir='ltr'>in</span> <span class='ocrx_word' id='word_1_314' title='bbox 114 1869 196 1898; x_wconf 89' lang='lat' dir='ltr'>eternam</span> <span class='ocrx_word' id='word_1_315' title='bbox 207 1866 269 1907; x_wconf 91' lang='lat' dir='ltr'>vitam,</span> <span class='ocrx_word' id='word_1_316' title='bbox 282 1876 323 1899; x_wconf 91' lang='lat' dir='ltr'>cum</span> <span class='ocrx_word' id='word_1_317' title='bbox 337 1865 372 1899; x_wconf 92' lang='lat' dir='ltr'>deo</span> <span class='ocrx_word' id='word_1_318' title='bbox 383 1865 503 1908; x_wconf 87' lang='lat' dir='ltr'>perhenniter</span> <span class='ocrx_word' id='word_1_319' title='bbox 514 1869 629 1908; x_wconf 81' lang='lat' dir='ltr'>regnaturus,</span> <span class='ocrx_word' id='word_1_320' title='bbox 641 1866 736 1898; x_wconf 82' lang='lat' dir='ltr'>remeare.¹</span> <span class='ocrx_word' id='word_1_321' title='bbox 759 1864 783 1898; x_wconf 82' lang='lat' dir='ltr'>Et</span> 
     </span>
     <span class='ocr_line' id='line_1_34' title="bbox 81 1917 783 1961; baseline -0.001 -10"><span class='ocrx_word' id='word_1_322' title='bbox 81 1919 122 1952; x_wconf 85' lang='lat' dir='ltr'>ille:</span> <span class='ocrx_word' id='word_1_323' title='bbox 134 1918 228 1960; x_wconf 87' lang='lat' dir='ltr'>‘Domine,</span> <span class='ocrx_word' id='word_1_324' title='bbox 238 1923 257 1951; x_wconf 91' lang='lat' dir='ltr'>vt</span> <span class='ocrx_word' id='word_1_325' title='bbox 268 1919 287 1950; x_wconf 93' lang='lat' dir='ltr'>in</span> <span class='ocrx_word' id='word_1_326' title='bbox 299 1923 382 1951; x_wconf 87' lang='lat' dir='ltr'>eternam</span> <span class='ocrx_word' id='word_1_327' title='bbox 393 1917 476 1960; x_wconf 89' lang='lat' dir='ltr'>requiem</span> <span class='ocrx_word' id='word_1_328' title='bbox 488 1918 602 1961; x_wconf 85' lang='lat' dir='ltr'>regrediatur</span> <span class='ocrx_word' id='word_1_329' title='bbox 612 1917 674 1950; x_wconf 88' lang='lat' dir='ltr'>anima</span> <span class='ocrx_word' id='word_1_330' title='bbox 685 1919 737 1950; x_wconf 70' lang='lat' dir='ltr'>mea!</span> <span class='ocrx_word' id='word_1_331' title='bbox 760 1917 783 1950; x_wconf 82' lang='lat' dir='ltr'>Et</span> 
     </span>
     <span class='ocr_line' id='line_1_35' title="bbox 81 1962 782 2013; baseline -0.001 -10"><span class='ocrx_word' id='word_1_332' title='bbox 81 1970 116 2004; x_wconf 89' lang='lat' dir='ltr'>hoc</span> <span class='ocrx_word' id='word_1_333' title='bbox 128 1970 175 2003; x_wconf 91' lang='lat' dir='ltr'>dicto</span> <span class='ocrx_word' id='word_1_334' title='bbox 187 1969 282 2013; x_wconf 82' lang='lat' dir='ltr'>expirauit.</span> <span class='ocrx_word' id='word_1_335' title='bbox 327 1962 374 2003; x_wconf 80' lang='lat' dir='ltr'>Dux</span> <span class='ocrx_word' id='word_1_336' title='bbox 385 1969 459 2013; x_wconf 91' lang='lat' dir='ltr'>quidam</span> <span class='ocrx_word' id='word_1_337' title='bbox 472 1969 566 2003; x_wconf 89' lang='lat' dir='ltr'>Britonum</span> <span class='ocrx_word' id='word_1_338' title='bbox 577 1974 615 2003; x_wconf 89' lang='lat' dir='ltr'>tres</span> <span class='ocrx_word' id='word_1_339' title='bbox 627 1969 694 2003; x_wconf 90' lang='lat' dir='ltr'>milites</span> <span class='ocrx_word' id='word_1_340' title='bbox 705 1969 782 2002; x_wconf 90' lang='lat' dir='ltr'>Arthuri</span> 
     </span>
     <span class='ocr_line' id='line_1_36' title="bbox 82 2022 811 2067; baseline -0.003 -10"><span class='ocrx_word' id='word_1_341' title='bbox 82 2024 131 2067; x_wconf 88' lang='lat' dir='ltr'>regis</span> <span class='ocrx_word' id='word_1_342' title='bbox 146 2022 263 2057; x_wconf 87' lang='lat' dir='ltr'>illustrissimi</span> <span class='ocrx_word' id='word_1_343' title='bbox 278 2022 379 2063; x_wconf 91' lang='lat' dir='ltr'>trucidauit,</span> <span class='ocrx_word' id='word_1_344' title='bbox 393 2027 411 2056; x_wconf 94' lang='lat' dir='ltr'>et</span> <span class='ocrx_word' id='word_1_345' title='bbox 423 2022 506 2056; x_wconf 87' lang='lat' dir='ltr'>Arthuro</span> <span class='ocrx_word' id='word_1_346' title='bbox 518 2022 586 2065; x_wconf 89' lang='lat' dir='ltr'>vbique</span> <span class='ocrx_word' id='word_1_347' title='bbox 601 2033 643 2056; x_wconf 92' lang='lat' dir='ltr'>eum</span> <span class='ocrx_word' id='word_1_348' title='bbox 658 2026 783 2065; x_wconf 87' lang='lat' dir='ltr'>persequente</span> <span class='ocrx_word' id='word_1_349' title='bbox 792 2036 811 2065; x_wconf 79' lang='lat'>35</span> 
     </span>
     <span class='ocr_line' id='line_1_37' title="bbox 82 2074 783 2121; baseline -0.003 -10"><span class='ocrx_word' id='word_1_350' title='bbox 82 2087 173 2121; x_wconf 87' lang='lat' dir='ltr'>nusquam</span> <span class='ocrx_word' id='word_1_351' title='bbox 188 2082 247 2111; x_wconf 92' lang='lat' dir='ltr'>tutum</span> <span class='ocrx_word' id='word_1_352' title='bbox 263 2076 322 2110; x_wconf 91' lang='lat' dir='ltr'>locum</span> <span class='ocrx_word' id='word_1_353' title='bbox 337 2075 420 2119; x_wconf 87' lang='lat' dir='ltr'>reperire</span> <span class='ocrx_word' id='word_1_354' title='bbox 435 2075 499 2119; x_wconf 90' lang='lat' dir='ltr'>potuit,</span> <span class='ocrx_word' id='word_1_355' title='bbox 512 2075 610 2119; x_wconf 89' lang='lat' dir='ltr'>nullusque</span> <span class='ocrx_word' id='word_1_356' title='bbox 625 2074 686 2119; x_wconf 90' lang='lat' dir='ltr'>ipsum</span> <span class='ocrx_word' id='word_1_357' title='bbox 699 2075 746 2109; x_wconf 86' lang='lat' dir='ltr'>tueri</span> <span class='ocrx_word' id='word_1_358' title='bbox 759 2075 783 2109; x_wconf 86' lang='lat' dir='ltr'>ob</span> 
     </span>
     <span class='ocr_line' id='line_1_38' title="bbox 82 2127 783 2175; baseline -0.004 -11"><span class='ocrx_word' id='word_1_359' title='bbox 82 2132 131 2175; x_wconf 87' lang='lat' dir='ltr'>regis</span> <span class='ocrx_word' id='word_1_360' title='bbox 142 2130 224 2164; x_wconf 80' lang='lat' dir='ltr'>fauorem</span> <span class='ocrx_word' id='word_1_361' title='bbox 232 2140 288 2163; x_wconf 90' lang='lat' dir='ltr'>ausus</span> <span class='ocrx_word' id='word_1_362' title='bbox 298 2128 335 2171; x_wconf 87' lang='lat' dir='ltr'>suit,</span> <span class='ocrx_word' id='word_1_363' title='bbox 344 2129 402 2162; x_wconf 91' lang='lat' dir='ltr'>donec</span> <span class='ocrx_word' id='word_1_364' title='bbox 412 2128 455 2173; x_wconf 84' lang='lat' dir='ltr'>suga</span> <span class='ocrx_word' id='word_1_365' title='bbox 465 2128 549 2173; x_wconf 83' lang='lat' dir='ltr'>fatigatus</span> <span class='ocrx_word' id='word_1_366' title='bbox 559 2129 582 2162; x_wconf 91' lang='lat' dir='ltr'>ad</span> <span class='ocrx_word' id='word_1_367' title='bbox 590 2129 649 2162; x_wconf 87' lang='lat' dir='ltr'>virum</span> <span class='ocrx_word' id='word_1_368' title='bbox 658 2128 687 2161; x_wconf 90' lang='lat' dir='ltr'>dei</span> <span class='ocrx_word' id='word_1_369' title='bbox 695 2127 783 2172; x_wconf 80' lang='lat' dir='ltr'>profugus</span> 
     </span>
     <span class='ocr_line' id='line_1_39' title="bbox 82 2180 783 2226; baseline -0.006 -8"><span class='ocrx_word' id='word_1_370' title='bbox 82 2184 137 2218; x_wconf 90' lang='lat' dir='ltr'>venit.</span> <span class='ocrx_word' id='word_1_371' title='bbox 154 2185 189 2226; x_wconf 85' lang='lat' dir='ltr'>Qui</span> <span class='ocrx_word' id='word_1_372' title='bbox 195 2184 243 2218; x_wconf 91' lang='lat' dir='ltr'>illius</span> <span class='ocrx_word' id='word_1_373' title='bbox 249 2184 346 2217; x_wconf 87' lang='lat' dir='ltr'>miseratus</span> <span class='ocrx_word' id='word_1_374' title='bbox 352 2182 430 2224; x_wconf 88' lang='lat' dir='ltr'>labores,</span> <span class='ocrx_word' id='word_1_375' title='bbox 436 2182 594 2226; x_wconf 70' lang='lat' dir='ltr'>benignustillurn</span> <span class='ocrx_word' id='word_1_376' title='bbox 600 2182 687 2225; x_wconf 88' lang='lat' dir='ltr'>suscepit.</span> <span class='ocrx_word' id='word_1_377' title='bbox 703 2180 783 2215; x_wconf 90' lang='lat' dir='ltr'>Demum</span> 
     </span>
     <span class='ocr_line' id='line_1_40' title="bbox 82 2234 784 2282; baseline -0.004 -11"><span class='ocrx_word' id='word_1_378' title='bbox 82 2238 212 2282; x_wconf 87' lang='lat' dir='ltr'>adquiescente</span> <span class='ocrx_word' id='word_1_379' title='bbox 221 2238 244 2271; x_wconf 86' lang='lat' dir='ltr'>ad</span> <span class='ocrx_word' id='word_1_380' title='bbox 251 2246 317 2281; x_wconf 86' lang='lat' dir='ltr'>preces</span> <span class='ocrx_word' id='word_1_381' title='bbox 327 2235 385 2269; x_wconf 91' lang='lat' dir='ltr'>sancti</span> <span class='ocrx_word' id='word_1_382' title='bbox 395 2246 444 2280; x_wconf 86' lang='lat' dir='ltr'>rege,</span> <span class='ocrx_word' id='word_1_383' title='bbox 452 2246 463 2269; x_wconf 92' lang='lat' dir='ltr'>a</span> <span class='ocrx_word' id='word_1_384' title='bbox 473 2235 562 2269; x_wconf 90' lang='lat' dir='ltr'>iudicibus</span> <span class='ocrx_word' id='word_1_385' title='bbox 570 2234 711 2269; x_wconf 81' lang='lat' dir='ltr'>determinatur⁷</span> <span class='ocrx_word' id='word_1_386' title='bbox 720 2240 738 2268; x_wconf 85' lang='lat' dir='ltr'>vt</span> <span class='ocrx_word' id='word_1_387' title='bbox 749 2245 784 2278; x_wconf 91' lang='lat' dir='ltr'>pro</span> 
     </span>
     <span class='ocr_line' id='line_1_41' title="bbox 83 2288 813 2335; baseline -0.005 -10"><span class='ocrx_word' id='word_1_388' title='bbox 83 2292 210 2335; x_wconf 87' lang='lat' dir='ltr'>redemptione</span> <span class='ocrx_word' id='word_1_389' title='bbox 217 2290 359 2333; x_wconf 83' lang='lat' dir='ltr'>vniuseuiusque</span> <span class='ocrx_word' id='word_1_390' title='bbox 367 2290 468 2322; x_wconf 84' lang='lat' dir='ltr'>occisorum</span> <span class='ocrx_word' id='word_1_391' title='bbox 477 2289 569 2322; x_wconf 89' lang='lat' dir='ltr'>Arthurus</span> <span class='ocrx_word' id='word_1_392' title='bbox 580 2299 613 2322; x_wconf 84' lang='lat' dir='ltr'>rex</span> <span class='ocrx_word' id='word_1_393' title='bbox 622 2293 660 2321; x_wconf 90' lang='lat' dir='ltr'>tres</span> <span class='ocrx_word' id='word_1_394' title='bbox 670 2288 728 2321; x_wconf 87' lang='lat' dir='ltr'>boues</span> <span class='ocrx_word' id='word_1_395' title='bbox 737 2289 784 2331; x_wconf 92' lang='lat' dir='ltr'>opti·</span> <span class='ocrx_word' id='word_1_396' title='bbox 793 2301 813 2331; x_wconf 69' lang='lat'>40</span> 
     </span>
     <span class='ocr_line' id='line_1_42' title="bbox 83 2341 785 2388; baseline -0.004 -10"><span class='ocrx_word' id='word_1_397' title='bbox 83 2355 123 2378; x_wconf 91' lang='lat' dir='ltr'>mas</span> <span class='ocrx_word' id='word_1_398' title='bbox 135 2345 242 2388; x_wconf 87' lang='lat' dir='ltr'>susciperet.</span> <span class='ocrx_word' id='word_1_399' title='bbox 265 2342 375 2378; x_wconf 89' lang='lat' dir='ltr'>Huiusmodi</span> <span class='ocrx_word' id='word_1_400' title='bbox 384 2342 434 2376; x_wconf 92' lang='lat' dir='ltr'>enim</span> <span class='ocrx_word' id='word_1_401' title='bbox 444 2342 530 2375; x_wconf 88' lang='lat' dir='ltr'>iudicium</span> <span class='ocrx_word' id='word_1_402' title='bbox 538 2341 586 2384; x_wconf 89' lang='lat' dir='ltr'>apud</span> <span class='ocrx_word' id='word_1_403' title='bbox 594 2341 679 2374; x_wconf 88' lang='lat' dir='ltr'>Britones</span> <span class='ocrx_word' id='word_1_404' title='bbox 689 2351 700 2374; x_wconf 91' lang='lat' dir='ltr'>a</span> <span class='ocrx_word' id='word_1_405' title='bbox 710 2341 785 2384; x_wconf 87' lang='lat' dir='ltr'>regibus</span> 
     </span>
     <span class='ocr_line' id='line_1_43' title="bbox 83 2394 786 2441; baseline -0.003 -10"><span class='ocrx_word' id='word_1_406' title='bbox 83 2397 149 2441; x_wconf 89' lang='lat' dir='ltr'>priscis</span> <span class='ocrx_word' id='word_1_407' title='bbox 159 2397 260 2431; x_wconf 88' lang='lat' dir='ltr'>sanccitum</span> <span class='ocrx_word' id='word_1_408' title='bbox 270 2396 308 2430; x_wconf 79' lang='lat' dir='ltr'>suit.</span> <span class='ocrx_word' id='word_1_409' title='bbox 330 2395 422 2430; x_wconf 89' lang='lat' dir='ltr'>Arthurus</span> <span class='ocrx_word' id='word_1_410' title='bbox 430 2399 491 2429; x_wconf 87' lang='lat' dir='ltr'>tamen</span> <span class='ocrx_word' id='word_1_411' title='bbox 499 2394 613 2429; x_wconf 79' lang='lat' dir='ltr'>vnicolores⁵</span> <span class='ocrx_word' id='word_1_412' title='bbox 620 2404 685 2428; x_wconf 89' lang='lat' dir='ltr'>vaccas</span> <span class='ocrx_word' id='word_1_413' title='bbox 693 2395 759 2436; x_wconf 86' lang='lat' dir='ltr'>renuit,</span> <span class='ocrx_word' id='word_1_414' title='bbox 768 2399 786 2429; x_wconf 91' lang='lat' dir='ltr'>et</span> 
     </span>
     <span class='ocr_line' id='line_1_44' title="bbox 103 2462 786 2503; baseline -0.003 -8"><span class='ocrx_word' id='word_1_415' title='bbox 103 2467 160 2497; x_wconf 84' lang='lat' dir='ltr'>¹Boll.</span> <span class='ocrx_word' id='word_1_416' title='bbox 167 2471 265 2503; x_wconf 84' lang='lat' dir='ltr'>perseuerat.</span> <span class='ocrx_word' id='word_1_417' title='bbox 315 2465 349 2494; x_wconf 72' lang='grc' dir='ltr'>Ἐ</span> <span class='ocrx_word' id='word_1_418' title='bbox 356 2464 438 2502; x_wconf 87' lang='lat' dir='ltr'>inspirato.</span> <span class='ocrx_word' id='word_1_419' title='bbox 494 2462 528 2492; x_wconf 65' lang='grc' dir='ltr'>’Β</span> <span class='ocrx_word' id='word_1_420' title='bbox 536 2462 621 2492; x_wconf 90' lang='lat' dir='ltr'>obsorbuit.</span> <span class='ocrx_word' id='word_1_421' title='bbox 677 2462 712 2493; x_wconf 64' lang='grc' dir='ltr'>’Β</span> <span class='ocrx_word' id='word_1_422' title='bbox 718 2464 786 2501; x_wconf 86' lang='lat' dir='ltr'>vestigii.</span> 
     </span>
    </p>
   </div>
   <div class='ocr_carea' id='block_1_5' title="bbox 82 2502 786 2577">
    <p class='ocr_par' dir='ltr' id='par_1_5' title="bbox 82 2502 786 2577">
     <span class='ocr_line' id='line_1_45' title="bbox 83 2502 786 2543; baseline -0.001 -8"><span class='ocrx_word' id='word_1_423' title='bbox 83 2506 191 2537; x_wconf 80' lang='lat' dir='ltr'>⁵Vit.mavis</span> <span class='ocrx_word' id='word_1_424' title='bbox 239 2504 380 2543; x_wconf 74' lang='lat' dir='ltr'>⁶Vit.benignius.</span> <span class='ocrx_word' id='word_1_425' title='bbox 421 2502 577 2533; x_wconf 88' lang='lat' dir='ltr'>⁷Bolldecernitur.</span> <span class='ocrx_word' id='word_1_426' title='bbox 625 2502 786 2541; x_wconf 75' lang='lat' dir='ltr'>⁸T.E.vnicoloris;</span> 
     </span>
     <span class='ocr_line' id='line_1_46' title="bbox 82 2546 217 2577; baseline 0.007 -1"><span class='ocrx_word' id='word_1_427' title='bbox 82 2546 114 2577; x_wconf 89' lang='lat' dir='ltr'>Vit.</span> <span class='ocrx_word' id='word_1_428' title='bbox 121 2547 148 2576; x_wconf 91' lang='lat' dir='ltr'>vni</span> <span class='ocrx_word' id='word_1_429' title='bbox 155 2547 217 2577; x_wconf 85' lang='lat' dir='ltr'>coloris.</span> 
     </span>
    </p>
   </div>
   <div class='ocr_carea' id='block_1_6' title="bbox 0 0 897 2803">
    <p class='ocr_par' dir='ltr' id='par_1_6' title="bbox 0 0 897 2803">
     <span class='ocr_line' id='line_1_47' title="bbox 0 0 897 2803; baseline 0 0"><span class='ocrx_word' id='word_1_430' title='bbox 0 0 897 2803; x_wconf 95' lang='lat' dir='ltr'> </span> 
     </span>
    </p>
   </div>
  </div>
 </body>
</html>
