1762 2803
150 157 196 200 434
251 180 252 184 ,
341 144 421 196 ianua
437 141 553 205 tatanus
569 141 662 205 annia.

151 274 217 299 omnes
228 274 276 307 pene
288 269 348 299 costas
359 275 383 298 ex
393 275 429 298 vno
441 264 481 299 eius
491 265 549 300 latere
560 264 654 309 confregit,
665 270 683 298 et
695 263 730 298 nisi
739 263 792 297 fouea
803 263 854 298 illum

151 318 269 363 suscepisset,
275 323 324 353 totus
332 323 465 363 conquassatus
472 319 568 354 extitisset.
583 318 656 353 Virtute
661 317 691 353 dei
699 319 721 353 ab
729 318 763 353 hac
771 317 855 352 molestia

152 371 187 406 cito
196 371 291 406 conualuit.
337 364 416 406 iubente
426 373 501 406 tandem
511 383 555 416 rege
566 372 646 416 Edgaro,
653 372 682 406 vir
692 371 722 406 dei
730 371 856 405 Ethelwoldus

152 435 163 458 a
170 429 233 459 sancto
242 423 338 458 Dunstano
346 424 445 469 episcopus
452 424 580 459 wintoniensis
589 429 710 459 consecratur.
729 424 786 458 Erant
794 429 855 459 autem

135 476 171 516 sin
182 476 245 511 Veteri
258 481 302 511 tunc
317 478 428 511 monasterio
444 478 526 512 canonici
543 478 647 522 nephandis
666 477 747 512 moribus
763 477 855 520 implicati,

152 530 235 570 elatione,
246 530 343 564 insolentia
354 536 409 574 atque
420 531 494 565 luxuria
504 531 594 576 preuenti‚
606 530 652 564 adeo
663 535 683 565 vt
695 529 778 564 nonnulli
791 540 855 564 eorum

152 582 296 627 dedignarentur
311 583 378 618 missas
393 594 427 618 suo
442 584 507 618 ordine
526 583 631 626 celebrare;
650 583 770 628 repudiantes
788 593 856 618 vxores

152 646 198 679 quas
211 635 272 670 illicite
284 637 380 679 duxerant,
392 642 411 670 et
422 638 467 671 alias
479 637 596 681 accipientes,
607 638 651 681 gule
665 642 683 671 et
696 636 779 671 ebrietati
791 635 857 680 iugiter

151 689 256 723 vacabanff.
279 689 333 731 Quod
344 689 421 724 minime
432 689 495 724 ferens
507 689 611 733 episcopus,
619 694 695 734 accepta
705 700 716 723 a
728 700 772 733 rege
783 689 856 732 Edgaro

125 741 229 783 rolicenfia,
241 741 311 785 expulit
323 753 360 784 eos,
372 748 390 776 et
402 743 502 776 monachos
514 743 537 776 de
549 742 660 776 Abendonia
671 741 777 783 introduxit,
789 741 856 785 quibus

152 794 193 838 ipse
201 795 257 829 abbas
265 800 284 829 et
292 795 390 839 episcopus
398 795 436 830 fuit.
455 795 505 830 Misit
515 800 576 830 autem
584 806 617 830 rex
626 795 720 830 ministros
728 806 777 837 suos,
785 794 856 830 clericis

152 848 257 892 precipiens
268 854 288 882 vt
300 849 397 883 confestim
409 850 448 883 loco
460 848 589 883 renunciarent
601 854 632 883 aut
643 849 725 882 habitum
736 848 856 883 monasticum

152 900 273 945 susciperent.
303 901 339 943 Qui
358 901 415 936 nimio
434 912 503 946 pauore
523 901 622 943 conterriti,
638 907 656 935 et
674 901 730 936 vitam
749 906 857 935 execrantes

153 954 278 997 monasticam,
289 954 398 989 intrantibus
410 955 510 997 monachis,
521 955 569 989 illico
580 955 677 998 exierunt,
690 954 723 989 sed
734 959 796 989 tamen
806 959 857 998 post-

127 1020 145 1050 ¹5
153 1009 229 1042 modum
240 1007 313 1042 illorum
324 1013 362 1043 tres
374 1008 456 1042 habitum
467 1008 572 1042 induerunt.
595 1008 643 1041 Nam
653 1019 712 1052 usque
722 1012 766 1042 tunc
774 1007 793 1041 in
802 1012 857 1051 gente

153 1061 256 1104 Anglorum
275 1072 313 1094 non
332 1067 384 1094 erant
403 1061 488 1095 monachi
507 1061 542 1094 nisi
560 1060 579 1094 in
599 1061 695 1095 Glastonia
710 1065 728 1094 et
743 1061 857 1095 Abeudonia.

154 1105 224 1148 Clerici
239 1117 282 1146 tunc
293 1112 376 1157 predicti,
388 1112 445 1147 liuore
458 1118 476 1147 et
488 1112 558 1146 inuidia
570 1112 624 1153 ducti,
632 1123 724 1147 venenum
737 1112 857 1147 fortissimum

153 1166 241 1210 episcopo
254 1165 379 1210 propinarunt,
393 1172 411 1200 et
423 1166 484 1200 statim
497 1166 543 1201 facie
558 1166 577 1200 in
593 1166 683 1211 pallorem
698 1171 772 1209 mutata,
785 1165 858 1200 viscera

153 1220 202 1254 illius
213 1220 330 1263 ingrassante
339 1231 412 1255 veneno
420 1219 529 1255 cruciantur.
552 1219 637 1255 Surrexit
647 1231 658 1254 a
667 1231 732 1254 mensa
742 1224 760 1254 et
767 1219 829 1264 posuit
837 1230 857 1254 se

126 1284 145 1305 20
153 1282 210 1317 super
216 1273 289 1314 lectum,
295 1273 359 1307 dicens
366 1272 385 1306 in
394 1273 449 1307 corde
457 1283 502 1308 suo:
514 1272 560 1307 ‘Vbi
568 1278 597 1307 est
605 1274 660 1306 modo
668 1274 715 1307 fides
722 1275 765 1306 tua?
776 1273 807 1307 vbi
815 1278 858 1307 sunt

153 1325 271 1371 cogitationes
283 1337 350 1361 sensus
361 1325 399 1361 tui?
422 1325 489 1361 Nonne
499 1326 556 1361 verba
568 1325 636 1361 Christi
647 1336 692 1361 vera
703 1331 746 1360 sunt
758 1325 824 1371 quibus
838 1326 857 1360 in

153 1377 249 1423 euangelio
262 1378 360 1422 pollicetur
372 1378 448 1413 dicens:
465 1379 505 1413 “Et
517 1378 533 1412 si
546 1378 660 1413 mortiferum
673 1379 716 1423 quid
729 1379 808 1413 biberint
820 1389 858 1413 cre·

153 1433 224 1473 dentes,
232 1442 270 1465 non
278 1431 305 1466 eis
317 1431 390 1466 nocebit
397 1432 420 1466 ¹¹?
442 1431 508 1467 Nonne
518 1431 559 1475 ipse
567 1431 598 1476 qui
608 1433 642 1467 hec
653 1432 734 1476 loquitur
743 1442 822 1476 presens
830 1437 858 1466 est

153 1484 254 1527 diuinitate,
265 1484 307 1518 licet
318 1485 386 1519 absens
397 1484 421 1518 sit
432 1487 522 1528 corpore?
545 1484 589 1528 ipse
601 1484 721 1528 proculdubio
732 1485 767 1519 hoc
776 1484 827 1519 virus
839 1484 858 1519 in

127 1543 172 1579 25te
184 1547 273 1572 euacuare
288 1538 360 1581 potest?
384 1537 420 1571 His
432 1536 491 1580 dictis,
504 1547 579 1572 omnem
594 1537 685 1573 letiferum
701 1538 787 1571 haustum
802 1548 858 1581 quem

153 1590 230 1633 biberat,
243 1591 291 1626 fides
306 1601 340 1626 sua
354 1590 438 1635 protinus
454 1590 537 1633 extinxit,
549 1596 567 1625 et
582 1590 635 1625 hilari
649 1591 700 1626 vultu
716 1591 778 1636 fugato
795 1590 858 1625 dolore

154 1644 239 1680 surrexit.
269 1638 373 1680 Annucnte
380 1650 442 1678 autem
450 1655 494 1688 rege
503 1645 581 1688 Edgaro,
588 1644 686 1678 canonicos
694 1646 717 1678 de
726 1644 778 1679 Nouo
785 1654 858 1679 monas-

154 1700 205 1741 terio,
214 1709 262 1732 nunc
271 1698 321 1731 Hida
328 1704 397 1740 vocato,
406 1698 508 1741 expellens
516 1698 616 1732 monachos
626 1708 668 1732 cum
678 1698 744 1732 abbate
752 1697 858 1732 introduxit.

154 1751 251 1787 Ordinauit
262 1756 323 1786 autem
336 1750 373 1785 illis
386 1751 471 1786 abbatem
486 1751 610 1795 Ethelgarum,
623 1751 653 1796 qui
666 1756 731 1796 postea
743 1751 858 1786 Australium

126 1814 146 1843 30
154 1805 249 1838 Saxonum
258 1805 356 1847 episcopus
364 1804 428 1846 factus,
436 1810 478 1848 post
486 1809 569 1838 sanctum
579 1804 697 1838 Dunstanum
708 1804 727 1836 in
735 1804 858 1848 archiepisco·

153 1863 216 1901 patum
228 1856 322 1892 successit.
365 1850 425 1901 Apud
437 1855 551 1892 Wintoniam
562 1867 635 1901 quoque
646 1856 776 1891 monasterium
788 1856 858 1891 monia-

153 1911 198 1945 lium
211 1910 230 1944 in
242 1910 312 1945 honore
324 1910 377 1946 beate
390 1909 467 1954 virginis
482 1910 588 1945 construxit.
611 1909 681 1945 Locum
696 1910 788 1954 quendam
803 1911 858 1945 modo

154 1964 204 2008 Hely
213 1969 303 2006 vocatum,
315 1965 360 1998 fisco
372 1964 423 2007 regio
434 1964 535 2005 redactum,
547 1964 589 1998 dato
601 1974 639 1997 non
650 1963 722 1997 modico
733 1963 796 2007 precio
808 1963 857 2004 emit,

153 2017 253 2051 monachos
264 2017 333 2051 ibidem
343 2016 439 2059 ordinauit,
449 2016 571 2058 brithnotum,
579 2015 694 2060 prepositum
704 2027 763 2058 suum,
772 2016 857 2051 abbatem

126 2078 145 2109 35
153 2069 230 2104 instituit
245 2074 264 2104 et
278 2070 338 2104 locum
353 2070 431 2104 edificiis
445 2068 543 2113 reparauit.
566 2069 616 2103 Emit
631 2080 703 2113 quoque
716 2080 726 2103 a
739 2080 783 2113 rege
798 2070 858 2103 locum

155 2121 333 2165 Medeshamstede2,
341 2123 396 2156 modo
408 2121 471 2166 Burgh
481 2125 571 2161 vocatum,
581 2120 712 2165 basilicamque
723 2121 809 2166 congruis
820 2122 858 2157 edi·

154 2177 200 2212 ficiis
210 2181 293 2212 ornatam
305 2175 323 2211 in
334 2176 405 2210 honore
416 2174 465 2209 beati
477 2173 528 2208 Petri
539 2174 659 2216 consecrauit,
670 2175 770 2209 monachos
781 2185 858 2218 congre-

153 2230 208 2274 gauit‚
217 2228 334 2274 Eadulphum
342 2228 369 2263 eis
378 2228 463 2263 abbatem
471 2227 554 2270 instituit,
562 2227 593 2272 qui
603 2233 646 2272 post
656 2234 739 2263 sanctum
750 2228 857 2263 Oswaldum

154 2283 261 2318 eboracensi
277 2281 354 2318 ecclesie
369 2281 388 2316 in
404 2281 504 2317 cathedrali
519 2281 601 2316 honore³
615 2280 753 2326 [plresidebat4.
774 2280 857 2317 Tertium

125 2345 146 2375 40
154 2335 283 2371 nichilominus
291 2336 351 2369 locum
359 2335 423 2378 precio
430 2334 531 2377 acquisiuit,
540 2334 571 2378 qui
579 2340 655 2379 propter
663 2334 735 2379 spineta
744 2334 858 2379 circumqua-

154 2401 190 2434 que
199 2388 334 2424 succrescentia
341 2387 436 2422 Thorneia
442 2387 546 2429 vocabatur,
554 2392 572 2421 et
580 2387 680 2422 monachos
688 2387 756 2421 ibidem
764 2387 831 2428 statuit,
839 2391 858 2421 et

155 2443 284 2478 Godmannum
292 2442 377 2477 abbatem
385 2440 412 2475 eis
421 2440 503 2485 prefecit.
537 2433 609 2484 Sitque
615 2440 682 2475 factum
690 2446 724 2483 est,
731 2440 858 2476 consentiente

154 2507 203 2539 rege,
217 2500 237 2529 vt
252 2495 319 2538 partim
334 2494 426 2530 Dunstani
442 2493 518 2528 consilio
533 2499 551 2528 et
569 2493 645 2537 actione,
660 2495 728 2538 partim
747 2492 857 2528 Ethelwoldi

154 2547 218 2584 sedula
231 2547 365 2592 cooperatione,
377 2545 489 2582 monasteria
500 2546 631 2582 monachorum
643 2550 662 2580 et
672 2546 778 2581 monialium
790 2545 858 2591 vbique

174 2613 288 2645 ¹r.vacantes.
315 2612 350 2644 2E.
358 2612 501 2644 medeshamstede.
529 2611 704 2643 ³E.inc.inhonore.
732 2611 766 2643 ⁴E.
774 2611 857 2642 residebat
