1762 2803
244 119 289 174 bt
304 116 405 171 &anno
419 118 560 170 bonifatio.
712 133 754 175 127

50 243 136 286 supernis
147 243 254 286 angelorum
269 242 339 276 ciuibus
355 241 474 275 condonabit.¹
505 242 588 285 Cumque
604 241 646 275 talia
663 241 756 282 nonnulla,

51 296 110 329 socios
121 296 140 329 in
152 296 226 329 domino
237 294 356 329 confortando
367 294 473 338 protulisset
479 306 484 334 ς
500 294 561 328 statim
572 304 686 338 paganorum
698 294 756 335 turba,

51 359 92 383 cum
108 348 173 393 gladiis
190 354 208 383 et
224 348 301 383 fustibus
319 348 338 381 in
358 352 432 381 sanctos
449 348 527 389 irruens,
546 348 653 392 episcopum
672 352 756 381 sanctum

51 413 92 435 cum
104 402 158 435 sociis
170 402 238 435 crudeli
247 407 306 435 morte
316 401 423 441 trucidauit3
436 400 510 434 techas¹
521 400 600 434 diuersis
609 399 660 434 libris
671 399 756 444 repletas,

51 453 205 498 reliquiarumque
216 465 281 498 capsas
293 464 356 488 secum
368 458 469 497 asportans.
500 453 568 488 Exorta
580 458 608 488 est
620 453 708 487 dissentio
719 461 774 490 non5

51 507 123 542 modica
133 508 196 551 populi
207 507 292 550 infidelis,
304 512 322 542 et
333 517 367 551 pro
379 507 468 541 diuisione
480 517 513 541 sue
524 508 582 552 prede
595 512 646 541 tanta
661 505 758 550 discordia,

51 566 71 594 vt
87 572 138 594 arma
153 562 219 605 quibus
234 567 326 604 martyres
344 561 444 609 inhumane
459 565 513 594 antea
530 560 638 602 occiderant,
650 561 669 594 in
685 559 757 605 seipsos

52 613 150 648 crudeliter
168 615 267 659 pugnando
286 618 420 648 conuerterent.
448 613 516 658 Sicque
534 614 615 648 maxima
633 619 685 658 parte
704 614 757 648 turbe

51 672 154 710 prostrata;
173 667 204 710 qui
223 667 332 711 superstites
351 672 485 707 remanserunt,
501 667 569 710 apertis
587 668 648 710 capsis
665 672 683 700 et
702 665 757 699 nichil

52 724 115 761 preter
125 719 181 753 libros
193 725 211 753 et
223 720 308 763 reliquias
320 719 395 752 omnino
410 719 493 763 repertis,
505 728 540 763 per
553 719 612 763 campi
627 718 724 762 planiciem
739 723 757 752 et
767 731 786 752 ιο

51 770 71 805 in
83 771 180 815 paludibus
191 774 294 816 ceterisque
304 772 349 805 locis
359 772 427 815 vbique
441 771 573 815 disperserunt.
603 770 701 806 Christiani
713 781 758 804 vero

52 835 130 868 corpora
148 830 253 859 sanctorum
269 825 380 868 colligentes,
397 825 477 857 exercitu
496 830 612 868 congregato,
631 834 713 868 paganos
728 824 759 858 die

52 877 105 911 tertia
115 878 184 922 ingenti
198 884 260 921 strage
273 877 386 911 deleuerunt.
414 876 467 910 Lullo
484 882 545 910 autem
561 877 659 922 episcopus
672 882 690 911 et
701 877 759 910 sancti

53 941 149 965 successor
166 941 233 974 corpus
248 930 306 965 sancti
324 928 411 964 Boniiacii
428 930 451 964 ad
470 931 609 970 monasterium,
627 931 676 974 quod
694 930 760 963 vinens

53 989 185 1025 construxerat,
196 984 247 1017 iuxta
262 983 378 1026 Magunciam
393 993 448 1017 secus
462 983 522 1026 ripam
537 982 618 1018 lluminis
633 982 682 1027 quod
694 983 787 1024 dicitur15

54 1036 122 1070 Foldel
136 1037 197 1076 situm,
209 1036 305 1077 transtulit,
317 1041 335 1070 et
347 1045 388 1070 cum
404 1045 471 1079 magno
487 1036 557 1070 honore
572 1035 662 1080 sepeliuit.
706 1027 760 1071 Obiit

53 1095 114 1124 autem
126 1090 180 1124 nonis
191 1090 240 1132 iunii,
251 1100 300 1124 anno
309 1088 462 1134 peregrinationis
474 1100 508 1123 sue
519 1090 665 1134 quadragesimo,
676 1090 760 1124 incarna-

53 1144 108 1177 tionis
125 1154 170 1178 vero
187 1143 278 1177 dominice
293 1153 341 1177 anno
358 1141 521 1186 septingentesimo
540 1143 761 1187 quinquagesimoquinto,

54 1197 170 1240 episcopatus
185 1197 213 1230 sui
229 1197 379 1236 tricesimosexto,
394 1195 489 1229 mensibus
503 1206 543 1237 sex,
556 1196 621 1230 diebus
635 1187 760 1230 sen—Hic

54 1249 163 1290 Bonifatius,
171 1254 190 1283 vt
200 1248 225 1283 ait
235 1248 354 1283 Vincentius³
363 1249 382 1282 in
392 1248 471 1292 Speculo
480 1248 573 1283 Historiali
578 1248 590 1290 ⁴,
600 1249 674 1282 natione
681 1249 759 1292 Anglus,
769 1260 788 1281 20

54 1301 158 1335 huiusmodi
173 1301 246 1346 scripsit
259 1301 355 1346 epistolam
369 1300 477 1335 Ethelbaldo
489 1302 527 1345 regi
539 1302 654 1346 Anglorum:
670 1301 760 1335 ‘Domino

54 1355 162 1389 charissimo
181 1355 289 1388 Ethelbaldo
306 1355 345 1398 regi
360 1354 468 1396 Anglorum,
486 1353 589 1388 Boniiacius
607 1354 761 1398 archiepiscopus,

54 1407 125 1450 legatus
140 1406 256 1450 germanicus
271 1417 347 1440 romane
364 1406 446 1448 ecclesie,
457 1412 566 1451 perpetuam
582 1408 602 1440 in
619 1406 692 1442 Christo
704 1407 761 1441 chari-

54 1461 97 1494 tatis
119 1460 202 1494 salutem.
235 1460 346 1493 Audiuimus
368 1460 416 1504 quod
439 1460 544 1494 elemosinis
566 1460 652 1501 intentus,
674 1459 721 1494 furta
743 1465 762 1494 et

55 1513 139 1556 rapinam
159 1513 252 1557 prohibes,
272 1518 290 1546 et
310 1523 375 1556 pacem
394 1511 460 1556 diligis,
480 1518 498 1546 et
516 1513 604 1547 defensor
622 1523 725 1557 pauperum
744 1519 762 1547 et
772 1526 789 1555 25

55 1566 152 1599 viduarum
164 1576 196 1599 es:
215 1571 234 1599 et
245 1565 288 1599 inde
300 1566 335 1599 deo
346 1565 414 1610 gratias
425 1565 502 1609 agimus.
532 1565 586 1607 Quod
600 1576 645 1600 vero
660 1565 762 1609 legitimum

55 1618 193 1653 matrimonium
210 1618 296 1662 spernis:
316 1618 332 1651 si
347 1629 382 1662 pro
397 1617 480 1652 castitate
499 1618 575 1660 iaceres,
594 1623 644 1653 esset
660 1618 762 1660 laudabile;

56 1673 89 1705 sed
101 1672 143 1715 quia
152 1670 171 1705 in
180 1671 252 1705 luxuria
261 1676 279 1705 et
289 1672 378 1705 adulten'o
389 1677 407 1705 et
416 1681 458 1704 cum
468 1671 636 1706 sanctimonialibus
645 1671 746 1715 voluptaris
750 1671 763 1712 ⁵,

56 1729 85 1757 est
92 1724 212 1767 vituperabile
220 1728 238 1757 et
246 1723 368 1767 dampnabile.
391 1723 514 1767 Quapropter,
521 1723 547 1757 iili
558 1723 672 1766 charissime,
679 1723 763 1767 penitere

56 1782 74 1810 et
89 1786 193 1810 memorare
208 1786 264 1819 quam
278 1780 333 1819 turpe
350 1776 373 1811 sit
389 1781 409 1810 vt
424 1781 449 1818 tu,
461 1776 491 1820 qui
507 1776 556 1810 dono
572 1776 601 1811 dei
617 1776 723 1819 dominaris,
739 1777 762 1811 ad
771 1791 791 1820 ³⁰

56 1829 140 1863 iniuriam
156 1829 195 1862 eius
207 1828 234 1862 sis
245 1828 325 1868 libidinis
341 1839 411 1863 seruus.
434 1829 544 1864 Audiuimus
556 1836 641 1874 preterea
652 1830 701 1874 quod
716 1830 763 1875 opti-

56 1888 115 1917 mates
134 1893 182 1926 pene
202 1893 267 1916 omnes
285 1882 346 1926 gentis
365 1881 482 1925 Merciorum,
501 1889 532 1918 tuo
552 1883 645 1928 exemplo,
664 1882 763 1928 legittimas

56 1946 124 1971 onres
136 1936 228 1977 deserant,
240 1940 258 1970 et
269 1936 361 1969 adulteras
373 1941 391 1969 et
402 1935 551 1971 sanctimoniales
561 1942 686 1981 constuprent.
709 1936 763 1979 Quod

56 2000 112 2033 quam
123 1989 147 2023 sit
158 1990 181 2022 ab
196 1989 291 2022 honestate
306 1987 431 2032 peregrinum,
443 1990 508 2023 doceat
519 2000 553 2024 vos
564 1989 624 2024 aliene
636 1989 697 2033 gentis
713 1990 763 2023 insti-

57 2041 107 2075 tutio.
130 2041 177 2076 Nam
189 2042 208 2075 in
219 2040 304 2085 antiqua⁸
316 2040 402 2083 Saxonia,
413 2040 444 2076 vbi
459 2042 509 2077 nulla
521 2049 549 2077 est
565 2043 633 2078 Christi
649 2042 732 2088 cognitio,
748 2042 763 2078 si
772 2056 791 2087 ³5

57 2095 108 2139 virgo
119 2095 138 2128 in
150 2100 227 2138 paterna
237 2096 298 2135 domo,
309 2094 339 2128 vel
350 2095 434 2128 maritata
447 2097 482 2129 sub
494 2096 572 2141 coniuge
588 2096 642 2131 luerit
657 2097 763 2137 adulterata,

58 2158 113 2182 manu
128 2148 203 2191 propria
215 2147 346 2191 strangulatam
360 2153 448 2189 cremant,
465 2154 483 2182 et
499 2160 556 2192 super
572 2148 641 2183 fossam
658 2149 763 2192 sepulture³

58 2206 183 2244 corruptorem
191 2202 318 2245 suspendunt,
330 2206 360 2235 aut
368 2200 495 2244 cingulotenus
501 2206 508 2224 ⁵
515 2201 598 2237 vestibus
608 2202 690 2243 abscisis,
701 2202 764 2247 llagel-

58 2254 96 2287 lant
111 2265 152 2288 eam
165 2259 215 2289 caste
225 2260 315 2296 matrone,
324 2259 342 2288 et
353 2254 431 2288 cultellis
446 2262 536 2297 pungunt,
549 2260 567 2288 et
580 2256 603 2287 de
616 2255 658 2287 villa
671 2255 690 2287 in
702 2255 764 2288 villam

58 2306 115 2339 misse
123 2311 221 2340 occurrunt
229 2317 277 2340 noue
285 2305 404 2351 flagellantes,
413 2306 471 2340 donec
481 2306 591 2341 interimant.
616 2306 672 2341 Wntli
685 2317 764 2352 quoque,
772 2321 793 2351 40

59 2360 107 2402 quod
127 2366 155 2393 est
170 2360 297 2393 sedissimumt
311 2370 371 2404 genus
389 2359 490 2402 hominum,
507 2360 556 2394 hunc
575 2359 643 2394 habent
660 2370 731 2394 morem
745 2366 765 2395 vt

58 2412 124 2446 marito
139 2418 217 2454 mortuo,
232 2413 298 2447 mulier
314 2423 335 2447 se
350 2413 369 2446 in
387 2423 457 2456 rogum,
476 2412 595 2446 cremando¹⁰
613 2413 683 2456 pariter
701 2424 766 2448 arsura

78 2495 84 2512 ¹
98 2497 173 2529 :thecas
240 2497 247 2515 ²
260 2497 331 2528 =Fulda
383 2496 389 2514 ³
399 2497 417 2528 E,
426 2496 529 2528 innocentius.
581 2497 587 2514 ⁴
597 2498 616 2529 ci.
624 2498 670 2529 Vinc.
678 2499 723 2534 xxiii,
733 2509 766 2538 157.

59 2536 65 2554 ⁵
74 2536 92 2567 T,
101 2536 181 2567 volutaris.
237 2537 243 2554 ⁶
253 2537 270 2567 Ε.
278 2539 342 2575 antiqua
349 2538 371 2569 in.
422 2537 427 2554 ⁷
438 2537 482 2567 Vinc.
489 2537 556 2574 sepulte.
606 2537 612 2555 ⁸
623 2538 641 2568 E.
652 2539 765 2576 singulotenus.

59 2577 65 2594 ⁹
76 2576 93 2606 E.
102 2576 221 2615 fetidissimum
231 2577 249 2608 T.
257 2578 359 2608 fedissimum.
410 2577 421 2595 ¹⁰
432 2577 477 2607 Vinc.
484 2577 553 2607 cremati.
