1762 2803
118 155 161 186 120
307 141 387 194 anta
402 139 517 201 arumna
532 136 625 200 annito.

117 262 211 307 Stephano
223 262 310 307 predictis
321 262 447 296 archidiacono
459 267 477 296 et
489 261 561 295 officiali
572 260 621 295 vices
633 269 676 294 suas
687 258 816 300 committente,

116 316 200 358 pluribus
215 314 324 356 conuocatis,
336 325 384 347 anno
398 314 467 347 domini
482 314 580 347 millesimo
592 312 718 346 ducentesimo
729 312 817 345 vicesimo

117 373 187 410 quarto,
202 367 250 402 inter
265 367 332 402 multos
347 371 405 402 testes
420 367 494 410 quidam
509 366 607 400 canonicus
622 366 692 400 iuratus
707 365 752 399 dixit
768 364 816 408 quod

117 421 185 454 audiuit
193 420 299 454 multotiens
307 419 421 453 Willelmum
433 419 540 453 canonicum
552 418 643 453 dicentem
652 418 700 461 quod
708 417 777 461 pluries
785 427 817 460 ap·

100 486 108 515 5
117 473 176 517 paruit
184 474 200 507 ei
209 472 282 516 quidam
289 472 308 505 in
315 472 356 506 visu
364 471 469 516 precipiens
476 476 496 505 vt
502 476 588 516 quereret
595 471 687 515 quoddam
699 470 817 513 sepulchrum

117 526 136 559 in
147 525 223 560 ecclesia
234 526 258 557 de
270 524 380 558 Dorcestre¹
390 530 433 558 ante
444 525 502 558 altare
512 530 576 559 sancte
587 525 650 564 crucis,
661 529 679 558 et
690 524 715 557 ibi
726 523 817 557 inueniret
861 565 863 567 Ι

117 588 183 620 corpus
191 578 248 611 sancti
257 576 325 610 Birini:
339 577 361 610 Et
369 582 444 620 accepta
451 578 474 610 ab
481 577 547 610 abbate
557 577 629 610 licentia
639 578 710 620 quesito
721 575 818 620 sepulchro

117 635 135 664 et
146 635 214 674 aperto,
228 629 345 673 presentibus
356 629 422 663 abbate
433 635 452 662 et
463 629 560 671 canonicis,
572 630 683 663 inuenerunt
697 639 764 672 corpus
779 627 817 672 epi·

117 683 167 726 scopi
178 684 270 726 integrum
282 693 324 716 cum
335 682 403 726 duplici
411 682 458 716 stola
465 686 484 716 et
491 681 548 715 infula
557 683 614 715 rubea
621 683 644 716 de
656 692 717 725 panno
728 681 792 723 serico,
800 686 818 715 et

65 764 69 771 .
91 749 109 770 10
117 745 158 771 cum
166 746 219 769 cruce
227 736 250 768 de
261 735 335 768 metallo
343 746 399 778 super
406 740 472 778 peetus
480 735 545 777 posita,
553 740 571 769 et
581 734 636 768 calice
644 745 700 778 super
707 734 818 768 umbilicum.

118 787 152 821 DIe
160 787 230 822 sabbati
238 792 280 831 post
291 786 341 821 illam
351 786 476 822 inuentionem
485 786 558 829 quidam
567 796 600 830 per
608 785 725 830 septennium
734 796 788 821 cecus
796 786 818 820 ad

117 852 184 884 corpus
195 842 290 884 accedens,
299 841 360 874 visum
371 840 445 884 recepit.
467 840 582 874 Adolescens
593 851 604 873 a
615 839 710 874 natiuitate
722 840 789 874 surdus
800 844 818 873 et

118 899 184 935 mutus,
192 895 274 927 auditum
282 899 300 927 et
308 893 399 937 loquelam
407 894 475 927 habere
483 892 553 927 meruit.
567 893 653 927 Asseruit
662 893 711 927 enirn
720 903 740 927 se
748 892 818 926 iussum

118 946 137 980 in
144 947 185 980 visu
197 946 246 990 quod
257 947 280 980 ad
292 945 401 981 Dorcestre¹
412 950 504 990 pergeret,
515 950 535 980 vt
546 946 644 980 sanitatem
653 947 740 989 consequi
749 950 818 989 posset.

92 1012 110 1043 15
119 999 154 1040 Qui
168 1010 209 1033 cum
223 1010 244 1032 se
257 999 317 1032 locum
329 998 400 1033 nescire
413 1000 540 1043 responderet,
555 999 579 1032 ait
594 998 625 1033 ille
638 999 669 1042 qui
682 999 717 1032 sibi
730 998 819 1042 apparuit,

118 1053 167 1095 quod
179 1053 253 1085 duceret
265 1061 313 1085 eum.
336 1051 359 1084 Et
371 1051 460 1094 euigilans
470 1051 534 1084 ductus
542 1056 570 1085 est
578 1051 601 1084 ab
609 1052 674 1085 eodem
681 1051 721 1085 viro
728 1062 787 1094 vsque
796 1052 819 1084 ad

118 1103 183 1137 locum.
207 1102 230 1136 Et
241 1113 283 1136 cum
294 1108 387 1137 curaretur
394 1104 417 1136 ad
428 1103 546 1147 sepulchrum
557 1105 605 1138 beati
615 1104 677 1145 Birini,
686 1109 704 1138 et
714 1104 820 1147 loqueretur

118 1155 194 1198 anglice,
208 1154 254 1188 dixit
266 1155 326 1189 iocose
340 1156 438 1189 canonicus
451 1155 537 1198 quidam:
551 1156 596 1197 ‘Qut
609 1160 627 1191 te
640 1156 701 1190 docuit
714 1155 768 1199 loqui,
782 1165 819 1189 non

118 1213 156 1242 erat
164 1208 237 1241 curialis
245 1220 249 1248 ς
262 1213 325 1251 posset
333 1208 383 1242 enim
391 1207 475 1242 docuisse
483 1212 502 1241 te
511 1207 546 1241 alio
557 1208 644 1242 idiomate
655 1207 714 1252 loqui!
738 1208 761 1241 Et
772 1207 820 1241 infra

91 1276 110 1297 κο
118 1262 198 1295 triduum
212 1261 237 1294 ita
252 1260 333 1304 perfecte
348 1261 417 1304 gallice,
431 1261 478 1294 sicut
492 1261 569 1305 anglice,
583 1261 632 1305 loqui
646 1261 700 1306 cepit.
723 1262 819 1303 Quendam

118 1325 190 1359 quoque
201 1318 294 1348 mortuum
305 1313 430 1356 resuscitauit3
446 1315 540 1358 leprosum
551 1315 657 1357 mundanit3
673 1315 723 1350 viros
735 1315 781 1349 duos
792 1314 820 1348 in·

118 1378 174 1411 super
185 1372 267 1400 mortuos
274 1368 312 1400 vite
322 1367 412 1408 restituit3
424 1371 442 1400 et
453 1378 464 1400 a
475 1368 568 1401 natiuitate
576 1372 638 1401 mutus
646 1367 737 1411 loquelam
745 1367 820 1410 recepit.

119 1413 166 1454 Post
177 1421 211 1454 hec
223 1425 241 1453 et
252 1420 310 1453 multa
321 1420 356 1453 alia
364 1420 413 1463 [ab]²
421 1420 486 1453 abbate
494 1425 513 1454 et
521 1425 613 1454 conuentu
620 1418 720 1463 proposita,
728 1419 820 1463 quesitum

118 1477 146 1506 est
158 1473 173 1507 si
185 1472 244 1516 aliqua
257 1472 348 1515 scriptura
360 1482 401 1506 cum
414 1482 490 1515 corpore
503 1478 576 1515 reperta
587 1471 626 1506 fuit.
649 1472 752 1516 Respondit
764 1472 821 1505 abbas

92 1539 109 1569 ²5
118 1527 167 1569 quod
175 1535 217 1560 non.
231 1524 286 1559 Vnde
293 1525 316 1558 de
324 1535 416 1559 consensu
424 1524 505 1565 omnium
513 1530 576 1568 aperto
585 1524 687 1568 sepulchro,
695 1524 770 1560 inuenta
778 1529 821 1558 sunt

119 1589 161 1611 ossa
173 1577 237 1611 ordine
248 1577 325 1611 naturali
337 1577 402 1620 posita,
410 1588 465 1611 carne
476 1578 495 1610 in
507 1577 579 1611 cineres
591 1579 670 1611 redacta.
693 1577 782 1611 inuentus
792 1583 821 1612 est

119 1634 137 1663 et
152 1629 222 1672 anulus,
235 1639 280 1662 crux
295 1629 382 1672 plumbea
397 1639 453 1672 super
465 1634 530 1672 pectus
542 1631 587 1670 eius,
598 1629 673 1672 quidam
687 1629 733 1663 calix
746 1640 820 1673 paruus,

119 1684 208 1726 particule
226 1683 378 1716 vestimentorum
393 1693 473 1724 suorum,
487 1684 559 1726 dueque
574 1682 625 1725 stole,
638 1682 680 1716 licet
693 1693 730 1717 non
745 1681 821 1727 integre.

120 1736 198 1769 quenta
210 1740 238 1768 est
247 1734 302 1768 etiarn
313 1736 392 1777 quedam
402 1736 457 1768 bursa
470 1735 528 1768 serica
540 1734 597 1778 super
609 1740 674 1779 pectus
688 1734 732 1778 eius,
742 1737 821 1779 quedam

92 1801 111 1831 30
118 1798 163 1833 pera
178 1799 202 1822 ex
217 1798 253 1822 vna
267 1792 320 1832 parte
335 1798 379 1821 auro
395 1793 485 1822 contexta.
507 1787 621 1822 Asserebant
633 1787 682 1822 enirn
695 1798 760 1822 omnes
773 1789 821 1832 quod

118 1841 137 1875 in
152 1852 174 1875 ea
189 1841 249 1874 fuerat
263 1840 312 1883 palla
324 1840 406 1884 predicta
418 1851 460 1873 cum
472 1851 549 1884 corpore
562 1840 635 1882 Christi,
649 1851 683 1884 pro
696 1851 737 1884 qua,
749 1845 768 1874 vt
781 1852 822 1885 pre-

118 1894 199 1936 mittitur,
209 1904 265 1936 super
275 1904 326 1926 mare
337 1893 390 1927 siccis
399 1893 478 1936 pedibus
487 1893 591 1927 ambulauit.
615 1894 638 1926 Et
647 1893 756 1926 exclamauit
765 1894 822 1927 abbas

117 1946 191 1990 quidam
208 1946 282 1979 dicens:
294 1945 371 1979 ‘Certus
385 1956 425 1979 sum
442 1946 490 1989 quod
502 1946 537 1979 hoc
553 1951 581 1980 est
597 1955 664 1989 corpus
680 1945 737 1980 sancti
754 1945 821 1980 Birini:

117 2010 160 2033 nam
175 1998 237 2033 audiui
249 1998 267 2031 in
283 1999 317 2032 hac
332 2004 386 2032 nocte
401 2009 465 2033 vocem
480 1998 532 2042 quasi
549 1998 644 2033 cuiusdam
659 2009 726 2042 magne
742 2009 822 2043 persone

90 2064 109 2095 35
117 2052 136 2085 in
152 2052 207 2086 latina
223 2051 284 2094 lIngua
297 2051 323 2085 sic
339 2051 441 2085 dicentem:
457 2051 512 2085 “Ne³
524 2050 609 2086 dubitetis
626 2052 650 2085 de
665 2050 771 2085 inuentione
783 2062 822 2086 cor-

117 2105 167 2149 poris
182 2104 230 2140 beati
247 2104 315 2139 Birini:
334 2114 368 2139 vos
380 2103 477 2139 inuenietis
491 2109 549 2139 totum
561 2101 633 2148 corpus,
646 2105 679 2138 sed
693 2104 787 2139 redactum
803 2104 822 2138 in

118 2158 222 2193 cinerem.¹'’
267 2150 368 2203 Quesitum
383 2162 411 2192 est
428 2162 470 2201 post
486 2157 520 2193 hec
536 2157 579 2201 quid
595 2158 709 2202 respondere
727 2157 783 2192 voluit
799 2159 822 2192 ad

118 2212 152 2245 hoc
163 2212 182 2245 in
193 2210 240 2244 libro
252 2210 302 2244 Bede
314 2210 413 2254 scripturn:
433 2211 481 2255 quod
493 2210 557 2245 beatus
570 2209 644 2244 Birinus
656 2210 740 2253 sepultus
755 2209 787 2244 suit
802 2210 822 2244 in

117 2264 196 2298 ecclesia
208 2262 319 2298 Dorcestre⁴
331 2268 349 2297 et
361 2263 404 2298 inde
417 2269 459 2307 post
474 2264 541 2298 multos
558 2273 617 2297 annos
633 2263 733 2297 translatus
749 2263 782 2296 fuit
799 2264 822 2297 ad

90 2328 110 2355 40
118 2317 214 2349 ecclesiam
221 2320 330 2349 wentanam.
352 2316 417 2349 Abbas
424 2327 469 2349 vero
476 2318 524 2349 bene
532 2317 629 2349 confitetur
637 2315 662 2348 ita
671 2315 760 2357 scriptum
770 2326 821 2357 esse;

118 2369 151 2402 sed
162 2368 204 2403 dicit
215 2368 264 2412 quod
275 2367 294 2402 in
307 2366 385 2402 cronicis
397 2367 501 2403 scribuntur
512 2379 549 2403 non
563 2368 623 2403 solum
636 2377 672 2411 que
687 2367 777 2410 videntur,
789 2369 822 2404 sed

119 2427 136 2454 et
145 2432 181 2465 que
190 2421 293 2456 audiuntur.
316 2421 417 2456 Confitetur
426 2422 482 2456 etiarn
492 2423 541 2466 quod
551 2432 619 2464 corpus
633 2420 726 2454 cuiusdam
739 2421 822 2466 episcopi

119 2475 185 2518 sepulti
198 2474 217 2508 in
233 2475 299 2518 angulo
316 2481 358 2519 post
374 2475 440 2510 ostium
457 2475 539 2517 ecclesie,
551 2473 645 2508 wintonie
660 2474 769 2508 translatum
784 2475 823 2516 fuit,

159 2588 295 2620 ¹T.dorkcestre.
351 2589 397 2621 2οιη,
405 2590 421 2619 in
429 2590 447 2621 E.
500 2590 535 2620 3Ε,
544 2589 582 2620 Nec.
634 2588 782 2620 ⁴T.d0rtracestre.
