1762 2803
100 139 102 144 .
143 111 186 167 506
333 107 413 161 rauba
429 105 545 169 beamur
560 106 654 169 analio.

143 226 220 262 Maximi
226 226 276 262 omni
281 230 350 261 armato
355 226 412 261 milite
418 227 528 270 destitutam,
534 226 631 262 Albaniam
638 226 698 271 primo
704 233 843 271 occupauerunt.

142 276 263 329 —¹Quedam
276 283 328 326 uirgo
342 283 417 316 nomine
434 283 512 316 Cordula
524 283 589 316 timore
599 283 696 327 perterrita
707 283 726 316 in
738 283 781 315 naui
792 291 843 318 nocte

142 337 173 371 illa
184 347 219 380 qua
231 336 260 370 die
271 337 383 379 precedente
395 335 475 379 uirgines
488 336 597 371 martirizate
608 342 655 379 sunt,
667 346 688 370 se
699 336 804 371 abscondit:
816 344 843 372 set

143 391 162 424 in
174 389 273 423 crastinum
283 395 349 432 sponte
361 400 382 422 se
390 388 444 423 morti
452 389 537 432 offerens,
546 389 646 423 martirium
655 389 739 433 suscepit.
762 388 795 422 Set
804 401 844 425 cum

127 442 182 483 5eius
198 441 264 474 festum
280 451 317 474 non
332 442 390 483 fieret,
404 452 425 475 eo
441 443 489 485 quod
505 453 546 476 cum
561 441 602 475 aliis
617 452 672 485 passa
685 452 721 474 non
737 446 791 483 esset,
805 441 844 485 ipsa

143 499 184 539 post
192 494 266 538 longum
274 498 348 538 tempus
356 493 428 529 cuidam
436 495 508 529 recluse
518 494 607 539 apparuit,
616 494 721 539 precipiens
731 499 751 528 ut
762 496 844 537 sequenti

143 548 173 581 die
184 558 195 580 a
206 547 252 581 festo
264 546 356 591 uirginum
368 548 408 581 eius
419 548 538 593 solempnitas
552 548 667 581 recoleretur.
691 548 748 581 Passe
761 553 803 580 sunt
817 559 844 582 se-

143 602 222 636 cundum
237 602 326 645 quosdam
342 602 449 636 duodecimo
462 602 497 636 kal.
510 601 616 635 nouembris
629 611 677 635 anno
693 601 761 635 domini
774 606 845 636 trecen·

143 655 209 689 tesimo
218 655 341 699 octuagesimo
349 655 412 699 quinto
417 655 428 689 ².
472 648 538 689 Abbas
549 654 623 698 quidam
633 655 656 688 ab
668 654 759 688 abbatissa
771 654 844 690 Colonie

117 719 136 740 ιο
144 718 211 750 corpus
222 707 276 741 unius
287 707 379 751 uirginum
391 708 499 751 impetrauit,
511 707 618 750 promittens
630 707 678 750 quod
690 707 749 750 ipsam
761 706 779 739 in
791 717 845 750 capsa

144 766 231 803 argentea
248 760 267 793 in
282 772 316 793 sua
331 760 408 794 ecclesia
427 760 528 794 collocaret.
559 760 592 793 Set
607 772 648 793 curn
667 772 702 804 per
716 772 785 793 annum
800 759 843 794 inte·

144 825 197 858 grum
213 825 269 857 super
283 815 339 848 altare
351 826 392 848 earn
405 814 424 847 in
438 825 493 857 capsa
509 814 569 857 lignea
584 814 679 856 tenuisset,
695 814 773 857 quadam
787 819 845 856 nocte,

145 870 189 902 dum
202 868 258 901 abbas
270 878 311 901 cum
324 873 415 901 conuentu
427 867 524 900 matutinas
536 873 615 910 caneret,
623 868 675 910 uirgo
687 867 717 900 illa
728 867 845 910 corporaliter

145 922 169 955 de
180 920 232 954 altari
244 920 338 954 descendit
349 925 368 953 et
380 926 423 954 ante
434 921 490 954 altare
502 926 609 953 reuerenter
620 920 710 953 inclinans
720 930 754 963 per
765 920 845 955 medium

118 986 136 1016 ¹5
145 974 221 1006 chorum
234 973 338 1005 uidentibus
352 972 446 1005 monachis
458 977 476 1005 et
487 972 603 1015 stupentibus
617 972 659 1005 inde
671 972 752 1005 recessit*
782 972 845 1005 Abbas

144 1026 199 1071 igitur
213 1027 235 1060 ad
247 1037 322 1070 capsam
337 1037 413 1060 currens
428 1032 446 1060 et
463 1037 540 1060 uacuam
557 1025 617 1070 ipsam
634 1025 736 1069 inuenietis,
752 1024 845 1060 Coloniam

144 1079 250 1124 properauit
267 1083 285 1112 et
298 1079 390 1113 abbatisse
403 1079 430 1112 rei
443 1079 527 1113 ordinem
544 1078 639 1113 intimauit.
670 1079 771 1123 Pergentes
786 1083 845 1112 autem

145 1133 167 1166 ad
179 1132 239 1166 locum
251 1131 311 1165 unde³
322 1131 366 1165 illud
380 1142 447 1175 corpus
462 1137 585 1175 sumpserunt,
598 1132 641 1165 illud
652 1132 721 1165 ibidem
732 1131 846 1165 inuenerunt.

145 1185 191 1218 Cum
200 1189 260 1217 autem
268 1185 325 1217 abbas
333 1184 406 1218 ueniam
414 1189 479 1227 petens
487 1184 531 1217 illud
543 1185 573 1217 uel
584 1184 633 1217 aliud
641 1195 708 1228 corpus
720 1188 796 1227 peteret,
805 1194 846 1226 pro·

118 1252 137 1272 20
145 1237 219 1271 mittens
227 1247 302 1280 capsam
309 1236 412 1280 preciosam
421 1236 472 1270 citius
481 1247 502 1270 se
509 1236 604 1279 facturum,
613 1237 716 1270 nullatenus
724 1236 832 1280 impetrauit.

145 1314 186 1349 MS,
192 1315 232 1348 Tib,
240 1315 286 1348 adds
293 1327 297 1349 τ
442 1325 532 1360 Narratio.

166 1392 224 1433 4Fuit
234 1399 307 1442 quidam
318 1399 374 1433 srater
383 1399 414 1442 qui
425 1399 465 1432 seni
473 1399 545 1432 cuidam
555 1410 621 1442 magno
632 1399 703 1433 uicinus
711 1404 755 1440 erat,
763 1404 781 1432 et
788 1398 846 1441 ingre·

145 1452 229 1486 diebatur
235 1457 254 1485 ut
260 1457 334 1495 raperet
339 1450 425 1495 quicquid
431 1461 489 1485 senex
496 1451 571 1485 haberet
577 1450 595 1484 in
601 1451 646 1485 cella
652 1462 690 1485 sua.
702 1451 781 1485 Videbat
787 1456 846 1484 autem

145 1516 188 1539 eum
199 1516 263 1548 senex,
276 1510 294 1539 et
305 1516 342 1538 non
354 1504 461 1549 obiurgabat
473 1515 520 1547 eum,
529 1509 557 1538 set
565 1504 685 1549 extorquebat
696 1504 731 1538 sibi
742 1504 784 1549 plus
796 1503 846 1538 solito

146 1559 230 1593 manibus
239 1558 316 1602 operari,
323 1559 396 1592 dicens:
405 1558 480 1600 ‘Credo‚
487 1569 534 1601 opus
542 1558 597 1592 habet
605 1559 660 1593 frater
667 1558 712 1592 iste.¹
733 1558 756 1592 Et
764 1557 847 1601 exigebat

119 1623 137 1652 25
146 1623 157 1645 a
168 1622 189 1644 se
200 1611 289 1644 maiorem
297 1611 350 1644 solito
361 1611 454 1652 laborem,
466 1615 484 1644 et
492 1610 604 1653 astringebat
614 1616 697 1645 uentrem
710 1622 764 1645 suum
776 1615 795 1644 ut
807 1604 847 1644 cum

146 1662 249 1706 indigencia
264 1663 368 1697 comederet
383 1673 450 1706 panem
462 1673 521 1697 snum.
546 1662 592 1697 Cum
604 1668 665 1697 autern
676 1668 779 1697 moreretur
790 1672 847 1697 senex

146 1715 181 1756 ille,
190 1716 349 1748 circumsteterunt
357 1725 399 1748 eurn
407 1714 483 1749 fratres:
496 1720 514 1748 et
525 1715 627 1757 respiciens
634 1716 653 1748 in
661 1726 703 1749 eum
712 1715 742 1759 qui
752 1716 847 1754 furabatur,

146 1767 192 1803 dixit
200 1767 216 1802 ei
224 1781 227 1802 ι
240 1768 308 1811 ‘Iunge
316 1772 335 1801 te
343 1767 378 1801 huc
384 1768 407 1801 ad
414 1778 444 1801 me
452 1768 467 1802 :¹
479 1773 497 1801 et
504 1767 561 1802 tenuit
569 1773 587 1802 et
595 1768 686 1803 osculatus
695 1774 723 1802 est
731 1779 796 1802 manus
804 1767 847 1807 eius,

146 1822 221 1855 dicens:
234 1821 318 1855 ‘Gracias
329 1832 362 1864 ago
373 1820 413 1855 istis
424 1821 513 1864 manibus,
521 1821 592 1864 fratres,
603 1822 645 1865 quia
656 1827 732 1865 propter
741 1823 792 1865 ipsas
801 1821 847 1854 uado

119 1888 139 1918 ³0
146 1874 165 1908 in
173 1885 251 1917 regnum
260 1874 351 1907 celorum)
374 1873 406 1907 Ille
418 1879 478 1907 autem
490 1879 610 1918 compunctus
622 1879 640 1908 et
651 1874 774 1918 penitenciam
786 1884 847 1918 agens,

146 1928 204 1962 factus
212 1931 240 1961 est
248 1926 306 1960 eciam
314 1926 354 1970 ipse
362 1921 450 1970 probatus
458 1927 564 1962 monachus.

248 2063 263 2100 qi
273 2062 315 2096 ⁶DE
324 2074 395 2097 SANCTA
403 2062 508 2097 WLFfflLnE
515 2075 592 2098 VlRGlNE
601 2076 623 2098 ET
630 2064 748 2099 nuunr1ssA⁰.

148 2136 266 2214 ALsredus
277 2147 311 2168 rex
321 2136 466 2169 Westsaxonum
478 2137 543 2170 siluam
554 2139 646 2180 quandam
656 2138 735 2171 venandi
746 2137 803 2181 gratia
810 2135 848 2170 vice

208 2189 285 2231 quadam
297 2188 340 2221 adiit
352 2194 369 2222 et
376 2200 441 2222 vocem
452 2190 524 2233 paruuli
532 2190 621 2234 vagientis
632 2190 651 2223 in
663 2191 728 2224 arbore
740 2190 819 2224 audiuit:
831 2192 848 2221 et

148 2250 159 2273 a
170 2247 278 2273 venatorum
289 2242 348 2284 turba,
359 2242 446 2285 quidnam
458 2243 492 2276 hoc
505 2243 551 2276 soret
562 2243 659 2286 diligenter
670 2243 737 2287 inquiri
749 2244 796 2277 fecit.
820 2242 848 2275 In-

122 2307 140 2337 35
149 2299 240 2327 uenerunt
253 2293 302 2328 enim
315 2294 334 2326 in
347 2295 452 2329 summitate
465 2296 536 2329 arboris
550 2295 569 2329 in
582 2296 625 2329 nido
639 2296 699 2340 aquile
711 2297 799 2331 infantem
813 2295 848 2329 ele·

148 2351 229 2390 gamem,
245 2346 302 2380 forma
321 2347 446 2391 conspicuum,
465 2349 563 2383 habentem
582 2349 601 2383 in
620 2360 696 2393 corpore
715 2355 777 2384 notam
798 2346 848 2393 quasi

148 2399 243 2443 regificum
255 2399 334 2443 signum,
346 2411 439 2444 purpureo
451 2401 506 2445 pallio
517 2401 624 2444 inuolutum,
636 2403 655 2436 in
668 2403 748 2437 brachiis
762 2401 848 2447 gemellas

168 2496 256 2534 ¹ExLeg.
264 2497 303 2529 Aur.
359 2497 396 2528 1αἱ.
409 2499 492 2536 Leg.Aur.
527 2500 599 2532 ³T.ubi.
656 2501 696 2532 *Cl
704 2501 735 2531 Vit.
744 2501 784 2531 Patr.
792 2509 806 2537 l)-
815 2505 848 2536 97³-

148 2536 348 2607 {eEtxsssstossojniHQMS'
362 2538 408 2568 Bodl.
420 2549 456 2576 240,
468 2549 483 2578 p.
496 2541 534 2578 ⁶⁰75
546 2550 567 2571 no
579 2541 625 2571 other
635 2541 672 2571 Vita
682 2542 696 2571 is
708 2541 767 2571 known
778 2545 794 2570 to
805 2538 848 2568 exist·
