<?xml version="1.0" encoding="UTF-8"?>
<!DOCTYPE html PUBLIC "-//W3C//DTD XHTML 1.0 Transitional//EN"
    "http://www.w3.org/TR/xhtml1/DTD/xhtml1-transitional.dtd">
<html xmlns="http://www.w3.org/1999/xhtml" xml:lang="en" lang="en">
 <head>
  <title>
</title>
<meta http-equiv="Content-Type" content="text/html;charset=utf-8" />
  <meta name='ocr-system' content='tesseract 3.04.00' />
  <meta name='ocr-capabilities' content='ocr_page ocr_carea ocr_par ocr_line ocrx_word'/>
</head>
<body>
  <div class='ocr_page' id='page_1' title='image "./MN5111ucmf_0/MN5111ucmf_0_0816.png"; bbox 0 0 1762 2803; ppageno 0'>
   <div class='ocr_carea' id='block_1_1' title="bbox 112 122 621 185">
    <p class='ocr_par' dir='ltr' id='par_1_1' title="bbox 112 122 621 185">
     <span class='ocr_line' id='line_1_1' title="bbox 112 122 621 185; baseline 0.014 -17"><span class='ocrx_word' id='word_1_1' title='bbox 112 133 156 169; x_wconf 83' lang='lat'>200</span> <span class='ocrx_word' id='word_1_2' title='bbox 302 125 382 177; x_wconf 58' lang='grc' dir='ltr'>ΙῘὲῦῦᾶ</span> <span class='ocrx_word' id='word_1_3' title='bbox 397 122 513 185; x_wconf 62' lang='lat' dir='ltr'>lectuna</span> <span class='ocrx_word' id='word_1_4' title='bbox 529 123 621 185; x_wconf 65' lang='lat' dir='ltr'>flssssil&#39;ss.</span> 
     </span>
    </p>
   </div>
   <div class='ocr_carea' id='block_1_2' title="bbox 89 243 825 2404">
    <p class='ocr_par' dir='ltr' id='par_1_2' title="bbox 112 243 813 291">
     <span class='ocr_line' id='line_1_2' title="bbox 112 243 813 291; baseline 0.004 -11"><span class='ocrx_word' id='word_1_5' title='bbox 112 255 149 280; x_wconf 87' lang='lat' dir='ltr'>non</span> <span class='ocrx_word' id='word_1_6' title='bbox 156 245 248 288; x_wconf 91' lang='lat' dir='ltr'>comedas,</span> <span class='ocrx_word' id='word_1_7' title='bbox 256 256 290 280; x_wconf 90' lang='lat' dir='ltr'>nec</span> <span class='ocrx_word' id='word_1_8' title='bbox 298 245 377 290; x_wconf 89' lang='lat' dir='ltr'>amplius</span> <span class='ocrx_word' id='word_1_9' title='bbox 385 245 469 290; x_wconf 85' lang='lat' dir='ltr'>cuiquam</span> <span class='ocrx_word' id='word_1_10' title='bbox 477 245 545 280; x_wconf 90' lang='lat' dir='ltr'>homini</span> <span class='ocrx_word' id='word_1_11' title='bbox 554 246 654 289; x_wconf 89' lang='lat' dir='ltr'>dampnum</span> <span class='ocrx_word' id='word_1_12' title='bbox 662 243 729 280; x_wconf 65' lang='lat' dir='ltr'>facias!</span> <span class='ocrx_word' id='word_1_13' title='bbox 750 245 813 291; x_wconf 85' lang='lat' dir='ltr'>Lupus</span> 
     </span>
    </p>

    <p class='ocr_par' dir='ltr' id='par_1_3' title="bbox 97 298 814 449">
     <span class='ocr_line' id='line_1_3' title="bbox 97 298 814 341; baseline 0.003 -9"><span class='ocrx_word' id='word_1_14' title='bbox 97 338 98 341; x_wconf 11' lang='grc' dir='ltr'><strong>Ἴ</strong></span> <span class='ocrx_word' id='word_1_15' title='bbox 111 299 203 333; x_wconf 86' lang='lat' dir='ltr'>mandatis</span> <span class='ocrx_word' id='word_1_16' title='bbox 212 299 251 333; x_wconf 93' lang='lat' dir='ltr'>eius</span> <span class='ocrx_word' id='word_1_17' title='bbox 262 299 355 340; x_wconf 89' lang='lat' dir='ltr'>obediens,</span> <span class='ocrx_word' id='word_1_18' title='bbox 363 305 425 333; x_wconf 87' lang='lat' dir='ltr'>contra</span> <span class='ocrx_word' id='word_1_19' title='bbox 435 304 518 332; x_wconf 88' lang='lat' dir='ltr'>naturam</span> <span class='ocrx_word' id='word_1_20' title='bbox 530 298 643 332; x_wconf 88' lang='lat' dir='ltr'>domesticus</span> <span class='ocrx_word' id='word_1_21' title='bbox 651 298 714 340; x_wconf 83' lang='lat' dir='ltr'>sactus,</span> <span class='ocrx_word' id='word_1_22' title='bbox 724 301 814 335; x_wconf 89' lang='lat' dir='ltr'>custodie-</span> 
     </span>
     <span class='ocr_line' id='line_1_4' title="bbox 113 350 814 394; baseline 0.003 -9"><span class='ocrx_word' id='word_1_23' title='bbox 113 353 144 385; x_wconf 89' lang='lat' dir='ltr'>bat</span> <span class='ocrx_word' id='word_1_24' title='bbox 161 362 203 385; x_wconf 89' lang='lat' dir='ltr'>cum</span> <span class='ocrx_word' id='word_1_25' title='bbox 219 352 312 394; x_wconf 84' lang='lat' dir='ltr'>diligentia</span> <span class='ocrx_word' id='word_1_26' title='bbox 326 362 401 385; x_wconf 90' lang='lat' dir='ltr'>vaccam</span> <span class='ocrx_word' id='word_1_27' title='bbox 417 352 463 385; x_wconf 91' lang='lat' dir='ltr'>sicut</span> <span class='ocrx_word' id='word_1_28' title='bbox 479 357 552 394; x_wconf 90' lang='lat' dir='ltr'>pastor:</span> <span class='ocrx_word' id='word_1_29' title='bbox 564 356 582 384; x_wconf 89' lang='lat' dir='ltr'>et</span> <span class='ocrx_word' id='word_1_30' title='bbox 597 350 629 384; x_wconf 88' lang='lat' dir='ltr'>illa</span> <span class='ocrx_word' id='word_1_31' title='bbox 642 351 723 394; x_wconf 82' lang='lat' dir='ltr'>lingebat</span> <span class='ocrx_word' id='word_1_32' title='bbox 738 362 781 385; x_wconf 85' lang='lat' dir='ltr'>eum</span> <span class='ocrx_word' id='word_1_33' title='bbox 796 359 814 387; x_wconf 87' lang='lat' dir='ltr'>et</span> 
     </span>
     <span class='ocr_line' id='line_1_5' title="bbox 113 402 814 449; baseline 0.003 -11"><span class='ocrx_word' id='word_1_34' title='bbox 113 405 185 438; x_wconf 87' lang='lat' dir='ltr'>amabat</span> <span class='ocrx_word' id='word_1_35' title='bbox 197 403 249 448; x_wconf 91' lang='lat' dir='ltr'>quasi</span> <span class='ocrx_word' id='word_1_36' title='bbox 259 403 335 438; x_wconf 89' lang='lat' dir='ltr'>vitulum</span> <span class='ocrx_word' id='word_1_37' title='bbox 347 415 406 437; x_wconf 90' lang='lat' dir='ltr'>suum.</span> <span class='ocrx_word' id='word_1_38' title='bbox 429 403 457 437; x_wconf 87' lang='lat' dir='ltr'>Ex</span> <span class='ocrx_word' id='word_1_39' title='bbox 469 403 499 437; x_wconf 93' lang='lat' dir='ltr'>illo</span> <span class='ocrx_word' id='word_1_40' title='bbox 511 402 549 447; x_wconf 94' lang='lat' dir='ltr'>lupi</span> <span class='ocrx_word' id='word_1_41' title='bbox 561 402 662 447; x_wconf 85' lang='lat' dir='ltr'>propagati,</span> <span class='ocrx_word' id='word_1_42' title='bbox 673 414 731 447; x_wconf 88' lang='lat' dir='ltr'>vsque</span> <span class='ocrx_word' id='word_1_43' title='bbox 742 403 762 438; x_wconf 91' lang='lat' dir='ltr'>in</span> <span class='ocrx_word' id='word_1_44' title='bbox 773 416 814 449; x_wconf 91' lang='lat' dir='ltr'>pre-</span> 
     </span>
    </p>

    <p class='ocr_par' dir='ltr' id='par_1_4' title="bbox 89 456 820 1346">
     <span class='ocr_line' id='line_1_6' title="bbox 96 456 814 501; baseline 0.001 -9"><span class='ocrx_word' id='word_1_45' title='bbox 96 468 105 498; x_wconf 80' lang='lat'>5</span> <span class='ocrx_word' id='word_1_46' title='bbox 114 463 186 492; x_wconf 86' lang='lat' dir='ltr'>sentem</span> <span class='ocrx_word' id='word_1_47' title='bbox 194 458 242 491; x_wconf 89' lang='lat' dir='ltr'>diem</span> <span class='ocrx_word' id='word_1_48' title='bbox 250 468 284 501; x_wconf 90' lang='lat' dir='ltr'>per</span> <span class='ocrx_word' id='word_1_49' title='bbox 292 459 326 490; x_wconf 89' lang='lat' dir='ltr'>tria</span> <span class='ocrx_word' id='word_1_50' title='bbox 333 457 410 490; x_wconf 89' lang='lat' dir='ltr'>miliaria</span> <span class='ocrx_word' id='word_1_51' title='bbox 418 457 495 491; x_wconf 84' lang='lat' dir='ltr'>ecclesie</span> <span class='ocrx_word' id='word_1_52' title='bbox 503 467 569 500; x_wconf 89' lang='lat' dir='ltr'>pecora</span> <span class='ocrx_word' id='word_1_53' title='bbox 577 456 686 491; x_wconf 89' lang='lat' dir='ltr'>custodiunt.</span> <span class='ocrx_word' id='word_1_54' title='bbox 709 457 757 491; x_wconf 88' lang='lat' dir='ltr'>Sunt</span> <span class='ocrx_word' id='word_1_55' title='bbox 765 460 814 493; x_wconf 88' lang='lat' dir='ltr'>enirn</span> 
     </span>
     <span class='ocr_line' id='line_1_7' title="bbox 114 509 816 553; baseline 0.001 -8"><span class='ocrx_word' id='word_1_56' title='bbox 114 511 195 545; x_wconf 86' lang='lat' dir='ltr'>minores</span> <span class='ocrx_word' id='word_1_57' title='bbox 203 511 275 552; x_wconf 86' lang='lat' dir='ltr'>ceteris,</span> <span class='ocrx_word' id='word_1_58' title='bbox 285 515 303 544; x_wconf 92' lang='lat' dir='ltr'>et</span> <span class='ocrx_word' id='word_1_59' title='bbox 311 510 361 544; x_wconf 89' lang='lat' dir='ltr'>albas</span> <span class='ocrx_word' id='word_1_60' title='bbox 373 510 392 544; x_wconf 93' lang='lat' dir='ltr'>in</span> <span class='ocrx_word' id='word_1_61' title='bbox 402 509 492 544; x_wconf 78' lang='lat' dir='ltr'>frontibus</span> <span class='ocrx_word' id='word_1_62' title='bbox 502 515 555 544; x_wconf 89' lang='lat' dir='ltr'>notas</span> <span class='ocrx_word' id='word_1_63' title='bbox 565 510 643 553; x_wconf 83' lang='lat' dir='ltr'>habent3</span> <span class='ocrx_word' id='word_1_64' title='bbox 655 510 706 544; x_wconf 89' lang='lat' dir='ltr'>nulla</span> <span class='ocrx_word' id='word_1_65' title='bbox 716 511 816 546; x_wconf 90' lang='lat' dir='ltr'>domestica</span> 
     </span>
     <span class='ocr_line' id='line_1_8' title="bbox 116 556 816 606; baseline 0.003 -9"><span class='ocrx_word' id='word_1_66' title='bbox 116 564 205 605; x_wconf 88' lang='lat' dir='ltr'>ledentes,</span> <span class='ocrx_word' id='word_1_67' title='bbox 221 563 254 597; x_wconf 91' lang='lat' dir='ltr'>sed</span> <span class='ocrx_word' id='word_1_68' title='bbox 269 563 292 597; x_wconf 92' lang='lat' dir='ltr'>de</span> <span class='ocrx_word' id='word_1_69' title='bbox 308 562 423 597; x_wconf 90' lang='lat' dir='ltr'>siluestribus</span> <span class='ocrx_word' id='word_1_70' title='bbox 437 562 505 597; x_wconf 87' lang='lat' dir='ltr'>uictum</span> <span class='ocrx_word' id='word_1_71' title='bbox 518 562 635 606; x_wconf 85' lang='lat' dir='ltr'>queritantes.</span> <span class='ocrx_word' id='word_1_72' title='bbox 681 556 727 598; x_wconf 82' lang='lat' dir='ltr'>Hiis</span> <span class='ocrx_word' id='word_1_73' title='bbox 743 568 761 597; x_wconf 88' lang='lat' dir='ltr'>et</span> <span class='ocrx_word' id='word_1_74' title='bbox 776 564 816 599; x_wconf 89' lang='lat' dir='ltr'>aliis</span> 
     </span>
     <span class='ocr_line' id='line_1_9' title="bbox 115 616 817 659; baseline 0.003 -11"><span class='ocrx_word' id='word_1_75' title='bbox 115 616 207 649; x_wconf 84' lang='lat' dir='ltr'>miraculis</span> <span class='ocrx_word' id='word_1_76' title='bbox 218 616 280 658; x_wconf 86' lang='lat' dir='ltr'>Luger</span> <span class='ocrx_word' id='word_1_77' title='bbox 290 616 408 656; x_wconf 87' lang='lat' dir='ltr'>confortatus,</span> <span class='ocrx_word' id='word_1_78' title='bbox 416 621 434 648; x_wconf 93' lang='lat' dir='ltr'>et</span> <span class='ocrx_word' id='word_1_79' title='bbox 443 616 530 649; x_wconf 84' lang='lat' dir='ltr'>sacerdos</span> <span class='ocrx_word' id='word_1_80' title='bbox 542 616 622 655; x_wconf 87' lang='lat' dir='ltr'>effectus,</span> <span class='ocrx_word' id='word_1_81' title='bbox 631 617 706 649; x_wconf 90' lang='lat' dir='ltr'>tandem</span> <span class='ocrx_word' id='word_1_82' title='bbox 714 617 737 649; x_wconf 86' lang='lat' dir='ltr'>ad</span> <span class='ocrx_word' id='word_1_83' title='bbox 746 616 817 659; x_wconf 88' lang='lat' dir='ltr'>episco-</span> 
     </span>
     <span class='ocr_line' id='line_1_10' title="bbox 115 667 816 712; baseline 0.003 -10"><span class='ocrx_word' id='word_1_84' title='bbox 115 673 178 712; x_wconf 86' lang='lat' dir='ltr'>patum</span> <span class='ocrx_word' id='word_1_85' title='bbox 193 667 306 710; x_wconf 88' lang='lat' dir='ltr'>sublimatus,</span> <span class='ocrx_word' id='word_1_86' title='bbox 319 668 386 702; x_wconf 92' lang='lat' dir='ltr'>multos</span> <span class='ocrx_word' id='word_1_87' title='bbox 398 668 420 702; x_wconf 91' lang='lat' dir='ltr'>ab</span> <span class='ocrx_word' id='word_1_88' title='bbox 436 667 542 701; x_wconf 88' lang='lat' dir='ltr'>infidelitate</span> <span class='ocrx_word' id='word_1_89' title='bbox 557 678 647 701; x_wconf 88' lang='lat' dir='ltr'>reuocans</span> <span class='ocrx_word' id='word_1_90' title='bbox 660 668 678 701; x_wconf 96' lang='lat' dir='ltr'>in</span> <span class='ocrx_word' id='word_1_91' title='bbox 690 678 735 702; x_wconf 86' lang='lat' dir='ltr'>vera</span> <span class='ocrx_word' id='word_1_92' title='bbox 748 668 785 702; x_wconf 83' lang='lat' dir='ltr'>fide</span> <span class='ocrx_word' id='word_1_93' title='bbox 799 675 816 704; x_wconf 91' lang='lat' dir='ltr'>ct</span> 
     </span>
     <span class='ocr_line' id='line_1_11' title="bbox 89 713 817 764; baseline 0.004 -12"><span class='ocrx_word' id='word_1_94' title='bbox 89 732 107 753; x_wconf 82' lang='lat' dir='ltr'>ro</span> <span class='ocrx_word' id='word_1_95' title='bbox 116 721 184 754; x_wconf 88' lang='lat' dir='ltr'>sanctis</span> <span class='ocrx_word' id='word_1_96' title='bbox 200 721 287 764; x_wconf 85' lang='lat' dir='ltr'>operibus</span> <span class='ocrx_word' id='word_1_97' title='bbox 302 721 421 754; x_wconf 84' lang='lat' dir='ltr'>confirmauit.</span> <span class='ocrx_word' id='word_1_98' title='bbox 466 713 517 755; x_wconf 89' lang='lat' dir='ltr'>Cum</span> <span class='ocrx_word' id='word_1_99' title='bbox 528 725 589 753; x_wconf 88' lang='lat' dir='ltr'>autem</span> <span class='ocrx_word' id='word_1_100' title='bbox 601 721 681 753; x_wconf 89' lang='lat' dir='ltr'>latrones</span> <span class='ocrx_word' id='word_1_101' title='bbox 695 721 741 754; x_wconf 90' lang='lat' dir='ltr'>duas</span> <span class='ocrx_word' id='word_1_102' title='bbox 752 731 817 756; x_wconf 88' lang='lat' dir='ltr'>vaccas</span> 
     </span>
     <span class='ocr_line' id='line_1_12' title="bbox 116 773 817 817; baseline -0.001 -10"><span class='ocrx_word' id='word_1_103' title='bbox 116 779 181 807; x_wconf 88' lang='lat' dir='ltr'>sancte</span> <span class='ocrx_word' id='word_1_104' title='bbox 199 773 276 816; x_wconf 85' lang='lat' dir='ltr'>virginis</span> <span class='ocrx_word' id='word_1_105' title='bbox 295 774 388 817; x_wconf 81' lang='lat' dir='ltr'>rapientes</span> <span class='ocrx_word' id='word_1_106' title='bbox 407 774 483 807; x_wconf 87' lang='lat' dir='ltr'>fluuium</span> <span class='ocrx_word' id='word_1_107' title='bbox 498 774 590 817; x_wconf 85' lang='lat' dir='ltr'>quendam</span> <span class='ocrx_word' id='word_1_108' title='bbox 606 773 685 807; x_wconf 89' lang='lat' dir='ltr'>transire</span> <span class='ocrx_word' id='word_1_109' title='bbox 700 774 774 816; x_wconf 89' lang='lat' dir='ltr'>vellent,</span> <span class='ocrx_word' id='word_1_110' title='bbox 790 775 817 807; x_wconf 94' lang='lat' dir='ltr'>in-</span> 
     </span>
     <span class='ocr_line' id='line_1_13' title="bbox 117 825 818 870; baseline 0.001 -9"><span class='ocrx_word' id='word_1_111' title='bbox 117 831 208 861; x_wconf 88' lang='lat' dir='ltr'>uenerunt</span> <span class='ocrx_word' id='word_1_112' title='bbox 223 836 279 870; x_wconf 86' lang='lat' dir='ltr'>aquas</span> <span class='ocrx_word' id='word_1_113' title='bbox 295 825 319 860; x_wconf 88' lang='lat' dir='ltr'>ita</span> <span class='ocrx_word' id='word_1_114' title='bbox 335 826 419 868; x_wconf 77' lang='lat' dir='ltr'>feruidas,</span> <span class='ocrx_word' id='word_1_115' title='bbox 435 831 455 860; x_wconf 91' lang='lat' dir='ltr'>vt</span> <span class='ocrx_word' id='word_1_116' title='bbox 470 836 534 861; x_wconf 91' lang='lat' dir='ltr'>eorum</span> <span class='ocrx_word' id='word_1_117' title='bbox 550 825 626 870; x_wconf 85' lang='lat' dir='ltr'>vestigia</span> <span class='ocrx_word' id='word_1_118' title='bbox 642 826 721 861; x_wconf 88' lang='lat' dir='ltr'>calorem</span> <span class='ocrx_word' id='word_1_119' title='bbox 737 826 818 862; x_wconf 91' lang='lat' dir='ltr'>ssuminis</span> 
     </span>
     <span class='ocr_line' id='line_1_14' title="bbox 118 879 817 922; baseline 0.003 -10"><span class='ocrx_word' id='word_1_120' title='bbox 118 880 168 912; x_wconf 91' lang='lat' dir='ltr'>nullo</span> <span class='ocrx_word' id='word_1_121' title='bbox 176 881 231 912; x_wconf 91' lang='lat' dir='ltr'>modo</span> <span class='ocrx_word' id='word_1_122' title='bbox 239 879 317 912; x_wconf 87' lang='lat' dir='ltr'>tolerare</span> <span class='ocrx_word' id='word_1_123' title='bbox 323 885 405 921; x_wconf 89' lang='lat' dir='ltr'>possent.</span> <span class='ocrx_word' id='word_1_124' title='bbox 428 879 529 921; x_wconf 81' lang='lat' dir='ltr'>stupefacti</span> <span class='ocrx_word' id='word_1_125' title='bbox 540 879 595 919; x_wconf 86' lang='lat' dir='ltr'>fures,</span> <span class='ocrx_word' id='word_1_126' title='bbox 606 885 648 921; x_wconf 90' lang='lat' dir='ltr'>post</span> <span class='ocrx_word' id='word_1_127' title='bbox 659 890 737 922; x_wconf 81' lang='lat' dir='ltr'>magnos</span> <span class='ocrx_word' id='word_1_128' title='bbox 745 880 817 914; x_wconf 87' lang='lat' dir='ltr'>labores</span> 
     </span>
     <span class='ocr_line' id='line_1_15' title="bbox 120 924 818 975; baseline 0.001 -11"><span class='ocrx_word' id='word_1_129' title='bbox 120 942 162 964; x_wconf 92' lang='lat' dir='ltr'>cum</span> <span class='ocrx_word' id='word_1_130' title='bbox 174 942 195 965; x_wconf 88' lang='lat' dir='ltr'>se</span> <span class='ocrx_word' id='word_1_131' title='bbox 206 942 217 964; x_wconf 85' lang='lat' dir='ltr'>a</span> <span class='ocrx_word' id='word_1_132' title='bbox 228 932 339 964; x_wconf 88' lang='lat' dir='ltr'>monasterio</span> <span class='ocrx_word' id='word_1_133' title='bbox 351 930 442 974; x_wconf 84' lang='lat' dir='ltr'>elongaril</span> <span class='ocrx_word' id='word_1_134' title='bbox 453 935 544 973; x_wconf 87' lang='lat' dir='ltr'>putarent,</span> <span class='ocrx_word' id='word_1_135' title='bbox 557 931 637 964; x_wconf 89' lang='lat' dir='ltr'>diluculo</span> <span class='ocrx_word' id='word_1_136' title='bbox 650 942 709 975; x_wconf 88' lang='lat' dir='ltr'>prope</span> <span class='ocrx_word' id='word_1_137' title='bbox 722 924 818 965; x_wconf 82' lang='lat' dir='ltr'>ecclesiam</span> 
     </span>
     <span class='ocr_line' id='line_1_16' title="bbox 91 983 819 1029; baseline 0.003 -12"><span class='ocrx_word' id='word_1_138' title='bbox 91 997 109 1027; x_wconf 88' lang='lat'>15</span> <span class='ocrx_word' id='word_1_139' title='bbox 119 983 195 1028; x_wconf 87' lang='lat' dir='ltr'>virginis</span> <span class='ocrx_word' id='word_1_140' title='bbox 210 995 230 1017; x_wconf 88' lang='lat' dir='ltr'>se</span> <span class='ocrx_word' id='word_1_141' title='bbox 245 983 334 1025; x_wconf 89' lang='lat' dir='ltr'>videntes,</span> <span class='ocrx_word' id='word_1_142' title='bbox 350 985 372 1017; x_wconf 87' lang='lat' dir='ltr'>ad</span> <span class='ocrx_word' id='word_1_143' title='bbox 387 985 445 1028; x_wconf 85' lang='lat' dir='ltr'>pedes</span> <span class='ocrx_word' id='word_1_144' title='bbox 460 983 500 1018; x_wconf 92' lang='lat' dir='ltr'>eius</span> <span class='ocrx_word' id='word_1_145' title='bbox 515 984 607 1028; x_wconf 83' lang='lat' dir='ltr'>prostrati,</span> <span class='ocrx_word' id='word_1_146' title='bbox 624 985 696 1029; x_wconf 87' lang='lat' dir='ltr'>culpam</span> <span class='ocrx_word' id='word_1_147' title='bbox 711 985 819 1019; x_wconf 88' lang='lat' dir='ltr'>confitentes</span> 
     </span>
     <span class='ocr_line' id='line_1_17' title="bbox 122 1030 819 1081; baseline 0.001 -10"><span class='ocrx_word' id='word_1_148' title='bbox 122 1038 195 1071; x_wconf 88' lang='lat' dir='ltr'>veniam</span> <span class='ocrx_word' id='word_1_149' title='bbox 210 1037 318 1081; x_wconf 82' lang='lat' dir='ltr'>consequuti</span> <span class='ocrx_word' id='word_1_150' title='bbox 336 1042 384 1071; x_wconf 87' lang='lat' dir='ltr'>sunt.</span> <span class='ocrx_word' id='word_1_151' title='bbox 440 1030 501 1071; x_wconf 85' lang='lat' dir='ltr'>Erant</span> <span class='ocrx_word' id='word_1_152' title='bbox 515 1042 577 1071; x_wconf 88' lang='lat' dir='ltr'>autem</span> <span class='ocrx_word' id='word_1_153' title='bbox 595 1037 614 1070; x_wconf 91' lang='lat' dir='ltr'>in</span> <span class='ocrx_word' id='word_1_154' title='bbox 630 1038 742 1072; x_wconf 91' lang='lat' dir='ltr'>monasterio</span> <span class='ocrx_word' id='word_1_155' title='bbox 757 1044 819 1072; x_wconf 87' lang='lat' dir='ltr'>sancte</span> 
     </span>
     <span class='ocr_line' id='line_1_18' title="bbox 122 1089 819 1135; baseline 0.001 -11"><span class='ocrx_word' id='word_1_156' title='bbox 122 1089 210 1134; x_wconf 54' lang='lat' dir='ltr'>virginist</span> <span class='ocrx_word' id='word_1_157' title='bbox 225 1095 298 1124; x_wconf 90' lang='lat' dir='ltr'>centum</span> <span class='ocrx_word' id='word_1_158' title='bbox 313 1090 443 1134; x_wconf 82' lang='lat' dir='ltr'>quinquaginta</span> <span class='ocrx_word' id='word_1_159' title='bbox 455 1090 536 1134; x_wconf 86' lang='lat' dir='ltr'>virgines</span> <span class='ocrx_word' id='word_1_160' title='bbox 551 1096 672 1135; x_wconf 74' lang='lat' dir='ltr'>congregate,</span> <span class='ocrx_word' id='word_1_161' title='bbox 685 1102 750 1126; x_wconf 88' lang='lat' dir='ltr'>omnes</span> <span class='ocrx_word' id='word_1_162' title='bbox 764 1102 819 1135; x_wconf 90' lang='lat' dir='ltr'>opere</span> 
     </span>
     <span class='ocr_line' id='line_1_19' title="bbox 120 1143 820 1186; baseline 0.001 -11"><span class='ocrx_word' id='word_1_163' title='bbox 120 1154 207 1176; x_wconf 88' lang='lat' dir='ltr'>manuum</span> <span class='ocrx_word' id='word_1_164' title='bbox 222 1143 290 1175; x_wconf 90' lang='lat' dir='ltr'>victum</span> <span class='ocrx_word' id='word_1_165' title='bbox 305 1149 323 1176; x_wconf 91' lang='lat' dir='ltr'>et</span> <span class='ocrx_word' id='word_1_166' title='bbox 335 1143 421 1176; x_wconf 87' lang='lat' dir='ltr'>vestitum</span> <span class='ocrx_word' id='word_1_167' title='bbox 436 1143 482 1176; x_wconf 81' lang='lat' dir='ltr'>sibi³</span> <span class='ocrx_word' id='word_1_168' title='bbox 494 1148 598 1185; x_wconf 86' lang='lat' dir='ltr'>querentes,</span> <span class='ocrx_word' id='word_1_169' title='bbox 611 1143 630 1176; x_wconf 93' lang='lat' dir='ltr'>in</span> <span class='ocrx_word' id='word_1_170' title='bbox 644 1154 711 1186; x_wconf 87' lang='lat' dir='ltr'>magna</span> <span class='ocrx_word' id='word_1_171' title='bbox 724 1143 820 1177; x_wconf 82' lang='lat' dir='ltr'>sanctitate</span> 
     </span>
     <span class='ocr_line' id='line_1_20' title="bbox 120 1195 820 1239; baseline 0.001 -11"><span class='ocrx_word' id='word_1_172' title='bbox 120 1195 176 1228; x_wconf 87' lang='lat' dir='ltr'>vitam</span> <span class='ocrx_word' id='word_1_173' title='bbox 193 1205 245 1227; x_wconf 88' lang='lat' dir='ltr'>suam</span> <span class='ocrx_word' id='word_1_174' title='bbox 261 1195 390 1238; x_wconf 84' lang='lat' dir='ltr'>transigebant.</span> <span class='ocrx_word' id='word_1_175' title='bbox 413 1195 470 1238; x_wconf 86' lang='lat' dir='ltr'>Virgo</span> <span class='ocrx_word' id='word_1_176' title='bbox 489 1195 563 1227; x_wconf 86' lang='lat' dir='ltr'>tandem</span> <span class='ocrx_word' id='word_1_177' title='bbox 582 1200 649 1236; x_wconf 89' lang='lat' dir='ltr'>sancta,</span> <span class='ocrx_word' id='word_1_178' title='bbox 668 1196 766 1239; x_wconf 86' lang='lat' dir='ltr'>preficiens</span> <span class='ocrx_word' id='word_1_179' title='bbox 784 1196 820 1229; x_wconf 92' lang='lat' dir='ltr'>illis</span> 
     </span>
     <span class='ocr_line' id='line_1_21' title="bbox 92 1245 820 1293; baseline 0.003 -12"><span class='ocrx_word' id='word_1_180' title='bbox 92 1260 110 1281; x_wconf 85' lang='lat'>20</span> <span class='ocrx_word' id='word_1_181' title='bbox 122 1248 204 1282; x_wconf 89' lang='lat' dir='ltr'>Orbilam</span> <span class='ocrx_word' id='word_1_182' title='bbox 212 1248 231 1281; x_wconf 94' lang='lat' dir='ltr'>in</span> <span class='ocrx_word' id='word_1_183' title='bbox 239 1248 349 1282; x_wconf 86' lang='lat' dir='ltr'>abbatissam</span> <span class='ocrx_word' id='word_1_184' title='bbox 360 1253 377 1282; x_wconf 90' lang='lat' dir='ltr'>et</span> <span class='ocrx_word' id='word_1_185' title='bbox 388 1253 470 1291; x_wconf 92' lang='lat' dir='ltr'>matrem,</span> <span class='ocrx_word' id='word_1_186' title='bbox 479 1249 501 1281; x_wconf 94' lang='lat' dir='ltr'>ad</span> <span class='ocrx_word' id='word_1_187' title='bbox 510 1248 564 1281; x_wconf 92' lang='lat' dir='ltr'>alium</span> <span class='ocrx_word' id='word_1_188' title='bbox 575 1248 635 1282; x_wconf 91' lang='lat' dir='ltr'>locum</span> <span class='ocrx_word' id='word_1_189' title='bbox 646 1245 724 1283; x_wconf 88' lang='lat' dir='ltr'>transire</span> <span class='ocrx_word' id='word_1_190' title='bbox 735 1249 820 1293; x_wconf 90' lang='lat' dir='ltr'>dispone·</span> 
     </span>
     <span class='ocr_line' id='line_1_22' title="bbox 121 1301 820 1346; baseline 0 -11"><span class='ocrx_word' id='word_1_191' title='bbox 121 1302 157 1336; x_wconf 90' lang='lat' dir='ltr'>bat.</span> <span class='ocrx_word' id='word_1_192' title='bbox 179 1301 209 1335; x_wconf 87' lang='lat' dir='ltr'>Ad</span> <span class='ocrx_word' id='word_1_193' title='bbox 219 1312 274 1345; x_wconf 87' lang='lat' dir='ltr'>quarn</span> <span class='ocrx_word' id='word_1_194' title='bbox 285 1301 315 1335; x_wconf 87' lang='lat' dir='ltr'>illa</span> <span class='ocrx_word' id='word_1_195' title='bbox 325 1301 360 1335; x_wconf 87' lang='lat' dir='ltr'>ait:</span> <span class='ocrx_word' id='word_1_196' title='bbox 373 1302 480 1343; x_wconf 79' lang='lat' dir='ltr'>‘Quomodo</span> <span class='ocrx_word' id='word_1_197' title='bbox 489 1312 565 1345; x_wconf 91' lang='lat' dir='ltr'>possum</span> <span class='ocrx_word' id='word_1_198' title='bbox 576 1302 703 1346; x_wconf 88' lang='lat' dir='ltr'>obtemperare</span> <span class='ocrx_word' id='word_1_199' title='bbox 713 1302 769 1336; x_wconf 93' lang='lat' dir='ltr'>iussis</span> <span class='ocrx_word' id='word_1_200' title='bbox 779 1302 820 1344; x_wconf 84' lang='lat' dir='ltr'>tuis,</span> 
     </span>
    </p>

    <p class='ocr_par' dir='ltr' id='par_1_5' title="bbox 122 1354 821 1504">
     <span class='ocr_line' id='line_1_23' title="bbox 123 1354 820 1397; baseline 0.001 -9"><span class='ocrx_word' id='word_1_201' title='bbox 123 1366 133 1388; x_wconf 95' lang='lat' dir='ltr'>o</span> <span class='ocrx_word' id='word_1_202' title='bbox 148 1354 227 1396; x_wconf 89' lang='lat' dir='ltr'>domina,</span> <span class='ocrx_word' id='word_1_203' title='bbox 241 1365 282 1388; x_wconf 92' lang='lat' dir='ltr'>curn</span> <span class='ocrx_word' id='word_1_204' title='bbox 297 1354 344 1388; x_wconf 71' lang='lat' dir='ltr'>sim4</span> <span class='ocrx_word' id='word_1_205' title='bbox 356 1354 453 1389; x_wconf 87' lang='lat' dir='ltr'>iuuencula</span> <span class='ocrx_word' id='word_1_206' title='bbox 468 1360 486 1388; x_wconf 88' lang='lat' dir='ltr'>et</span> <span class='ocrx_word' id='word_1_207' title='bbox 501 1354 576 1388; x_wconf 91' lang='lat' dir='ltr'>timeam</span> <span class='ocrx_word' id='word_1_208' title='bbox 592 1355 633 1388; x_wconf 86' lang='lat' dir='ltr'>etati</span> <span class='ocrx_word' id='word_1_209' title='bbox 647 1366 694 1397; x_wconf 89' lang='lat' dir='ltr'>mee,</span> <span class='ocrx_word' id='word_1_210' title='bbox 708 1367 732 1389; x_wconf 93' lang='lat' dir='ltr'>ne</span> <span class='ocrx_word' id='word_1_211' title='bbox 746 1355 762 1389; x_wconf 92' lang='lat' dir='ltr'>si</span> <span class='ocrx_word' id='word_1_212' title='bbox 775 1355 820 1390; x_wconf 81' lang='lat' dir='ltr'>forte</span> 
     </span>
     <span class='ocr_line' id='line_1_24' title="bbox 122 1407 820 1452; baseline 0 -10"><span class='ocrx_word' id='word_1_213' title='bbox 122 1409 190 1451; x_wconf 86' lang='lat' dir='ltr'>absque</span> <span class='ocrx_word' id='word_1_214' title='bbox 201 1413 219 1441; x_wconf 86' lang='lat' dir='ltr'>te</span> <span class='ocrx_word' id='word_1_215' title='bbox 228 1419 340 1449; x_wconf 85' lang='lat' dir='ltr'>remansero,</span> <span class='ocrx_word' id='word_1_216' title='bbox 350 1407 428 1442; x_wconf 90' lang='lat' dir='ltr'>iuuenes</span> <span class='ocrx_word' id='word_1_217' title='bbox 439 1413 515 1451; x_wconf 88' lang='lat' dir='ltr'>propter</span> <span class='ocrx_word' id='word_1_218' title='bbox 525 1409 610 1441; x_wconf 90' lang='lat' dir='ltr'>decorem</span> <span class='ocrx_word' id='word_1_219' title='bbox 622 1408 703 1451; x_wconf 87' lang='lat' dir='ltr'>corporis</span> <span class='ocrx_word' id='word_1_220' title='bbox 713 1414 731 1442; x_wconf 89' lang='lat' dir='ltr'>et</span> <span class='ocrx_word' id='word_1_221' title='bbox 740 1409 820 1452; x_wconf 90' lang='lat' dir='ltr'>speciem</span> 
     </span>
     <span class='ocr_line' id='line_1_25' title="bbox 124 1459 821 1504; baseline 0.001 -11"><span class='ocrx_word' id='word_1_222' title='bbox 124 1460 229 1503; x_wconf 89' lang='lat' dir='ltr'>capillorum</span> <span class='ocrx_word' id='word_1_223' title='bbox 241 1465 330 1493; x_wconf 90' lang='lat' dir='ltr'>conentur</span> <span class='ocrx_word' id='word_1_224' title='bbox 341 1470 371 1493; x_wconf 91' lang='lat' dir='ltr'>me</span> <span class='ocrx_word' id='word_1_225' title='bbox 383 1459 439 1493; x_wconf 79' lang='lat' dir='ltr'>furari</span> <span class='ocrx_word' id='word_1_226' title='bbox 450 1460 484 1493; x_wconf 92' lang='lat' dir='ltr'>deo</span> <span class='ocrx_word' id='word_1_227' title='bbox 493 1465 511 1493; x_wconf 94' lang='lat' dir='ltr'>et</span> <span class='ocrx_word' id='word_1_228' title='bbox 519 1459 625 1493; x_wconf 87' lang='lat' dir='ltr'>abstrahere</span> <span class='ocrx_word' id='word_1_229' title='bbox 633 1470 643 1493; x_wconf 91' lang='lat' dir='ltr'>a</span> <span class='ocrx_word' id='word_1_230' title='bbox 651 1460 744 1504; x_wconf 90' lang='lat' dir='ltr'>proposito</span> <span class='ocrx_word' id='word_1_231' title='bbox 755 1461 821 1494; x_wconf 88' lang='lat' dir='ltr'>sancti-</span> 
     </span>
    </p>

    <p class='ocr_par' dir='ltr' id='par_1_6' title="bbox 94 1512 822 1664">
     <span class='ocr_line' id='line_1_26' title="bbox 94 1512 821 1558; baseline 0.007 -15"><span class='ocrx_word' id='word_1_232' title='bbox 94 1524 112 1554; x_wconf 87' lang='lat'>²5</span> <span class='ocrx_word' id='word_1_233' title='bbox 121 1513 174 1548; x_wconf 83' lang='lat' dir='ltr'>tatis?</span> <span class='ocrx_word' id='word_1_234' title='bbox 198 1513 254 1547; x_wconf 86' lang='lat' dir='ltr'>Parce</span> <span class='ocrx_word' id='word_1_235' title='bbox 263 1513 308 1546; x_wconf 89' lang='lat' dir='ltr'>mihi</span> <span class='ocrx_word' id='word_1_236' title='bbox 316 1513 394 1555; x_wconf 87' lang='lat' dir='ltr'>domina,</span> <span class='ocrx_word' id='word_1_237' title='bbox 402 1524 463 1558; x_wconf 89' lang='lat' dir='ltr'>parce,</span> <span class='ocrx_word' id='word_1_238' title='bbox 473 1513 505 1557; x_wconf 92' lang='lat' dir='ltr'>[et]</span> <span class='ocrx_word' id='word_1_239' title='bbox 512 1512 518 1531; x_wconf 81' lang='lat'>⁵</span> <span class='ocrx_word' id='word_1_240' title='bbox 525 1524 552 1551; x_wconf 51' lang='lat' dir='ltr'>,ne</span> <span class='ocrx_word' id='word_1_241' title='bbox 561 1513 677 1558; x_wconf 89' lang='lat' dir='ltr'>derelinquas</span> <span class='ocrx_word' id='word_1_242' title='bbox 687 1517 727 1548; x_wconf 67' lang='lat' dir='ltr'>me!</span> <span class='ocrx_word' id='word_1_243' title='bbox 750 1514 784 1548; x_wconf 89' lang='lat' dir='ltr'>Cui</span> <span class='ocrx_word' id='word_1_244' title='bbox 791 1515 821 1547; x_wconf 84' lang='lat' dir='ltr'>illa</span> 
     </span>
     <span class='ocr_line' id='line_1_27' title="bbox 120 1565 820 1609; baseline 0.001 -10"><span class='ocrx_word' id='word_1_245' title='bbox 120 1565 229 1609; x_wconf 76' lang='lat' dir='ltr'>&#39;responditt</span> <span class='ocrx_word' id='word_1_246' title='bbox 250 1565 367 1599; x_wconf 84' lang='lat' dir='ltr'>‘Consortare</span> <span class='ocrx_word' id='word_1_247' title='bbox 383 1566 425 1607; x_wconf 88' lang='lat' dir='ltr'>filia,</span> <span class='ocrx_word' id='word_1_248' title='bbox 443 1572 460 1600; x_wconf 85' lang='lat' dir='ltr'>et</span> <span class='ocrx_word' id='word_1_249' title='bbox 477 1577 511 1609; x_wconf 83' lang='lat' dir='ltr'>age</span> <span class='ocrx_word' id='word_1_250' title='bbox 526 1566 607 1607; x_wconf 86' lang='lat' dir='ltr'>viriliter,</span> <span class='ocrx_word' id='word_1_251' title='bbox 622 1572 641 1600; x_wconf 90' lang='lat' dir='ltr'>et</span> <span class='ocrx_word' id='word_1_252' title='bbox 659 1567 745 1601; x_wconf 91' lang='lat' dir='ltr'>fiduciam</span> <span class='ocrx_word' id='word_1_253' title='bbox 764 1568 820 1601; x_wconf 82' lang='lat' dir='ltr'>habe:</span> 
     </span>
     <span class='ocr_line' id='line_1_28' title="bbox 125 1618 822 1664; baseline 0.003 -13"><span class='ocrx_word' id='word_1_254' title='bbox 125 1618 211 1662; x_wconf 88' lang='lat' dir='ltr'>quoniam</span> <span class='ocrx_word' id='word_1_255' title='bbox 223 1618 268 1652; x_wconf 88' lang='lat' dir='ltr'>deus</span> <span class='ocrx_word' id='word_1_256' title='bbox 279 1618 370 1652; x_wconf 86' lang='lat' dir='ltr'>adiuuabit</span> <span class='ocrx_word' id='word_1_257' title='bbox 382 1624 405 1653; x_wconf 87' lang='lat' dir='ltr'>te.</span> <span class='ocrx_word' id='word_1_258' title='bbox 429 1618 452 1651; x_wconf 89' lang='lat' dir='ltr'>Et</span> <span class='ocrx_word' id='word_1_259' title='bbox 462 1623 482 1652; x_wconf 89' lang='lat' dir='ltr'>vt</span> <span class='ocrx_word' id='word_1_260' title='bbox 492 1629 592 1662; x_wconf 86' lang='lat' dir='ltr'>cognoscas</span> <span class='ocrx_word' id='word_1_261' title='bbox 602 1620 651 1662; x_wconf 93' lang='lat' dir='ltr'>quod</span> <span class='ocrx_word' id='word_1_262' title='bbox 662 1619 702 1664; x_wconf 91' lang='lat' dir='ltr'>ipse</span> <span class='ocrx_word' id='word_1_263' title='bbox 712 1625 730 1654; x_wconf 91' lang='lat' dir='ltr'>te</span> <span class='ocrx_word' id='word_1_264' title='bbox 741 1620 822 1664; x_wconf 84' lang='lat' dir='ltr'>elegerit,</span> 
     </span>
    </p>

    <p class='ocr_par' dir='ltr' id='par_1_7' title="bbox 95 1671 824 2032">
     <span class='ocr_line' id='line_1_29' title="bbox 123 1671 822 1715; baseline 0.003 -10"><span class='ocrx_word' id='word_1_265' title='bbox 123 1677 141 1705; x_wconf 92' lang='lat' dir='ltr'>et</span> <span class='ocrx_word' id='word_1_266' title='bbox 152 1671 208 1714; x_wconf 67' lang='lat' dir='ltr'>‚iuxta</span> <span class='ocrx_word' id='word_1_267' title='bbox 223 1676 330 1715; x_wconf 85' lang='lat' dir='ltr'>preceptum</span> <span class='ocrx_word' id='word_1_268' title='bbox 348 1671 387 1705; x_wconf 91' lang='lat' dir='ltr'>eius</span> <span class='ocrx_word' id='word_1_269' title='bbox 404 1671 479 1706; x_wconf 83' lang='lat' dir='ltr'>fecerim</span> <span class='ocrx_word' id='word_1_270' title='bbox 497 1671 557 1705; x_wconf 92' lang='lat' dir='ltr'>omnia</span> <span class='ocrx_word' id='word_1_271' title='bbox 574 1671 612 1714; x_wconf 89' lang='lat' dir='ltr'>hec,</span> <span class='ocrx_word' id='word_1_272' title='bbox 629 1671 664 1706; x_wconf 92' lang='lat' dir='ltr'>iam</span> <span class='ocrx_word' id='word_1_273' title='bbox 681 1672 752 1707; x_wconf 88' lang='lat' dir='ltr'>videbis</span> <span class='ocrx_word' id='word_1_274' title='bbox 769 1672 787 1706; x_wconf 96' lang='lat' dir='ltr'>in</span> <span class='ocrx_word' id='word_1_275' title='bbox 804 1678 822 1707; x_wconf 91' lang='lat' dir='ltr'>te</span> 
     </span>
     <span class='ocr_line' id='line_1_30' title="bbox 124 1723 822 1767; baseline 0.003 -11"><span class='ocrx_word' id='word_1_276' title='bbox 124 1723 213 1756; x_wconf 87' lang='lat' dir='ltr'>mirabilia</span> <span class='ocrx_word' id='word_1_277' title='bbox 228 1723 277 1756; x_wconf 72' lang='lat' dir='ltr'>eius?</span> <span class='ocrx_word' id='word_1_278' title='bbox 299 1724 351 1756; x_wconf 91' lang='lat' dir='ltr'>Tunc</span> <span class='ocrx_word' id='word_1_279' title='bbox 365 1734 461 1756; x_wconf 88' lang='lat' dir='ltr'>assumens</span> <span class='ocrx_word' id='word_1_280' title='bbox 474 1734 539 1756; x_wconf 90' lang='lat' dir='ltr'>zonam</span> <span class='ocrx_word' id='word_1_281' title='bbox 551 1724 649 1767; x_wconf 88' lang='lat' dir='ltr'>propriam,</span> <span class='ocrx_word' id='word_1_282' title='bbox 661 1725 788 1758; x_wconf 85' lang='lat' dir='ltr'>circumcinxit</span> <span class='ocrx_word' id='word_1_283' title='bbox 799 1726 822 1758; x_wconf 91' lang='lat' dir='ltr'>de</span> 
     </span>
     <span class='ocr_line' id='line_1_31' title="bbox 95 1775 822 1819; baseline 0.001 -10"><span class='ocrx_word' id='word_1_284' title='bbox 95 1788 114 1817; x_wconf 80' lang='lat'>30</span> <span class='ocrx_word' id='word_1_285' title='bbox 124 1787 146 1810; x_wconf 90' lang='lat' dir='ltr'>ea</span> <span class='ocrx_word' id='word_1_286' title='bbox 161 1776 248 1816; x_wconf 88' lang='lat' dir='ltr'>Orbilam‚</span> <span class='ocrx_word' id='word_1_287' title='bbox 262 1781 280 1809; x_wconf 90' lang='lat' dir='ltr'>et</span> <span class='ocrx_word' id='word_1_288' title='bbox 296 1775 368 1819; x_wconf 82' lang='lat' dir='ltr'>signum</span> <span class='ocrx_word' id='word_1_289' title='bbox 385 1776 443 1809; x_wconf 89' lang='lat' dir='ltr'>crucis</span> <span class='ocrx_word' id='word_1_290' title='bbox 460 1786 517 1819; x_wconf 88' lang='lat' dir='ltr'>super</span> <span class='ocrx_word' id='word_1_291' title='bbox 531 1776 581 1810; x_wconf 89' lang='lat' dir='ltr'>illam</span> <span class='ocrx_word' id='word_1_292' title='bbox 594 1776 663 1811; x_wconf 80' lang='lat' dir='ltr'>iaciens</span> <span class='ocrx_word' id='word_1_293' title='bbox 680 1777 780 1812; x_wconf 84' lang='lat' dir='ltr'>insufflanit</span> <span class='ocrx_word' id='word_1_294' title='bbox 797 1777 822 1811; x_wconf 87' lang='lat' dir='ltr'>ei:</span> 
     </span>
     <span class='ocr_line' id='line_1_32' title="bbox 125 1829 823 1873; baseline 0.001 -10"><span class='ocrx_word' id='word_1_295' title='bbox 125 1829 222 1873; x_wconf 86' lang='lat' dir='ltr'>statimque</span> <span class='ocrx_word' id='word_1_296' title='bbox 232 1829 299 1863; x_wconf 85' lang='lat' dir='ltr'>facturn</span> <span class='ocrx_word' id='word_1_297' title='bbox 310 1834 338 1863; x_wconf 85' lang='lat' dir='ltr'>est</span> <span class='ocrx_word' id='word_1_298' title='bbox 348 1834 401 1873; x_wconf 89' lang='lat' dir='ltr'>caput</span> <span class='ocrx_word' id='word_1_299' title='bbox 412 1829 451 1862; x_wconf 91' lang='lat' dir='ltr'>eius</span> <span class='ocrx_word' id='word_1_300' title='bbox 462 1829 523 1862; x_wconf 90' lang='lat' dir='ltr'>album</span> <span class='ocrx_word' id='word_1_301' title='bbox 533 1830 599 1863; x_wconf 88' lang='lat' dir='ltr'>decora</span> <span class='ocrx_word' id='word_1_302' title='bbox 610 1830 683 1873; x_wconf 87' lang='lat' dir='ltr'>canicie,</span> <span class='ocrx_word' id='word_1_303' title='bbox 692 1836 710 1864; x_wconf 91' lang='lat' dir='ltr'>et</span> <span class='ocrx_word' id='word_1_304' title='bbox 719 1831 775 1864; x_wconf 86' lang='lat' dir='ltr'>facies</span> <span class='ocrx_word' id='word_1_305' title='bbox 784 1830 823 1864; x_wconf 90' lang='lat' dir='ltr'>eius</span> 
     </span>
     <span class='ocr_line' id='line_1_33' title="bbox 124 1882 823 1926; baseline -0.001 -9"><span class='ocrx_word' id='word_1_306' title='bbox 124 1889 193 1917; x_wconf 92' lang='lat' dir='ltr'>mutata</span> <span class='ocrx_word' id='word_1_307' title='bbox 201 1882 219 1916; x_wconf 94' lang='lat' dir='ltr'>in</span> <span class='ocrx_word' id='word_1_308' title='bbox 228 1883 262 1916; x_wconf 84' lang='lat' dir='ltr'>alia</span> <span class='ocrx_word' id='word_1_309' title='bbox 271 1882 338 1926; x_wconf 84' lang='lat' dir='ltr'>effigie,</span> <span class='ocrx_word' id='word_1_310' title='bbox 346 1882 398 1926; x_wconf 87' lang='lat' dir='ltr'>quasi</span> <span class='ocrx_word' id='word_1_311' title='bbox 409 1888 459 1916; x_wconf 86' lang='lat' dir='ltr'>esset</span> <span class='ocrx_word' id='word_1_312' title='bbox 470 1893 535 1916; x_wconf 88' lang='lat' dir='ltr'>seuere</span> <span class='ocrx_word' id='word_1_313' title='bbox 547 1883 599 1916; x_wconf 90' lang='lat' dir='ltr'>etatis</span> <span class='ocrx_word' id='word_1_314' title='bbox 611 1889 629 1917; x_wconf 91' lang='lat' dir='ltr'>et</span> <span class='ocrx_word' id='word_1_315' title='bbox 639 1884 748 1918; x_wconf 88' lang='lat' dir='ltr'>venerabilis</span> <span class='ocrx_word' id='word_1_316' title='bbox 760 1894 823 1918; x_wconf 88' lang='lat' dir='ltr'>senec-</span> 
     </span>
     <span class='ocr_line' id='line_1_34' title="bbox 124 1935 824 1980; baseline -0.003 -9"><span class='ocrx_word' id='word_1_317' title='bbox 124 1936 173 1971; x_wconf 87' lang='lat' dir='ltr'>tutis.</span> <span class='ocrx_word' id='word_1_318' title='bbox 197 1935 220 1969; x_wconf 65' lang='grc' dir='ltr'>Εἰ</span> <span class='ocrx_word' id='word_1_319' title='bbox 228 1935 273 1969; x_wconf 85' lang='lat' dir='ltr'>dixit</span> <span class='ocrx_word' id='word_1_320' title='bbox 284 1937 306 1969; x_wconf 91' lang='lat' dir='ltr'>ad</span> <span class='ocrx_word' id='word_1_321' title='bbox 316 1935 377 1969; x_wconf 86' lang='lat' dir='ltr'>illam:</span> <span class='ocrx_word' id='word_1_322' title='bbox 390 1935 448 1969; x_wconf 88' lang='lat' dir='ltr'>‘Ecce</span> <span class='ocrx_word' id='word_1_323' title='bbox 460 1940 528 1969; x_wconf 89' lang='lat' dir='ltr'>mutato</span> <span class='ocrx_word' id='word_1_324' title='bbox 540 1947 616 1980; x_wconf 87' lang='lat' dir='ltr'>corpore</span> <span class='ocrx_word' id='word_1_325' title='bbox 628 1937 728 1971; x_wconf 88' lang='lat' dir='ltr'>mutaberis</span> <span class='ocrx_word' id='word_1_326' title='bbox 740 1936 794 1971; x_wconf 89' lang='lat' dir='ltr'>etiam</span> <span class='ocrx_word' id='word_1_327' title='bbox 806 1941 824 1970; x_wconf 91' lang='lat' dir='ltr'>et</span> 
     </span>
     <span class='ocr_line' id='line_1_35' title="bbox 125 1988 824 2032; baseline -0.001 -10"><span class='ocrx_word' id='word_1_328' title='bbox 125 1990 206 2029; x_wconf 89' lang='lat' dir='ltr'>nomine,</span> <span class='ocrx_word' id='word_1_329' title='bbox 217 1994 235 2022; x_wconf 91' lang='lat' dir='ltr'>et</span> <span class='ocrx_word' id='word_1_330' title='bbox 242 1989 337 2021; x_wconf 90' lang='lat' dir='ltr'>vocaberis</span> <span class='ocrx_word' id='word_1_331' title='bbox 349 1988 422 2021; x_wconf 85' lang='lat' dir='ltr'>Seruila</span> <span class='ocrx_word' id='word_1_332' title='bbox 433 1999 467 2030; x_wconf 92' lang='lat' dir='ltr'>pro</span> <span class='ocrx_word' id='word_1_333' title='bbox 476 1989 542 2030; x_wconf 89' lang='lat' dir='ltr'>Orbila,</span> <span class='ocrx_word' id='word_1_334' title='bbox 550 1995 569 2022; x_wconf 92' lang='lat' dir='ltr'>vt</span> <span class='ocrx_word' id='word_1_335' title='bbox 577 2000 677 2032; x_wconf 86' lang='lat' dir='ltr'>cognoscas</span> <span class='ocrx_word' id='word_1_336' title='bbox 689 1990 731 2032; x_wconf 89' lang='lat' dir='ltr'>quia</span> <span class='ocrx_word' id='word_1_337' title='bbox 739 1990 824 2023; x_wconf 90' lang='lat' dir='ltr'>dominus</span> 
     </span>
    </p>

    <p class='ocr_par' dir='ltr' id='par_1_8' title="bbox 96 2040 825 2404">
     <span class='ocr_line' id='line_1_36' title="bbox 96 2040 823 2086; baseline -0.001 -12"><span class='ocrx_word' id='word_1_338' title='bbox 96 2055 114 2086; x_wconf 76' lang='lat'>35</span> <span class='ocrx_word' id='word_1_339' title='bbox 124 2052 161 2074; x_wconf 92' lang='lat' dir='ltr'>non</span> <span class='ocrx_word' id='word_1_340' title='bbox 167 2047 185 2074; x_wconf 91' lang='lat' dir='ltr'>te</span> <span class='ocrx_word' id='word_1_341' title='bbox 191 2041 213 2073; x_wconf 88' lang='lat' dir='ltr'>ad</span> <span class='ocrx_word' id='word_1_342' title='bbox 219 2040 350 2073; x_wconf 89' lang='lat' dir='ltr'>dominandum</span> <span class='ocrx_word' id='word_1_343' title='bbox 356 2040 453 2083; x_wconf 90' lang='lat' dir='ltr'>prefecerit</span> <span class='ocrx_word' id='word_1_344' title='bbox 458 2040 470 2082; x_wconf 72' lang='lat'>⁶,</span> <span class='ocrx_word' id='word_1_345' title='bbox 477 2042 509 2074; x_wconf 87' lang='lat' dir='ltr'>sed</span> <span class='ocrx_word' id='word_1_346' title='bbox 516 2042 539 2074; x_wconf 87' lang='lat' dir='ltr'>ad</span> <span class='ocrx_word' id='word_1_347' title='bbox 545 2041 673 2074; x_wconf 76' lang='lat' dir='ltr'>seruiendum.¹</span> <span class='ocrx_word' id='word_1_348' title='bbox 685 2042 756 2076; x_wconf 88' lang='lat' dir='ltr'>Videns</span> <span class='ocrx_word' id='word_1_349' title='bbox 763 2047 823 2075; x_wconf 88' lang='lat' dir='ltr'>autem</span> 
     </span>
     <span class='ocr_line' id='line_1_37' title="bbox 125 2093 824 2139; baseline 0 -12"><span class='ocrx_word' id='word_1_350' title='bbox 125 2095 235 2137; x_wconf 88' lang='lat' dir='ltr'>Orbila,que</span> <span class='ocrx_word' id='word_1_351' title='bbox 244 2098 261 2127; x_wconf 92' lang='lat' dir='ltr'>et</span> <span class='ocrx_word' id='word_1_352' title='bbox 270 2093 347 2135; x_wconf 84' lang='lat' dir='ltr'>Serussa,</span> <span class='ocrx_word' id='word_1_353' title='bbox 354 2093 401 2126; x_wconf 83' lang='lat' dir='ltr'>circa</span> <span class='ocrx_word' id='word_1_354' title='bbox 409 2104 429 2127; x_wconf 91' lang='lat' dir='ltr'>se</span> <span class='ocrx_word' id='word_1_355' title='bbox 437 2098 486 2127; x_wconf 85' lang='lat' dir='ltr'>tanta</span> <span class='ocrx_word' id='word_1_356' title='bbox 494 2094 532 2128; x_wconf 89' lang='lat' dir='ltr'>fieri</span> <span class='ocrx_word' id='word_1_357' title='bbox 541 2094 641 2129; x_wconf 85' lang='lat' dir='ltr'>mirabilia:</span> <span class='ocrx_word' id='word_1_358' title='bbox 651 2095 670 2128; x_wconf 95' lang='lat' dir='ltr'>in</span> <span class='ocrx_word' id='word_1_359' title='bbox 678 2095 738 2139; x_wconf 89' lang='lat' dir='ltr'>aliquo</span> <span class='ocrx_word' id='word_1_360' title='bbox 744 2095 824 2129; x_wconf 86' lang='lat' dir='ltr'>hesitare</span> 
     </span>
     <span class='ocr_line' id='line_1_38' title="bbox 125 2147 824 2192; baseline -0.001 -11"><span class='ocrx_word' id='word_1_361' title='bbox 125 2158 160 2181; x_wconf 91' lang='lat' dir='ltr'>nec</span> <span class='ocrx_word' id='word_1_362' title='bbox 176 2147 300 2180; x_wconf 89' lang='lat' dir='ltr'>contradicere</span> <span class='ocrx_word' id='word_1_363' title='bbox 316 2147 391 2187; x_wconf 88' lang='lat' dir='ltr'>audens,</span> <span class='ocrx_word' id='word_1_364' title='bbox 404 2151 469 2180; x_wconf 90' lang='lat' dir='ltr'>cuncta</span> <span class='ocrx_word' id='word_1_365' title='bbox 483 2147 517 2180; x_wconf 93' lang='lat' dir='ltr'>sibi</span> <span class='ocrx_word' id='word_1_366' title='bbox 528 2148 618 2191; x_wconf 88' lang='lat' dir='ltr'>imperata</span> <span class='ocrx_word' id='word_1_367' title='bbox 630 2149 696 2182; x_wconf 90' lang='lat' dir='ltr'>deuote</span> <span class='ocrx_word' id='word_1_368' title='bbox 708 2148 824 2192; x_wconf 89' lang='lat' dir='ltr'>suscipiens;</span> 
     </span>
     <span class='ocr_line' id='line_1_39' title="bbox 125 2199 825 2245; baseline 0 -11"><span class='ocrx_word' id='word_1_369' title='bbox 125 2199 194 2234; x_wconf 86' lang='lat' dir='ltr'>cunctis</span> <span class='ocrx_word' id='word_1_370' title='bbox 199 2199 281 2239; x_wconf 83' lang='lat' dir='ltr'>affabilis,</span> <span class='ocrx_word' id='word_1_371' title='bbox 289 2199 385 2243; x_wconf 86' lang='lat' dir='ltr'>[amabilis]</span> <span class='ocrx_word' id='word_1_372' title='bbox 390 2199 401 2242; x_wconf 78' lang='lat'>⁷,</span> <span class='ocrx_word' id='word_1_373' title='bbox 408 2200 505 2244; x_wconf 89' lang='lat' dir='ltr'>proficiens</span> <span class='ocrx_word' id='word_1_374' title='bbox 511 2205 528 2234; x_wconf 90' lang='lat' dir='ltr'>et</span> <span class='ocrx_word' id='word_1_375' title='bbox 535 2201 582 2234; x_wconf 86' lang='lat' dir='ltr'>bona</span> <span class='ocrx_word' id='word_1_376' title='bbox 588 2201 673 2245; x_wconf 82' lang='lat' dir='ltr'>exempla</span> <span class='ocrx_word' id='word_1_377' title='bbox 681 2203 788 2243; x_wconf 85' lang='lat' dir='ltr'>ostendens,</span> <span class='ocrx_word' id='word_1_378' title='bbox 795 2211 825 2234; x_wconf 90' lang='lat' dir='ltr'>vs-</span> 
     </span>
     <span class='ocr_line' id='line_1_40' title="bbox 125 2252 824 2296; baseline 0 -10"><span class='ocrx_word' id='word_1_379' title='bbox 125 2264 161 2296; x_wconf 92' lang='lat' dir='ltr'>que</span> <span class='ocrx_word' id='word_1_380' title='bbox 169 2253 191 2286; x_wconf 93' lang='lat' dir='ltr'>ad</span> <span class='ocrx_word' id='word_1_381' title='bbox 199 2252 280 2285; x_wconf 89' lang='lat' dir='ltr'>vltimam</span> <span class='ocrx_word' id='word_1_382' title='bbox 289 2257 401 2286; x_wconf 87' lang='lat' dir='ltr'>senectutem</span> <span class='ocrx_word' id='word_1_383' title='bbox 410 2252 506 2287; x_wconf 90' lang='lat' dir='ltr'>virtutibus</span> <span class='ocrx_word' id='word_1_384' title='bbox 513 2258 577 2287; x_wconf 91' lang='lat' dir='ltr'>ornata</span> <span class='ocrx_word' id='word_1_385' title='bbox 588 2254 689 2288; x_wconf 92' lang='lat' dir='ltr'>iniunctum</span> <span class='ocrx_word' id='word_1_386' title='bbox 699 2255 734 2289; x_wconf 90' lang='lat' dir='ltr'>sibi</span> <span class='ocrx_word' id='word_1_387' title='bbox 744 2254 824 2288; x_wconf 87' lang='lat' dir='ltr'>officium</span> 
     </span>
     <span class='ocr_line' id='line_1_41' title="bbox 96 2298 825 2350; baseline -0.001 -11"><span class='ocrx_word' id='word_1_388' title='bbox 96 2319 116 2347; x_wconf 82' lang='lat'>40</span> <span class='ocrx_word' id='word_1_389' title='bbox 125 2307 191 2339; x_wconf 86' lang='lat' dir='ltr'>deuote</span> <span class='ocrx_word' id='word_1_390' title='bbox 199 2304 337 2338; x_wconf 88' lang='lat' dir='ltr'>consummauit.</span> <span class='ocrx_word' id='word_1_391' title='bbox 371 2298 480 2348; x_wconf 86' lang='lat' dir='ltr'>Assumptis</span> <span class='ocrx_word' id='word_1_392' title='bbox 488 2311 549 2339; x_wconf 91' lang='lat' dir='ltr'>autem</span> <span class='ocrx_word' id='word_1_393' title='bbox 557 2307 677 2349; x_wconf 85' lang='lat' dir='ltr'>quadraginta</span> <span class='ocrx_word' id='word_1_394' title='bbox 686 2308 767 2350; x_wconf 90' lang='lat' dir='ltr'>[nouem]</span> <span class='ocrx_word' id='word_1_395' title='bbox 775 2308 781 2325; x_wconf 81' lang='lat'>¹⁴</span> <span class='ocrx_word' id='word_1_396' title='bbox 788 2306 825 2340; x_wconf 88' lang='lat' dir='ltr'>vir-</span> 
     </span>
     <span class='ocr_line' id='line_1_42' title="bbox 125 2356 825 2404; baseline 0 -13"><span class='ocrx_word' id='word_1_397' title='bbox 125 2357 203 2402; x_wconf 67' lang='lat' dir='ltr'>gliribus,</span> <span class='ocrx_word' id='word_1_398' title='bbox 211 2356 230 2390; x_wconf 95' lang='lat' dir='ltr'>in</span> <span class='ocrx_word' id='word_1_399' title='bbox 243 2360 305 2390; x_wconf 91' lang='lat' dir='ltr'>monte</span> <span class='ocrx_word' id='word_1_400' title='bbox 315 2357 394 2400; x_wconf 89' lang='lat' dir='ltr'>quodam</span> <span class='ocrx_word' id='word_1_401' title='bbox 406 2357 501 2392; x_wconf 92' lang='lat' dir='ltr'>cenobium</span> <span class='ocrx_word' id='word_1_402' title='bbox 513 2358 618 2401; x_wconf 81' lang='lat' dir='ltr'>construxit,</span> <span class='ocrx_word' id='word_1_403' title='bbox 626 2364 644 2393; x_wconf 93' lang='lat' dir='ltr'>et</span> <span class='ocrx_word' id='word_1_404' title='bbox 652 2370 663 2393; x_wconf 89' lang='lat' dir='ltr'>a</span> <span class='ocrx_word' id='word_1_405' title='bbox 670 2359 727 2403; x_wconf 90' lang='lat' dir='ltr'>cellis,</span> <span class='ocrx_word' id='word_1_406' title='bbox 735 2370 771 2404; x_wconf 90' lang='lat' dir='ltr'>que</span> <span class='ocrx_word' id='word_1_407' title='bbox 783 2367 825 2393; x_wconf 93' lang='lat' dir='ltr'>con·</span> 
     </span>
    </p>
   </div>
   <div class='ocr_carea' id='block_1_3' title="bbox 145 2486 826 2527">
    <p class='ocr_par' dir='ltr' id='par_1_9' title="bbox 145 2486 826 2527">
     <span class='ocr_line' id='line_1_43' title="bbox 145 2486 826 2527; baseline 0.007 -11"><span class='ocrx_word' id='word_1_408' title='bbox 145 2489 179 2520; x_wconf 69' lang='grc' dir='ltr'>ιΕ.</span> <span class='ocrx_word' id='word_1_409' title='bbox 188 2488 267 2525; x_wconf 86' lang='lat' dir='ltr'>elongare.</span> <span class='ocrx_word' id='word_1_410' title='bbox 318 2486 490 2524; x_wconf 44' lang='lat' dir='ltr'>²Ervirginissancte.</span> <span class='ocrx_word' id='word_1_411' title='bbox 542 2489 575 2518; x_wconf 65' lang='grc' dir='ltr'>ΒΤ.</span> <span class='ocrx_word' id='word_1_412' title='bbox 583 2490 640 2520; x_wconf 88' lang='lat' dir='ltr'>victum</span> <span class='ocrx_word' id='word_1_413' title='bbox 648 2491 677 2520; x_wconf 86' lang='lat' dir='ltr'>sibi</span> <span class='ocrx_word' id='word_1_414' title='bbox 685 2495 721 2520; x_wconf 91' lang='lat' dir='ltr'>etv.</span> <span class='ocrx_word' id='word_1_415' title='bbox 729 2500 744 2527; x_wconf 88' lang='lat' dir='ltr'>q.</span> <span class='ocrx_word' id='word_1_416' title='bbox 792 2487 826 2516; x_wconf 66' lang='lat' dir='ltr'>*E-</span> 
     </span>
    </p>
   </div>
   <div class='ocr_carea' id='block_1_4' title="bbox 125 2526 826 2599">
    <p class='ocr_par' dir='ltr' id='par_1_10' title="bbox 125 2526 826 2599">
     <span class='ocr_line' id='line_1_44' title="bbox 125 2526 826 2566; baseline -0.006 -6"><span class='ocrx_word' id='word_1_417' title='bbox 125 2539 164 2560; x_wconf 88' lang='lat' dir='ltr'>snm.</span> <span class='ocrx_word' id='word_1_418' title='bbox 236 2526 345 2563; x_wconf 77' lang='lat' dir='ltr'>⁵soT.;0m.</span> <span class='ocrx_word' id='word_1_419' title='bbox 353 2527 369 2556; x_wconf 97' lang='lat' dir='ltr'>in</span> <span class='ocrx_word' id='word_1_420' title='bbox 377 2526 395 2557; x_wconf 83' lang='lat' dir='ltr'>E.</span> <span class='ocrx_word' id='word_1_421' title='bbox 467 2527 500 2558; x_wconf 70' lang='grc' dir='ltr'>ῦΕ.</span> <span class='ocrx_word' id='word_1_422' title='bbox 508 2530 600 2566; x_wconf 87' lang='lat' dir='ltr'>prefecerat.</span> <span class='ocrx_word' id='word_1_423' title='bbox 630 2555 631 2559; x_wconf 68' lang='grc'>,</span> <span class='ocrx_word' id='word_1_424' title='bbox 677 2529 711 2561; x_wconf 83' lang='lat' dir='ltr'>⁷T.</span> <span class='ocrx_word' id='word_1_425' title='bbox 719 2529 797 2563; x_wconf 82' lang='lat' dir='ltr'>amabilis;</span> <span class='ocrx_word' id='word_1_426' title='bbox 809 2526 826 2556; x_wconf 83' lang='grc' dir='ltr'>Ε,</span> 
     </span>
     <span class='ocr_line' id='line_1_45' title="bbox 125 2567 308 2599; baseline -0.011 0"><span class='ocrx_word' id='word_1_427' title='bbox 125 2569 201 2599; x_wconf 90' lang='lat' dir='ltr'>omnibns.</span> <span class='ocrx_word' id='word_1_428' title='bbox 263 2567 308 2597; x_wconf 70' lang='lat' dir='ltr'>8orn.</span> 
     </span>
    </p>
   </div>
   <div class='ocr_carea' id='block_1_5' title="bbox 0 0 902 2803">
    <p class='ocr_par' dir='ltr' id='par_1_11' title="bbox 0 0 902 2803">
     <span class='ocr_line' id='line_1_46' title="bbox 0 0 902 2803; baseline 0 0"><span class='ocrx_word' id='word_1_429' title='bbox 0 0 902 2803; x_wconf 95' lang='lat' dir='ltr'> </span> 
     </span>
    </p>
   </div>
  </div>
 </body>
</html>
