1762 2803
91 127 93 132 ·
118 102 163 157 426
310 99 390 152 utut
406 95 522 160 termus
537 96 629 160 fitutia.

120 228 169 255 mam
182 218 209 253 illi
222 218 322 263 regendam
334 217 461 261 committeret,
475 228 496 253 ac
509 217 566 253 filiam
579 217 640 253 fratris
653 217 682 253 sui
695 216 785 262 virginem
797 216 823 252 illi

120 272 217 317 coniugem
225 274 281 315 daret,
288 282 367 316 eumque
375 271 492 315 adoptiuum¹
499 282 574 317 semper
582 272 662 306 haberet.
684 271 710 305 At
717 270 748 305 ille
756 269 823 315 gratias

121 337 178 372 agens
190 325 252 371 pietati
263 336 319 370 quam
330 336 374 370 erga
385 336 433 368 eum,
442 336 484 360 curn
496 331 546 360 esset
557 326 671 370 peregrinus,
679 325 748 359 habere
760 324 824 368 digna-

121 386 176 420 retur,
185 379 285 422 respondit,
293 378 407 422 propositum
415 388 436 412 se
443 379 502 421 magis
513 378 587 413 alterius
598 376 742 413 conuersationis
750 377 824 418 habere,

103 446 111 475 5
120 438 175 475 atque
185 431 226 465 ideo
234 431 292 474 patria
303 430 365 464 relicta
372 431 451 464 Romam
461 431 496 464 iter
506 442 561 474 agere
569 432 646 475 cepisse.
669 430 740 473 Quibus
751 429 824 472 auditis,

120 483 169 519 misit
181 494 223 518 eum
234 483 310 519 antistes
322 484 408 527 Romam,
418 484 465 518 datis
477 484 604 528 habundanter
615 494 649 530 pro
659 483 690 519 via
701 482 823 526 necessariis;

121 539 220 573 obsecrans
233 539 319 582 quatinus
331 539 355 573 de
367 539 428 573 Roma
442 540 516 574 rediens
530 540 552 574 ad
566 549 586 574 se
598 539 702 573 declinaret.
724 537 749 572 Vt
762 542 824 571 autem

122 592 201 626 Romam
210 592 266 633 venit,
274 592 376 627 beatissimi
387 592 511 636 apostolorum
522 592 610 636 principis
621 591 684 626 limina
694 590 757 625 orandi
767 590 824 635 gratia

121 644 178 687 petiit.
201 644 294 687 Egressus
304 645 347 678 inde
358 652 376 678 et
388 646 487 678 oratorium
497 645 555 679 sancti
563 644 754 688 Andree¹ingressus
764 643 824 676 humi-

94 709 113 730 10
122 708 158 741 que
171 702 278 741 prostratus,
292 697 318 731 sic
332 707 384 733 orare
395 697 455 743 cepit:
473 697 567 733 ‘Piissime
582 696 706 741 apostolorum
720 695 755 738 dei,
769 695 824 730 frater

121 750 222 785 beatissimi
234 751 311 795 apostoli
322 751 376 794 Petri,
385 762 408 785 en
419 762 453 795 ego
464 750 561 795 peregrine
572 750 666 794 prouincie
679 749 750 794 [εἰιιίε]3
758 749 782 783 ad
793 755 824 783 tua

122 803 185 838 limina
195 804 243 847 veni,
252 803 324 839 veniam
336 815 369 848 pro
381 804 461 848 peccatis
472 804 601 847 postulaturus.
625 804 693 838 Precor
703 814 748 846 ergo
759 807 782 844 te,
790 813 825 846 per

122 857 209 900 pietatem
225 867 280 902 quam
295 857 361 891 ceteris
376 862 459 901 prestare
474 855 564 900 probaris,
579 861 599 891 vt
613 856 686 891 veniam
701 860 824 900 peccatorum,

123 918 178 952 quam
188 919 222 951 per
232 914 250 942 te
261 910 344 943 obtinere
354 910 432 951 conlido,
440 920 477 942 non
488 920 564 951 queram
574 909 593 942 in
601 919 675 951 vanum,
683 919 707 942 ne
718 908 763 941 mihi
774 912 825 942 tante

97 960 479 1005 15progressiovie⁴pr0cedatincassum.
502 961 598 996 Verumvt
610 960 775 1005 experiarvincula
784 970 825 995 mee
870 972 871 976 ¹

124 1013 222 1058 impietatis
235 1020 312 1059 pertua
325 1015 390 1049 merita
401 1014 453 1057 solui,
466 1015 522 1057 solue,
536 1026 599 1058 queso,
613 1015 744 1058 impedimenta
756 1013 825 1058 ingenii

125 1068 162 1102 mei
174 1073 192 1102 et
203 1067 265 1112 lingue
275 1078 321 1110 mee,
334 1066 419 1113 quatinus
431 1067 482 1102 verbi
493 1067 523 1102 dei
535 1069 616 1103 misteria
627 1069 682 1102 corde
694 1067 795 1113 percipere,
807 1073 825 1102 et

124 1121 192 1155 diserto
200 1120 322 1164 eloquutionis
330 1122 384 1155 modo
393 1121 457 1155 eadem
465 1121 505 1154 aliis
511 1122 582 1155 valeam
590 1121 693 1155 insinuare.¹
716 1120 825 1154 Nec¹citius

124 1173 180 1206 verba
191 1172 278 1206 orationis
289 1173 392 1216 compleuit,
404 1183 460 1216 quam
471 1173 608 1207 uiuacissimum
622 1173 689 1207 mentis
702 1172 797 1218 ingenium
808 1177 826 1207 et

97 1224 728 1271 20promptissimumeloquutionismodumsepercepissecognouit.
762 1219 825 1261 Rome

123 1277 178 1323 igitur
187 1279 262 1323 degens,
270 1279 347 1314 orationi
360 1280 440 1324 [atque]¹
449 1279 562 1315 meditationi
569 1290 642 1322 vacans,
650 1291 661 1314 a
669 1279 767 1320 Bonifatio,
775 1280 825 1314 sedis

124 1331 223 1376 apostolice
237 1332 370 1376 archidiacono,
382 1338 458 1377 quatuor
470 1332 527 1367 libros
543 1333 686 1376 euangeliorum,
699 1331 825 1367 rationabilem

125 1384 193 1428 pasche
204 1386 311 1429 terminum,
319 1386 390 1430 aliaque
399 1385 486 1419 nonnulla
494 1386 560 1420 didicit.
583 1384 711 1420 Ecclesiastica
722 1385 778 1429 igitur
789 1385 826 1420 dis·

126 1438 193 1481 ciplina
204 1438 290 1479 imbutus,
302 1440 361 1481 rediit,
374 1439 486 1483 Dalphinum
497 1439 604 1483 episcopum
614 1438 663 1478 adiit,
674 1443 692 1473 et
703 1438 761 1472 tribus
772 1437 826 1472 annis

99 1505 117 1536 ²5
126 1501 167 1525 cum
179 1500 201 1524 eo
212 1491 291 1534 mansit;
305 1501 316 1525 a
328 1502 364 1535 quo
375 1496 462 1533 attonsus,
475 1496 494 1525 et
505 1490 524 1525 in
538 1496 587 1525 tanto
601 1496 629 1525 est
642 1501 704 1525 amore
717 1490 795 1532 habitus,
807 1496 827 1526 vt

126 1543 177 1580 illum
185 1543 220 1579 sibi
228 1544 317 1578 heredem
324 1544 385 1579 facere
393 1544 485 1588 cogitaret.
508 1544 546 1579 Sed
554 1555 578 1578 ne
586 1544 620 1578 hoc
628 1543 669 1578 fieri
676 1549 744 1588 posset,
750 1544 827 1579 antistes

126 1602 154 1630 est
164 1596 232 1630 crudeli
243 1602 301 1631 morte
312 1602 414 1641 prereptus,
422 1603 440 1631 et
448 1596 544 1631 Wilsridus
556 1598 579 1631 ad
587 1597 673 1641 Angliam
684 1602 713 1631 est
725 1607 826 1641 regressus.

126 1648 222 1692 Siquidem
234 1649 297 1693 regina
306 1650 418 1683 Francorum
429 1650 505 1684 Batildis
516 1659 538 1683 ea
549 1654 659 1692 tempestate
670 1648 747 1683 ecclesie
759 1649 827 1684 Christi

126 1701 289 1746 persequutionem
301 1702 366 1745 intulit,
378 1701 501 1746 deprecationi
516 1702 599 1736 estuabat
613 1707 631 1736 et
645 1702 738 1746 [multosP
750 1703 827 1738 ecclesie

99 1764 118 1795 30
127 1758 185 1788 morte
197 1754 304 1799 turpissima
315 1756 430 1800 dampnabat,
438 1756 487 1791 vnde
499 1755 547 1790 inter
558 1755 676 1790 innumeros¹
687 1755 774 1800 minores,
786 1762 826 1791 octo

126 1808 245 1843 ecclesiarum
260 1814 322 1854 patres
338 1821 379 1844 cum
395 1810 476 1855 predicto
492 1810 571 1844 antistite
588 1810 672 1854 nequiter
688 1810 762 1845 tradidit
779 1811 827 1854 peri-

126 1863 209 1896 mendos.
232 1862 292 1905 Quem
304 1874 362 1907 vsque
376 1863 426 1907 [ad]¹¹
437 1864 497 1898 iocum
510 1874 543 1898 sue
557 1863 597 1897 neci
609 1863 717 1907 dispositum
729 1863 827 1898 Wiliridus

126 1920 215 1958 sequutus
226 1920 259 1957 est,
271 1915 348 1959 cupiens
359 1927 393 1960 pro
405 1928 432 1957 eo,
444 1916 460 1949 si
475 1917 617 1960 permitteretur,
630 1915 686 1950 simul
701 1916 760 1960 gladio
775 1916 828 1950 mori.

126 1966 201 2010 Verum,
215 1979 239 2001 ne
252 1968 270 2001 id
284 1969 341 2011 fieret,
354 1969 451 2014 episcopus
464 1970 523 2004 modis
535 1970 621 2004 omnibus
634 1960 733 2003 interdixit.
756 1968 828 2013 Corpus

99 2030 117 2062 35
126 2026 188 2056 tamen
196 2021 250 2056 occisi
259 2022 319 2056 debito
327 2023 396 2057 honore
404 2022 505 2065 tumulauit,
512 2027 531 2056 et
539 2021 627 2065 Angliam
634 2021 693 2055 rediit.
715 2021 772 2056 Cuius
780 2022 829 2056 sama

127 2073 228 2108 sanctitatis
237 2079 256 2108 et
263 2075 367 2119 prudentie,
375 2076 479 2120 eloquentie
490 2081 544 2120 atque
554 2075 654 2119 apostolice
662 2074 744 2109 doctrine
752 2075 828 2110 circum-

127 2137 199 2170 quaque
212 2127 294 2161 innotuit.
318 2129 346 2161 Eo
359 2134 442 2172 tempore
456 2130 544 2172 regnabat
558 2129 577 2161 in
591 2128 759 2161 Northanhumbria
771 2128 828 2170 Oswi,

128 2189 170 2212 cum
185 2178 223 2211 lilio
238 2189 271 2213 suo
286 2179 363 2222 Alsrido,
382 2180 413 2225 qui
432 2182 455 2215 ob
474 2181 542 2215 samam
561 2180 618 2214 sancti
636 2179 716 2214 Wilfridi
735 2180 828 2225 ripensem

129 2231 275 2276 ecclesiamque
286 2234 340 2267 modo
352 2234 427 2278 Ripun⁹
437 2239 516 2276 vocatur,
527 2243 569 2268 cum
581 2232 616 2267 hiis
628 2243 664 2277 que
675 2233 703 2268 sui
714 2234 759 2269 iuris
770 2240 829 2277 erant,

100 2294 120 2324 40
129 2284 185 2328 regali
196 2284 321 2319 munificentia
332 2286 392 2320 eidem
403 2287 518 2321 contulerunt
523 2286 541 2321 ¹⁰.
564 2286 623 2328 Quem
631 2286 715 2321 videlicet
727 2287 787 2322 locum
799 2288 829 2322 de-

129 2339 194 2372 derant
200 2336 211 2357 ¹¹
219 2337 291 2382 pridem
302 2340 324 2374 ad
332 2341 475 2375 construendum
485 2339 530 2374 inibi
541 2339 672 2375 monasterium
680 2339 716 2375 hiis
725 2341 756 2385 qui
765 2341 829 2376 Scotos

148 2439 154 2456 ¹
165 2438 204 2467 Bed,
212 2437 247 2466 loeo
254 2438 330 2474 adoptiui.
427 2437 433 2454 ¹
444 2438 462 2468 ln
469 2439 504 2467 that
511 2442 602 2476 monastery
610 2437 682 2477 Gregory
689 2439 720 2470 had
728 2439 769 2470 been
776 2440 829 2470 monlr.

129 2476 176 2507 Βοιιι.
222 2476 391 2516 ¹E.vieprogressio.
436 2477 551 2509 ¹Eadnr.non.
597 2477 752 2516 ⁶T.atque;E.et.
796 2478 830 2509 ⁷T.

129 2517 319 2551 multostEministros.
374 2517 509 2549 rainnumero.
563 2516 662 2557 ⁹T.rypun.
710 2518 730 2555 ,¹⁰
740 2530 752 2550 r.
760 2520 830 2550 contulit.

129 2557 140 2576 ¹¹
151 2558 191 2588 Bed.
199 2558 268 2589 dederat.
796 2576 800 2583 ¹
