1762 2803
256 98 302 155 ibe
317 96 417 152 saneto
434 96 562 157 utulate.
748 114 760 158 5

55 221 150 264 “Exurgat
162 222 208 254 deus
223 226 242 254 et
256 219 370 263 dissipentur
383 220 451 254 inimici
462 219 534 255 eius²¹:
551 220 586 253 Et²
598 231 622 254 ex
638 230 674 264 quo
685 230 760 255 versum

57 274 109 307 illum
121 273 189 317 attigit:
206 272 262 306 ‘sieut
275 273 337 306 delicit
349 273 412 306 sumus
423 274 515 315 deficiant,
524 274 571 308 sicut
583 273 623 307 ssuit
636 283 678 307 cera
690 282 701 306 a
715 272 761 307 facie

57 326 115 370 ignis,’
123 331 161 360 tota
168 326 199 360 illa
206 326 298 360 horrenda
306 325 403 360 multitudo
412 335 454 360 cum
465 325 504 360 suis
515 325 630 360 illusionibus
638 324 690 370 quasi
698 324 760 360 fumus

57 378 136 414 euanuit.
177 371 760 425 Eratquidamelericusnominebertelinus⁸‚quisubdoctnna

57 433 105 467 beati
110 432 195 467 Guthlaci
201 432 269 466 diuinis
274 431 391 476 mancipatus
399 432 497 477 obsequiis,
503 433 539 467 deo
546 433 565 467 in
573 432 699 477 spiritualibus
707 442 760 467 exer·
769 444 778 475 5

57 486 104 520 citiis
116 485 209 520 militabat.
231 485 302 520 Videns
313 495 357 529 ergo
369 484 446 529 spiritus
456 485 537 530 nequitie
545 486 594 529 quod
601 486 662 520 virum
672 484 702 520 dei
710 485 760 519 nulla

57 543 121 583 posset
129 539 247 582 temptatione
256 539 369 581 subuertere,
374 538 392 573 in
401 537 437 573 iarn
445 538 513 573 dictum
518 539 604 573 clericum
611 545 682 573 tantum
690 539 760 582 cupidi-

57 591 105 625 datis
116 591 201 624 ardorem
211 591 292 631 immisit,
299 596 319 624 vt
329 591 424 624 dominum
435 601 456 624 ac
468 590 576 634 magistrum
588 600 642 624 suum
654 590 703 624 ferro
711 590 761 633 eogi-

57 647 104 678 taret
116 647 210 687 appetere,
220 648 240 677 ut
254 642 349 683 secretius,
360 642 392 677 illo
403 641 519 687 interempto,
531 642 604 677 labores
616 641 665 677 illius
677 642 761 677 introiret

57 696 151 742 ipsiusque
158 695 289 731 habitationem
296 695 348 740 quasi
356 695 396 731 iure
401 695 515 732 successorio
522 695 631 741 possideret.
648 695 692 731 Pius
698 701 760 731 tamen
771 710 789 731 ιο

58 750 125 785 Christi
134 749 218 791 famulus,
227 748 312 793 quiequid
320 749 431 783 moliebatur
439 750 529 784 aduersus
540 760 582 784 eum
594 749 686 793 iniquitas,
694 748 759 793 spiritu

58 808 121 837 sancto
136 801 230 836 reuelante
246 802 341 846 cognouit:
358 807 377 836 et
390 802 477 836 clericum
493 803 516 836 ad
531 813 552 837 se
565 812 639 844 vocans,
651 807 760 846 conceptum

57 855 114 889 animi
125 855 153 888 sui
168 855 250 888 seriatim
263 855 360 888 manifesta
371 854 483 888 reuelatione
493 855 583 898 depinxit,
594 855 668 898 quando
682 855 713 889 et⁴
723 855 761 895 vbi,

57 918 120 951 quare,
132 911 150 941 et
163 907 240 951 qualiter
255 906 325 940 saeinus
340 907 384 940 illud
398 907 464 951 exequi
477 907 589 942 decreuisset
603 907 699 951 expressit.
727 906 761 942 Ille

58 966 119 994 autern
132 960 269 1003 deprehensum
281 970 301 994 se
313 960 401 1002 sentiens,
409 959 511 1004 penitentia
522 960 587 995 ductus
598 959 677 1003 pedibus
684 958 718 994 viri
730 959 760 995 dei
771 968 788 999 ¹5

58 1013 151 1048 humiliter
162 1024 183 1048 se
194 1012 292 1057 prouoluit,
299 1012 374 1048 veniam
385 1013 443 1058 petiit,
451 1020 470 1048 et
481 1013 564 1048 obtinuit.
587 1013 622 1055 Qui
634 1019 699 1057 postea
706 1014 761 1048 beato

58 1067 147 1102 Guthlaco
159 1067 219 1101 tidelis
227 1067 280 1101 valde
292 1066 330 1109 suit,
339 1072 357 1101 et
370 1077 433 1102 secum
446 1077 504 1112 vsque
517 1067 541 1102 ad
554 1066 610 1102 finem
621 1066 658 1102 vite
672 1077 706 1101 sue
718 1077 760 1112 per-

58 1120 130 1162 mansit,
143 1126 161 1154 et
177 1132 219 1155 eum
235 1122 329 1164 sepulture
344 1121 417 1155 tradere
432 1121 503 1155 meruit.
549 1113 612 1154 Nocte
625 1120 704 1164 quadam
718 1131 760 1154 curn

58 1173 124 1215 vigiliis
132 1179 150 1206 et
157 1173 269 1206 orationibus
278 1173 362 1206 deuotius
370 1173 468 1213 insisteret,
475 1178 513 1206 tota
524 1172 583 1206 insula
591 1173 665 1205 tremuit
673 1184 677 1204 :
689 1172 760 1205 infinita

59 1226 158 1259 demonum
170 1224 272 1266 multitude,
283 1224 384 1268 assumptis
396 1225 491 1259 brutorum
504 1224 611 1259 animalium
621 1223 691 1267 formis,
699 1223 760 1259 locum
770 1238 789 1260 zo

58 1277 160 1319 intrauit‚et
167 1278 253 1311 intrando
259 1278 401 1322 circumquaque
407 1278 504 1313 concussit.
527 1278 679 1321 ingrediebantur
685 1279 760 1312 domum

58 1330 155 1364 innumere
165 1330 220 1365 facies
230 1330 335 1371 bestiarum,
344 1331 374 1364 leo
387 1331 467 1375 rugiens,
478 1335 541 1365 taurus
550 1330 640 1375 mugiens,
647 1341 702 1365 vrsus
711 1330 761 1365 sren-

59 1384 111 1426 dens,
124 1395 170 1428 aper
185 1384 278 1427 gruniens,
291 1384 346 1428 lupus
357 1384 436 1427 ululans,
449 1394 508 1429 equus
522 1384 614 1426 hinniens,
628 1384 676 1419 aries
690 1384 760 1425 balans,

59 1437 121 1470 asinus
129 1437 221 1479 rudiens³,
229 1437 304 1471 coluber
311 1436 393 1479 sibilans,
400 1438 543 1481 unumquodque
555 1437 622 1471 animal
634 1436 684 1470 iuxta
695 1442 761 1471 nature

58 1500 92 1524 sue
100 1490 204 1525 facultatem
216 1489 302 1524 dentibus
310 1489 350 1524 siue
360 1490 439 1535 pedibus
450 1495 480 1524 aut
492 1490 577 1525 cornibus
585 1489 645 1525 minas
653 1495 671 1525 et
679 1495 760 1526 terrores
769 1504 787 1534 ²5

59 1542 156 1577 intentans.
185 1543 220 1577 Vir
235 1548 295 1578 autem
311 1542 340 1578 dei
357 1542 410 1587 signo
425 1544 484 1577 crucis
499 1554 520 1577 se
537 1543 627 1584 muniens,
643 1543 700 1578 dixit:
713 1544 761 1578 ‘Cur

59 1605 94 1637 me,
106 1595 169 1639 inquit,
177 1600 262 1640 temptas,
274 1596 362 1630 sathana?
391 1595 480 1630 Dominus
496 1596 540 1630 mihi
558 1597 629 1630 adiutor
644 1601 677 1638 est,
693 1601 711 1629 et
725 1606 761 1640 ego

59 1648 159 1692 despiciam
171 1648 255 1683 inimicos
267 1649 336 1683 meos'.
359 1648 441 1684 Heccine
453 1654 481 1684 est
492 1649 591 1683 similitudo
605 1648 694 1691 altissimi,
705 1659 761 1693 quam

59 1700 91 1734 tibi
102 1701 145 1735 olim
153 1712 243 1745 usurpare
252 1712 309 1736 ausus
321 1712 342 1736 es
354 1702 373 1735 in
385 1701 455 1736 deliciis
467 1701 558 1746 paradisii
581 1701 617 1743 Qui
629 1707 671 1736 tunc
683 1702 760 1736 sormam

59 1753 89 1785 dei
110 1758 128 1786 et
147 1753 284 1787 similitudinem
303 1754 322 1787 in
345 1753 431 1797 superbia
453 1755 579 1797 presumebas,
596 1763 645 1788 nunc
661 1753 722 1788 viliter
742 1759 760 1788 et
769 1767 790 1796 30

59 1805 200 1849 dampnabiliter
211 1806 229 1840 in
242 1806 321 1850 effigiem
333 1807 428 1841 brutorum
442 1811 496 1850 atque
507 1806 643 1841 immundorum
655 1806 760 1841 animalium

59 1863 77 1892 te
89 1858 221 1894 transformas?
244 1859 339 1904 Pauperes
353 1859 421 1895 Christi
437 1860 518 1903 dampno
534 1865 564 1894 tuo
577 1859 705 1904 persequeris:
717 1860 760 1905 quia

59 1916 127 1954 quanto
141 1912 216 1956 grauius
230 1923 286 1957 supra
298 1914 373 1947 dorsum
389 1923 452 1948 eorum
468 1913 590 1955 fabricaueris,
602 1918 652 1947 tanto
666 1912 760 1948 uberiores

59 1963 117 2007 glorie
129 1975 207 1999 coronas
222 1965 249 2000 eis
263 1965 282 2000 in
295 1971 346 2000 tuam
359 1966 459 2011 perniciem
472 1965 574 2001 fabricabis.
597 1966 618 2001 ln
632 1976 761 2010 quameunque

59 2018 108 2050 enim
119 2018 200 2060 speeiem
213 2023 230 2051 te
241 2018 366 2060 transformas,
377 2024 438 2052 certus
451 2029 492 2052 sum
504 2019 547 2062 quia
558 2029 618 2061 neque
632 2029 689 2059 mors,
700 2030 760 2062 neque
770 2031 789 2060 35
845 2055 847 2058 Α

58 2067 135 2110 gladius,
148 2079 208 2113 neque
221 2069 263 2110 vita,
275 2080 335 2114 neque
349 2071 414 2115 angeli,
428 2081 488 2115 neque
501 2076 607 2116 potestates,
619 2081 680 2115 neque
693 2070 761 2114 princi·

59 2125 117 2163 patus,
129 2132 190 2165 neque
204 2128 287 2157 creatura
299 2123 360 2167 aliqua
372 2124 438 2167 poterit
452 2134 482 2158 me
495 2134 582 2167 separare
595 2135 606 2157 a
620 2124 707 2158 charitate
719 2124 760 2158 dei.¹

59 2172 101 2206 Hiis
109 2173 167 2216 dictis,
175 2179 212 2208 tota
218 2174 250 2209 illa
257 2175 335 2210 fantasia
342 2177 437 2220 disparuit.
481 2169 514 2212 Ad
522 2176 581 2222 ipsius
589 2176 638 2210 enim
646 2176 759 2212 vocationem

59 2224 166 2261 hirundines
174 2233 192 2262 et
202 2233 263 2263 cetere
274 2240 319 2264 aues
331 2229 406 2272 heremi,
414 2231 476 2275 pisces
487 2232 542 2265 etiam
554 2231 619 2274 stagni,
627 2235 720 2275 gratanter
730 2241 760 2265 ac·

59 2285 159 2321 cesserunt,
174 2286 192 2315 et
210 2281 301 2316 siluestria
319 2283 389 2317 heremi
408 2290 544 2319 mansuescunt.
568 2284 589 2318 ln
604 2284 664 2328 primo
680 2284 759 2318 aduentu
769 2293 790 2323 40

58 2329 181 2375 hirundinum,
189 2335 241 2377 quasi
248 2335 344 2379 prehabita
351 2335 418 2370 blanda
426 2337 533 2371 salutatione
544 2337 567 2371 ab
577 2337 609 2377 eis,
618 2343 668 2371 certa
679 2337 760 2371 nidifica-

58 2381 112 2419 tionis
125 2385 165 2419 loca
181 2386 258 2431 singulis
270 2387 374 2432 assignauit.
402 2389 436 2424 llle
447 2401 491 2424 vero
503 2390 543 2425 eius
555 2391 635 2434 scapulis
648 2390 761 2425 familiariter

59 2433 165 2478 insidentes,
172 2441 252 2482 quodam
260 2441 386 2483 gratulationis
395 2444 484 2485 applausu
492 2443 526 2477 viri
535 2442 707 2477 mansuetudinem⁷
714 2443 760 2476 sate-

58 2501 120 2558 n‘Ps
129 2504 176 2535 lxviii.
186 2515 199 2537 1.
254 2506 419 2540 tetusutomiinT.
474 2510 507 2542 ⁸T.
516 2511 609 2542 bencelinus
664 2510 760 2543 ⁴T.eeiam.

73 2549 86 2571 r.
93 2543 157 2575 rudens.
217 2545 223 2562 ⁶
233 2546 260 2578 Ps.
266 2549 318 2578 cxviii.
325 2558 339 2587 Ἰ.
400 2549 406 2567 ²
416 2550 434 2581 E.
441 2551 565 2582 mansuedinem.
