1762 2803
146 109 191 193 2'90
258 193 259 196 ,
337 137 417 189 moun
432 133 550 197 tenente
565 133 658 197 annia

146 258 220 293 humilis
235 258 356 293 seruuncnlus
371 258 406 301 dei,
419 269 468 293 anno
481 256 612 292 incarnationis
627 256 710 292 eiusdem
723 255 847 301 quadringen-

146 313 212 347 tesimo
220 311 312 346 tricesimo
319 311 339 354 in
347 310 457 345 Hiberniam
467 321 478 345 a
488 311 604 346 sanctissimo
612 321 660 354 papa
668 310 761 345 Celestino
770 311 847 354 legatus,

147 368 177 401 dei
185 367 242 412 gratia
251 366 361 401 Hibernicos
368 366 391 400 ad
400 366 456 400 fidem
463 365 545 401 veritatis
553 364 639 400 conuerti.
662 364 735 399 Etcum
743 374 775 399 eos
783 363 802 398 in
810 364 847 399 fide

147 421 235 454 catholica
241 420 355 460 solidassem,
361 421 436 453 tandem
443 418 462 453 in
470 418 584 453 Britanniam
590 428 631 452 sum
639 428 730 458 reuersus,
736 418 759 451 ad
768 417 847 452 insulam

129 479 138 508 ⁵
146 472 248 507 Aualonie:
261 476 279 505 et
286 470 312 505 ibi
317 470 413 505 duodecim
419 473 484 506 fratres
492 471 555 505 inueni
562 470 687 504 heremiticam
691 470 747 504 vitam
753 471 848 503 ducentes.

147 526 171 560 Et
184 525 270 570 quoniam
284 524 346 559 inueni
360 536 393 559 eos
405 525 484 559 humiles
497 536 518 559 ac
531 523 607 568 quietos,
620 522 668 567 elegi
679 522 741 568 potius
756 533 798 557 cum
811 522 847 557 illis

147 579 228 613 abiectus
247 589 295 622 esse,
310 589 366 622 quam
381 578 400 612 in
416 578 507 623 regalibus
526 577 581 611 curiis
598 576 685 611 habitare,
716 576 789 620 Sicque,
804 576 847 611 licet

147 632 230 674 inuitum,
241 630 260 665 in
273 636 367 677 pastorem
381 642 411 667 me
425 631 459 667 sibi
470 631 589 676 pretulerunt.
612 630 648 664 Vbi
662 631 681 665 in
697 629 770 674 scriptis
784 640 848 664 recen-

146 685 223 720 tioribus
235 685 298 719 inueni
307 686 356 729 quod
368 690 442 720 sanctus
451 685 549 728 Phaganus
557 690 575 719 et
584 683 700 718 Deruuianus
711 684 733 718 ab
742 683 848 719 Eleutherio

120 742 139 765 1⁰
147 747 200 782 papa,
213 737 244 780 qui
258 747 291 771 eos
306 737 386 780 miserat,
400 739 464 772 decem
477 747 535 771 annos
550 737 662 779 indulgentie
675 737 801 779 impetrarunt.
824 736 848 769 Et

115 801 117 809 ’
147 801 188 834 ego,
196 791 252 825 frater
261 790 356 832 Patricius,
365 803 376 825 a
385 791 416 835 pie
426 790 514 824 memorie
523 789 616 824 Celestlno
626 799 674 833 papa
685 788 781 824 duodecim
789 799 848 824 annos

148 844 241 888 acquislui.
265 843 309 878 Post
320 844 354 878 hec
365 845 385 878 in
396 844 490 879 cacumine
501 843 569 877 montis
583 842 678 887 antiquum
691 843 796 877 inuenimus
808 853 849 877 ora-

148 897 220 938 torium,
230 901 249 930 et
260 896 299 931 fere
311 897 401 931 dirutum:
413 897 444 932 vbi
455 908 490 940 ego
501 902 520 932 et
531 896 587 930 frater
598 896 672 941 quidam
683 895 742 930 tribus
753 895 849 930 mensibus

148 949 276 993 ieiunauimus,
284 949 397 984 orationibus
408 955 426 984 et
435 949 501 994 vigiliis
508 955 599 984 vacantes.
622 949 706 992 Quadam
717 953 778 984 autem
790 954 849 991 nocte,

122 1008 140 1039 ¹⁵
149 1014 191 1037 cum
201 1003 263 1045 sopori
274 1004 358 1036 membra
368 1013 410 1036 mea
419 1004 518 1044 dedissem,
526 1003 610 1047 apparuit
620 1002 665 1037 mihi
673 1002 758 1037 dominus
766 1002 819 1037 Iesus
829 1003 848 1037 in

97 1075 99 1077 -
148 1056 194 1099 visu,
203 1055 278 1090 dicens:
292 1057 302 1075 “
308 1054 374 1089 Patrici
382 1066 436 1089 seruc
444 1066 502 1097 meus,
510 1055 557 1090 scias
568 1066 598 1090 me
608 1054 686 1099 elegisse
695 1055 755 1090 locum
762 1054 849 1090 istumvad

148 1110 237 1142 honorem
252 1108 332 1142 nominis
349 1108 386 1142 mei
401 1113 419 1142 et
434 1107 530 1142 Michaelis
544 1108 647 1151 archangeli
664 1108 706 1142 mei.
728 1107 752 1142 Et
766 1108 801 1142 hoc
817 1107 850 1143 tibi

148 1162 232 1206 signum:
246 1161 345 1197 Brachium
352 1167 404 1197 tuum
414 1161 508 1196 sinistrum
516 1167 591 1205 arescet,
599 1162 658 1196 donec
666 1171 702 1206 que
710 1159 771 1196 vidisti
778 1171 850 1196 annun-

148 1215 226 1250 ciaueris
238 1214 324 1249 fratribus
337 1215 378 1258 tuis,
391 1221 409 1250 et
422 1216 482 1250 denuo
496 1215 531 1249 huc
543 1215 637 1249 redieris.”
661 1215 684 1249 Et
695 1215 762 1249 sactum
774 1220 803 1249 est
814 1215 850 1250 ita?

122 1277 141 1299 πο
150 1269 223 1313 Elapsis
234 1273 276 1311 post
288 1268 322 1302 hec
333 1267 402 1312 aliquot
413 1268 467 1302 annis
478 1274 543 1302 nature
555 1268 616 1310 cessit,
624 1273 642 1303 et
654 1268 773 1312 sepulturam,
785 1268 850 1312 angelo

149 1325 269 1362 monstrante,
282 1320 393 1365 flammaque
405 1321 480 1364 ingente
492 1322 516 1355 de
528 1321 593 1355 eodem
609 1321 650 1355 loco
663 1320 733 1355 cunctis
745 1320 851 1355 videntibus

149 1380 264 1417 erumpente,
275 1374 295 1407 in
305 1379 378 1408 vetusta
391 1374 469 1409 ecclesia
483 1374 502 1408 in
515 1375 591 1408 dextra¹
602 1379 656 1419 parte
669 1374 732 1408 altaris
744 1374 851 1418 promeruit,

150 1426 200 1461 Obiit
212 1431 273 1459 autem
282 1426 373 1470 (bearunt
381 1427 471 1461 Patricius
482 1437 531 1461 anno
539 1427 592 1461 etatis
600 1438 633 1460 sue
641 1427 741 1461 centesimo
749 1427 851 1468 vndecimo,

149 1478 280 1514 incarnationis
286 1490 330 1514 vero
337 1479 429 1514 dominice
435 1478 615 1524 quadringentesimo
623 1478 758 1524 septuagesimo
764 1480 851 1523 secundo,

123 1542 141 1574 25
150 1532 181 1577 qui
189 1532 222 1567 suit
232 1543 292 1566 annus
302 1543 327 1566 ex
334 1543 370 1576 quo
381 1532 400 1566 in
409 1532 518 1567 Hiberniam
528 1532 597 1567 missus
607 1538 636 1567 cst
646 1532 798 1577 quadragesimus
808 1544 852 1577 sep·

150 1586 210 1620 timus.
233 1585 330 1628 Siquidem
343 1596 391 1619 anno
405 1585 496 1620 dominice
511 1585 640 1620 incarnationis
654 1585 783 1620 trecentesimo
797 1597 852 1621 sexa·

149 1638 221 1681 gesimo
228 1639 288 1681 primo
297 1638 385 1672 Patricius
393 1638 412 1671 in
420 1639 480 1672 lucem
487 1639 543 1679 venit,
551 1644 569 1672 et
577 1649 625 1673 anno
633 1638 702 1673 domini
710 1639 852 1683 quadringente-

150 1690 197 1724 simo
209 1689 296 1723 vicesimo
311 1689 374 1733 quinto
387 1700 398 1723 a
410 1689 503 1724 Celestino
515 1701 564 1734 papa
578 1691 596 1724 in
609 1690 717 1725 Hiberniam
732 1691 799 1725 missus
814 1691 853 1725 fuit.

151 1743 188 1778 Hic
201 1744 251 1777 enim
264 1749 303 1777 erat
318 1753 377 1777 annus
391 1741 443 1777 etatis
458 1754 492 1778 sue
507 1743 634 1788 sexagesimus
649 1748 736 1787 quartus:
754 1748 772 1778 et
787 1743 852 1788 ann[o]

123 1806 143 1837 3⁰
152 1796 222 1831 domini
232 1796 428 1841 quadringentesimo]
438 1796 546 1841 tricesimo]
555 1797 637 1841 teni[0]³
646 1797 754 1832 Hiberniam
764 1798 787 1831 ad
796 1798 852 1832 fidem

151 1849 219 1885 Christi
231 1850 325 1891 conuertit,
334 1854 352 1883 et
363 1855 428 1894 postea
439 1850 458 1884 in
471 1850 585 1885 Britanniam
596 1861 689 1892 reuersus,
699 1850 774 1895 triginta
785 1861 853 1885 nouem

150 1912 209 1937 annos
225 1901 244 1936 in
260 1902 320 1936 insula
331 1902 423 1937 Aualonie
437 1903 509 1938 durauit
523 1909 546 1946 et,
558 1909 578 1938 vt
592 1903 709 1948 premittitur,
722 1914 771 1936 anno
784 1903 854 1937 domini

151 1955 332 2000 quadringentesimo
351 1954 488 1999 septuagesimo
508 1957 589 1991 secundo
608 1957 632 1991 ad
649 1957 744 1991 dominum
763 1955 854 2001 migrauit.

151 2008 251 2054 Requieuit
262 2014 323 2042 autem
334 2009 354 2042 in
365 2013 442 2051 vetusta,
453 2010 484 2042 vbi
496 2010 580 2053 sepultus
591 2008 630 2051 fuit,
642 2009 720 2043 ecclesia
731 2009 854 2053 septingentis

123 2072 143 2105 35
151 2063 216 2097 decem
222 2061 275 2097 annis
281 2063 287 2081 ⁴
292 2062 433 2105 (⁵etsecundum
439 2061 544 2106 opinionem
549 2063 680 2097 modernorum
685 2067 760 2097 sanctus
766 2060 854 2097 Patricius

152 2120 171 2149 et
178 2120 253 2151 sanctus
262 2114 362 2159 Benignus,
368 2116 470 2159 discipulus
478 2126 528 2156 suus,
535 2115 595 2150 iacent
603 2116 622 2149 in
628 2127 665 2150 vno
673 2115 741 2149 scrinio
747 2126 771 2150 ex
779 2114 854 2150 australi

152 2174 204 2212 parte
218 2167 285 2201 summi
298 2168 361 2201 altaris
374 2168 394 2201 in
407 2167 525 2210 Glastonia⁵).
547 2168 617 2202 lDanis
630 2167 680 2202 enim
693 2168 853 2202 Nerthumbriam³

151 2221 195 2263 igne
205 2225 223 2253 et
234 2221 283 2252 ferro
294 2221 413 2262 vastantibus,
425 2221 484 2262 Ticca,
494 2221 566 2254 illarum
577 2220 656 2264 partium
666 2221 729 2262 abbas,
741 2221 854 2255 Glastoniam

151 2272 202 2307 venit
210 2277 228 2305 et
236 2271 285 2304 illam
293 2272 390 2306 ecclesiam
398 2283 446 2306 anno
454 2272 524 2306 domini
532 2272 696 2315 septingentesimo
702 2273 854 2316 quinquagesimo

124 2337 145 2368 qo
152 2329 217 2370 quarto
229 2324 300 2358 abbatis
311 2324 351 2358 iure
362 2326 421 2359 rexit:
435 2330 454 2359 et
465 2336 528 2359 secum
540 2325 598 2359 attulit
609 2325 696 2370 reliquias
707 2324 765 2360 sancti
776 2324 855 2359 Aidani⁸

153 2378 241 2423 episcopi,
253 2388 331 2421 corpora
345 2383 449 2413 sanctorum
464 2377 545 2421 Colsridi,
557 2378 651 2414 Benedicti
667 2379 738 2422 Biscob,
750 2377 855 2420 Esterwini‚

172 2476 177 2493 ¹
185 2474 202 2505 T.
208 2476 280 2505 dextera.
321 2474 364 2505 ⁹om.
370 2474 386 2504 in
392 2474 410 2504 T.
449 2474 455 2493 ³
465 2474 482 2504 T.
491 2475 509 2506 Ε,
517 2485 590 2506 annus..
598 2476 760 2515 quadringentesimus
766 2476 855 2507 tricesimus

153 2514 213 2546 tertius.
234 2514 240 2530 ⁴
251 2514 295 2545 WM.
304 2515 352 2545 adds:
363 2516 438 2551 usquead
445 2516 568 2544 combustionem
576 2517 646 2545 eiusdem
654 2517 725 2545 ecclesie.
748 2517 773 2534 Μ
779 2516 831 2545 added
838 2516 855 2544 in

152 2554 268 2592 E,;om.inT.
288 2553 587 2593 ⁶Allthesollowingisimpertinent.
607 2555 769 2586 7T.northimbriam.
789 2554 854 2585 Β41011,

153 2596 183 2632 Gt,
191 2603 206 2632 p,
215 2595 249 2630 106,
256 2593 301 2632 gives
308 2594 355 2624 other
361 2594 411 2623 relies.
