1762 2803
111 121 155 166 472
187 185 188 188 Ἴ
304 109 384 161 muta
400 105 516 169 tantuna
531 105 624 168 unctio

113 239 197 264 mensam
206 230 273 264 sedens
285 230 388 273 lachrymas
396 229 453 272 fudit3
464 229 514 264 vasis
522 228 587 273 ligneis
595 231 614 262 et
621 227 690 270 testeis,
701 232 718 263 et
730 229 815 263 cocleari-

113 283 148 316 bus
167 287 237 316 tantum
256 282 328 317 corneis
343 287 402 325 vtens,
418 293 492 317 omnem
508 282 571 316 mundi
586 283 685 316 vanitatem
705 282 782 316 exclusit
797 288 815 317 et

113 335 229 371 metallorum
237 336 387 380 superfluitatem.
410 336 454 370 Post
462 347 545 370 mensam
553 335 631 378 lectioni,
639 335 716 370 orationi
726 347 814 380 sacreque

114 388 226 423 meditationi
234 389 313 423 indulsit.
337 389 360 423 Et
368 395 406 423 toto
415 389 459 423 anni
464 389 530 423 circulo
535 389 630 432 equalibus
636 393 689 423 vtens
696 388 814 431 indumentis,

97 456 105 484 5
114 453 148 476 nec
156 441 210 484 plura
217 441 236 475 in
244 442 305 475 hieme
313 453 347 476 nec
358 443 445 485 pauciora
453 443 472 475 in
481 440 539 475 estate
548 441 631 484 quesiuit.
655 441 749 484 Rogerum
758 452 815 485 quen-

114 495 155 528 dam
172 504 195 527 ex
210 494 248 528 filio
263 501 335 538 patrem
352 500 370 529 et
385 506 409 528 ex
424 494 513 538 discipulo
529 494 636 538 magistrum
652 494 687 528 sibi
702 494 784 537 prefecit,
797 498 815 528 et

114 547 236 581 obedientiam
244 548 269 580 illi
278 548 346 581 faciens
356 547 438 581 habitum
446 548 553 581 canonicum
565 546 650 591 suscepit.
695 539 747 582 Cum
755 542 816 580 autem

113 604 188 634 sanctus
196 599 277 635 Thomas
288 601 332 635 exul
342 600 361 635 in
373 600 431 635 Gallia
440 605 565 641 moraretur,a
576 600 664 634 ministris
675 600 730 643 regiis
740 600 815 634 multam

114 658 166 687 trans
174 663 225 687 mare
231 654 328 698 pecuniam
337 659 399 688 contra
406 658 513 698 preceptum
522 652 570 698 regis
579 659 642 687 sancto
651 652 737 697 episcopo
743 653 816 687 misisse

88 721 106 741 ιο
115 711 192 740 notatur.
215 706 314 751 Coactique
323 712 366 741 sunt
376 711 413 741 tam
423 708 464 751 ipse
475 717 530 750 quarn
538 716 603 740 omnes
614 707 732 740 cenobiorum
741 716 816 740 suorum

114 760 203 803 prepositi
210 765 229 792 et
236 765 363 802 procuratores
371 770 433 793 coram
441 759 531 793 iudicibus
539 759 588 803 regis
596 758 694 793 assistere:
704 763 816 804 propterque

114 810 154 843 eius
162 810 277 844 sanctitatem
286 811 366 844 oblatum
374 816 402 844 est
411 812 427 843 ei
438 815 458 844 vt
469 811 545 853 prestito
557 814 672 843 sacramento
682 810 738 842 iidem
748 809 815 843 faceret

114 860 179 894 falsum
195 870 236 893 esse
252 860 300 902 quod
315 866 422 903 suggestum
436 865 479 893 erat.
503 860 536 893 Ille
547 870 597 901 vero,
611 859 653 902 quia
668 859 687 892 id
699 860 718 892 in
732 859 816 893 iniuriam

115 911 192 946 ecclesie
200 913 316 955 redundaret,
323 912 388 955 renuit,
395 913 466 947 malens
473 913 535 947 subire
544 912 619 947 exilium
627 923 681 957 quam
690 912 726 947 tale
733 918 817 957 prestare

88 979 105 1007 15
115 966 243 1000 iuramentum.
266 967 362 1010 Suspensa
373 966 433 1011 itaque
443 967 473 1000 diu
484 966 580 1008 sententia,
589 977 630 1000 cum
638 965 707 1000 iudices
715 966 766 1000 illum
774 976 817 1000 con-

115 1019 217 1064 dempnare
232 1019 328 1054 timerent:
344 1020 517 1063 superuenientibus
533 1019 598 1053 litteris
612 1019 667 1062 regis,
678 1030 720 1053 curn
737 1019 775 1053 suis
794 1020 817 1053 ad

115 1072 248 1107 monasterium
257 1083 311 1107 suum
321 1072 381 1106 redire
391 1072 507 1116 permittitur.
551 1065 636 1107 ¹Vexato
646 1072 743 1117 aliquando
755 1079 817 1107 sancto

115 1126 155 1159 viro
169 1125 229 1159 valida
243 1126 300 1166 febre,
316 1126 393 1159 accessit
408 1125 481 1168 quidam
497 1126 520 1158 ad
535 1136 577 1158 eum
593 1125 707 1168 compatiens
723 1126 753 1157 illi,
784 1125 818 1158 Cui

116 1183 203 1213 sanctus:
216 1177 325 1222 ‘Numquid
333 1177 362 1221 ait,
371 1177 445 1212 sensisti
457 1184 525 1223 quanta
537 1184 565 1212 est
577 1178 655 1212 febrium
666 1179 770 1213 anxietast’
794 1179 817 1213 Et

88 1245 106 1264 ιο
115 1231 155 1266 ille:
169 1231 231 1264 ‘Non'
255 1232 337 1274 Cumque
349 1231 441 1274 quesisset
452 1237 526 1265 sanctus
538 1242 561 1264 an
573 1231 635 1265 febres
646 1231 687 1265 illas
698 1231 737 1265 vice
749 1242 787 1274 sua,
797 1237 817 1266 vt

115 1284 155 1328 ipse
168 1283 282 1325 liberaretur,
294 1285 349 1318 vellet
362 1284 462 1329 suscipere,
475 1290 493 1318 et
506 1284 537 1318 ille
549 1284 649 1327 annuisset,
663 1295 718 1319 mane
733 1285 818 1329 sequenti

115 1337 212 1383 corripitur
219 1338 270 1372 febre
278 1338 333 1372 homo
340 1338 376 1379 ille,
384 1344 437 1382 patre
447 1343 511 1372 sancto
521 1339 596 1372 omnino
608 1338 688 1372 liberato.
733 1332 817 1384 Quidam

115 1392 173 1425 sancti
183 1391 240 1434 patris
250 1392 327 1435 pedules
337 1391 356 1424 in
366 1392 444 1435 pedibus
454 1397 535 1435 gestans,
544 1402 554 1425 a
564 1391 645 1434 podagra
655 1401 690 1434 qua
702 1390 817 1425 detinebatur

116 1444 191 1477 omnino
198 1444 295 1485 liberatum
308 1449 325 1477 et
333 1445 379 1476 alter
387 1444 492 1476 febricitans
504 1454 528 1477 ex
538 1443 604 1486 ciphoe
612 1445 669 1477 sancti
678 1445 757 1487 potando
765 1454 816 1478 cura-

89 1510 106 1537 ²5
116 1500 149 1530 tur.
200 1488 250 1530 Cum
258 1502 317 1529 autem
326 1495 400 1530 flamma
408 1495 456 1539 ignis
463 1496 580 1530 inualesceus
588 1496 667 1539 hospitio
675 1496 733 1530 sancti
742 1497 818 1530 Gilberti

116 1549 278 1592 appropinquaret,
286 1553 304 1582 et
316 1548 346 1581 ille
358 1548 442 1582 residens
453 1547 473 1582 in
485 1548 566 1582 fenestra
577 1553 638 1582 oraret
647 1553 665 1581 et
675 1549 767 1592 psalleret,
775 1559 818 1583 mox

116 1602 193 1636 alteram
208 1606 279 1646 partem
294 1601 359 1636 domus
375 1601 449 1635 flamma
464 1601 572 1646 depascens,
586 1602 626 1636 eius
639 1602 751 1646 presentiam
766 1603 819 1648 quasi

117 1655 221 1689 abhorrens
236 1655 286 1688 illam
298 1655 329 1688 vbi
342 1655 410 1688 resedit
425 1660 497 1699 partem
509 1656 634 1697 transuolauit,
648 1661 666 1689 et
678 1655 765 1689 viciniora
780 1657 819 1690 loca

117 1708 259 1752 circumquaque
265 1706 361 1752 arripiens,
368 1707 403 1741 alia
411 1707 498 1752 hospitis³
507 1708 578 1742 edificia
584 1708 651 1743 intacta
656 1708 732 1752 reliquit.
760 1704 819 1743 Anno

89 1775 108 1803 30
117 1767 177 1795 autem
193 1761 262 1794 domini
277 1760 374 1794 millesimo
390 1760 491 1794 centesimo
506 1761 685 1804 octuagesimonono,
701 1767 719 1795 et
733 1762 770 1795 vite
785 1773 819 1795 sue

116 1813 276 1854 centesimosexto,
289 1818 364 1846 sanctus
380 1813 409 1846 dei
426 1823 493 1846 seruus
512 1813 612 1856 Gilbertus,
625 1813 712 1856 operibus
729 1813 783 1847 bonis
801 1819 819 1847 et

116 1865 207 1912 exemplis
215 1866 286 1909 plenus,
295 1865 369 1900 celestia
376 1870 476 1909 penetrans
487 1865 545 1909 pridie
553 1876 611 1900 nonas
621 1865 712 1908 februarii,
720 1866 739 1899 in
748 1877 819 1901 monas-

116 1920 161 1955 terio
172 1918 322 1962 Sempinghamie
331 1919 353 1952 ab
362 1931 384 1953 eo
392 1919 467 1953 fundato
476 1931 517 1952 cum
525 1921 595 1953 honore
605 1920 697 1964 sepelitur.
721 1921 819 1954 Canoniza-

116 1979 146 2008 tus
154 1978 182 2008 est
190 1977 250 2006 autem
258 1972 302 2006 etin
311 1978 416 2006 sanctorum
427 1973 520 2016 cathalogo
532 1973 623 2017 ascriptus
634 1984 645 2006 a
655 1985 704 2017 papa
712 1973 820 2008 innocentio

89 2033 107 2062 35
116 2037 165 2060 anno
177 2024 246 2059 domini
257 2024 355 2059 millesimo
367 2025 580 2069 ducentesimosecundo,
592 2032 610 2060 et
624 2027 688 2061 eodem
701 2035 754 2069 anno,
767 2028 820 2062 tertio

116 2081 157 2114 idus
163 2080 242 2114 octobris
247 2090 313 2122 corpus
318 2079 357 2113 eius
366 2079 388 2112 de
397 2084 446 2112 terra
454 2080 561 2113 translatum
568 2079 586 2113 in
593 2080 660 2113 scrinio
665 2081 764 2124 reponitur.
796 2074 819 2115 lu

116 2138 169 2167 nocte
175 2143 219 2166 vero
225 2132 274 2166 diem
282 2131 431 2176 [translationis]⁴
439 2143 472 2166 sue
478 2134 593 2176 precedente,
597 2132 682 2167 viderunt
687 2134 739 2168 multi
745 2134 819 2178 globum

116 2186 190 2230 igneum
202 2185 319 2224 immensum,
327 2184 391 2228 quasi⁵
402 2186 487 2219 candelas
495 2186 561 2219 multas
569 2185 623 2219 simul
634 2196 728 2228 accensas,
736 2186 788 2220 tertio
797 2188 819 2220 de

117 2240 156 2272 celo
168 2239 285 2277 descendere,
297 2242 315 2270 et
326 2247 400 2270 rursum
412 2238 513 2271 ascendere
525 2249 581 2281 supra
591 2243 659 2271 tectum
671 2239 746 2272 basilice
758 2244 820 2274 contra

89 2301 109 2330 40
117 2291 235 2335 sepulchrum
243 2289 294 2324 eius:
309 2294 326 2323 et
337 2289 390 2323 tertio
398 2290 450 2334 quasi
461 2292 534 2324 culmen
544 2292 621 2326 ecclesie
630 2298 727 2335 penetrare
738 2297 756 2327 et
764 2293 820 2326 intro-

117 2347 182 2380 cadere
200 2343 300 2379 videbatur.
331 2343 366 2378 Die
381 2354 425 2378 vero
441 2355 477 2389 quo
492 2345 574 2379 seculum
589 2345 667 2389 reliquit,
683 2346 754 2380 circiter
769 2346 819 2380 viros

117 2399 212 2442 religiosos
226 2398 358 2442 septingentos,
371 2402 389 2430 et
402 2408 476 2431 sorores
488 2397 582 2442 religiosas
597 2399 647 2433 mille
659 2399 773 2444 quingentas,
785 2400 819 2434 deo

116 2454 226 2487 famulantes
233 2451 310 2495 reliquit.

137 2528 141 2544 ¹
152 2528 187 2556 The
193 2527 276 2562 following
282 2527 295 2555 is
302 2527 373 2561 ruranting
380 2526 396 2554 in
404 2526 430 2554 the
438 2526 478 2555 Vita.
543 2527 549 2543 ²
562 2539 575 2550 =
583 2528 648 2563 scypho.
711 2527 716 2543 ³
728 2537 738 2557 r.
746 2526 820 2563 hospitii?

117 2566 122 2584 ⁴
133 2566 151 2596 T.
160 2566 177 2595 E.
185 2565 236 2595 obitus
243 2565 271 2595 sui.
312 2565 318 2583 ⁵
328 2566 345 2595 T.
353 2565 371 2596 E.
379 2571 394 2595 et
401 2566 450 2603 quasi.
