1762 2803
255 103 300 158 mr
315 101 415 155 &aaran
431 101 530 153 albano.
716 115 744 160 27

44 225 123 267 celestia,
137 224 230 259 solertiam
246 223 329 258 lectionis
344 228 362 257 et
375 222 484 267 vigiliarum,
497 221 623 257 auctoritatem
637 222 744 257 sacerdotii¹

44 280 118 323 dignam
130 277 252 321 redarguendi
263 277 354 321 superbos
366 282 384 310 et
395 281 485 319 potentes,
497 276 566 320 pariter
578 279 596 309 et
608 275 691 310 infirmos
703 285 746 309 con-

44 331 121 373 solandi,
132 343 153 365 ae
164 341 257 375 pauperes
268 330 364 364 recreandi
371 329 401 364 vel
413 328 524 363 defendendi
536 328 656 363 clementiam.
679 328 720 370 Qui,
727 334 746 362 vt

44 385 125 420 breuiter
138 384 195 417 multa
208 382 370 428 comprehendam,
382 387 471 427 quantum
483 382 505 416 ab
519 382 546 416 eis
560 381 590 427 qui
604 381 654 416 illum
666 381 746 416 nouere2

41 439 147 478 didicimus,
155 437 210 471 nichil
218 446 242 470 ex
250 437 336 471 omnibus
346 446 382 479 que
394 435 413 470 in
425 435 536 479 euangelicis
544 435 584 469 siue
594 434 699 478 apostolicis
707 433 746 467 siue
755 443 764 474 5

44 489 156 535 propheticis
170 488 236 523 litteris
248 488 330 523 iacienda
344 494 460 532 cognouerat,
472 488 607 532 pretermittere
614 487 625 529 ³,
637 488 670 521 sed
682 492 746 521 cuncta

44 554 77 588 pro
87 542 125 576 suis
133 542 202 576 viribus
210 542 297 586 operibus
308 542 384 586 explere
395 542 475 579 curabat.
504 541 545 576 Hec
555 540 574 575 in
585 541 656 586 prelato
667 539 747 575 antistite

44 596 121 630 multum
136 595 248 639 complector
260 600 278 628 et
292 605 340 636 amo,
352 595 395 638 quia
410 594 496 629 nimirum
509 595 543 629 hec
556 595 591 629 deo
603 594 694 639 placuisse
710 604 747 627 non

44 649 120 693 ambigo.
143 649 197 691 Quod
204 654 265 683 autem
274 649 344 693 pascha
354 660 391 684 non
402 660 435 684 suo
446 654 530 693 ternpore
541 649 657 689 obseruabat,
663 647 693 682 vel
705 658 748 682 can·

44 702 116 737 onicum
125 701 164 736 eius
172 708 246 746 tempus
253 702 346 746 ignorans,
353 703 383 737 vel
394 713 428 737 sue
439 702 499 747 gentis
510 702 621 749 auctoritate,
629 712 653 735 ne
664 702 745 744 agnitum
756 712 775 733 ro

44 760 158 796 sequeretur,
173 755 260 796 deuictus,
272 765 309 788 non
323 756 405 798 approbo
420 764 454 787 nec
467 755 527 787 laudo.
555 754 576 786 In
588 764 625 797 quo
638 758 700 786 tamen
712 753 747 786 hoc

44 806 126 851 approbo
140 807 188 850 quod
200 807 218 841 in
233 807 355 842 celebratione
366 807 395 841 sui
406 808 475 851 pasche
487 817 524 841 non
537 807 586 841 aliud
599 807 655 840 corde
668 806 747 847 tenebat,

44 860 165 894 venerabatur
177 865 195 894 et
209 860 320 904 predicabat,
331 871 387 904 quana
399 861 448 903 quod
461 871 506 895 nos:
522 860 541 894 id
554 865 588 906 est,
600 859 747 903 redemptionem

44 911 118 956 generis
129 912 205 947 humani
217 923 252 958 per
264 912 376 957 passionem,
389 913 546 962 resurreccionem
559 917 577 947 et
588 912 716 947 ascensionem
728 911 746 946 in

44 966 93 999 celos
101 966 207 1000 mediatoris
214 967 243 1001 dei
251 971 270 1002 et
278 967 372 1001 hominum
381 966 461 1001 hominis
469 965 537 1001 Christi
546 965 594 1000 lesu.
612 966 666 1000 Vnde
674 971 692 999 et
700 965 747 1000 hane
756 974 775 1005 15

44 1029 86 1058 non,
94 1024 113 1050 vt
121 1018 194 1062 quidam
203 1019 248 1052 salso
259 1020 361 1063 opinantur,
369 1024 432 1063 quarta
444 1019 515 1053 decima
526 1019 569 1053 luna
580 1019 599 1052 in
611 1018 691 1062 qualibet
702 1018 747 1052 seria

44 1081 86 1104 curn
99 1070 165 1113 Iudeis,
177 1072 210 1105 sed
223 1071 253 1106 die
266 1071 357 1106 dominica
370 1082 446 1116 semper
457 1072 522 1115 agebat
533 1083 544 1105 a
555 1071 598 1105 luna
613 1070 748 1116 quartadecima

44 1135 102 1168 vsque
113 1125 136 1158 ad
144 1124 255 1167 vicesimam,
262 1131 339 1169 propter
346 1125 402 1159 fidem
408 1125 493 1160 videlicet
505 1125 597 1159 dominice
608 1125 747 1159 resurrectionis

44 1187 99 1220 quarn
109 1177 169 1219 prima
180 1177 251 1211 sabbati
261 1177 332 1219 factam,
344 1183 457 1222 propterque
468 1188 521 1223 spern
534 1183 596 1212 nostre
608 1177 747 1212 resurrectionis

45 1230 126 1273 [quamP
137 1231 203 1266 eadem
211 1230 270 1275 prima
277 1230 353 1272 sabbati,
361 1242 397 1276 que
405 1242 453 1266 nunc
464 1231 504 1266 dies
513 1230 604 1265 dominica
616 1230 686 1272 dicitur,
696 1242 747 1265 vera·
757 1245 776 1266 ao

45 1282 89 1317 citer
103 1283 187 1326 suturam,
202 1295 243 1318 eum
256 1290 319 1320 sancta
334 1285 410 1320 ecclesia
422 1286 518 1320 credebat.¹
553 1277 623 1320 Cetera
634 1295 679 1319 vero
693 1284 747 1319 huius

44 1337 102 1370 sancti
110 1337 196 1371 antistitis
204 1343 256 1382 gesta
266 1338 285 1371 in
292 1338 334 1372 vitis
346 1344 451 1372 sanctorum
459 1338 541 1372 Osrvaldi
550 1343 568 1372 et
576 1338 646 1373 Oswini
657 1349 721 1382 regum
730 1343 748 1372 et

44 1390 102 1425 sancti
111 1391 206 1425 Cuthberti
213 1391 296 1435 episcopi
304 1392 371 1426 deuote
379 1392 475 1436 requirens
482 1392 546 1427 videre
554 1397 620 1435 potest.

339 1479 467 1533 llNarrjrtio⁵¹

66 1537 124 1581 Circa
131 1557 201 1581 annum
209 1547 278 1582 domini
291 1547 315 1582 M.
324 1547 349 1582 ix.
360 1547 380 1582 C.
391 1548 422 1582 iii.l
433 1553 485 1582 erant
496 1548 515 1582 in
526 1548 617 1583 Vannetis
628 1547 701 1583 ciuitate
712 1549 749 1583 duo

45 1598 110 1641 elerici,
118 1601 200 1634 nondum
210 1600 321 1644 patientibus
330 1602 383 1636 annis
394 1601 497 1645 presbiteri,
505 1601 570 1635 litteris
581 1602 648 1635 affatim
660 1602 748 1643 instructi,
757 1613 776 1644 25

44 1651 92 1685 inter
103 1662 124 1686 se
135 1654 212 1688 multum
224 1654 283 1688 amici.
306 1654 338 1688 Hii
350 1660 423 1699 pactum
433 1654 512 1689 inierunt
523 1654 571 1690 inter
579 1665 599 1689 se
607 1661 626 1690 vt
634 1655 675 1699 quis
684 1666 748 1691 eorum

44 1705 95 1748 prior
109 1711 217 1747 moreretur,
233 1707 285 1740 alteri
298 1707 328 1741 vel
342 1707 424 1752 vigilanti
438 1708 468 1742 vel
481 1708 579 1742 dormienti
592 1714 689 1752 appareret
702 1709 749 1743 inira

45 1757 118 1801 triginta
129 1759 174 1802 dies,
186 1760 227 1794 data
238 1766 350 1805 acceptaque
361 1761 450 1805 corporali
462 1761 504 1796 fide,
527 1762 568 1795 Non
581 1762 638 1795 multo
648 1767 690 1805 post
701 1772 749 1797 vnus

45 1811 94 1845 obiit:
100 1817 118 1845 et
123 1812 215 1847 tricesimo
220 1812 249 1847 die
254 1813 310 1847 astitit
315 1813 367 1848 alteri
373 1813 454 1857 vigilanti
460 1819 478 1849 et
484 1814 546 1848 nescio
551 1814 594 1857 quid
601 1814 662 1858 operis
667 1815 749 1849 molienti

45 1869 132 1905 mortuus,
144 1865 195 1898 vultu
208 1866 297 1909 exsangui
311 1872 329 1899 et
341 1867 414 1910 pallido.
442 1866 478 1908 Qui
489 1865 540 1910 prior
550 1866 613 1900 viuum
624 1867 748 1911 compellans:
757 1878 777 1907 30

45 1915 141 1959 ‘Agnoscis
146 1917 264 1961 met¹inquit
276 1918 373 1962 ‘Agnosco
378 1919 403 1953 ait
408 1919 443 1960 ille,
449 1924 467 1953 et
473 1919 529 1953 miror
535 1920 584 1963 quod
589 1923 626 1954 tam
632 1918 662 1953 diu
668 1925 749 1954 moratus

45 1970 110 2006 tueris?
135 1969 167 2004 Ille
177 1970 229 2015 prius
239 1982 329 2006 excusans
340 1982 416 2015 moram,
428 1972 502 2007 tandem
514 1972 548 2008 ait:
563 1972 655 2007 ‘Tandem
664 1973 724 2015 venio,
731 1980 749 2009 et

44 2022 135 2057 aduentus
143 2033 200 2065 meus,
209 2023 224 2058 si
232 2024 354 2065 volueris,tibi
362 2026 393 2059 fiet
399 2027 492 2066 comodus¹
500 2025 555 2059 miehi
563 2036 608 2060 vero
616 2025 748 2061 infructuosus:

45 2084 87 2109 nam
101 2076 219 2121 sempiternis
231 2077 328 2122 deputatus
338 2089 379 2112 sum
390 2078 495 2123 suppliciis.¹
519 2079 573 2122 ‘qu
584 2078 609 2113 ait
620 2078 671 2120 alter,
683 2078 749 2113 iuuabo

45 2133 62 2161 te
74 2130 165 2172 precibus,
176 2129 253 2171 ieiuniis,
261 2135 279 2163 et
290 2130 396 2165 elemosinis
405 2131 477 2166 multis·
501 2131 524 2165 Et
534 2131 575 2166 ille:
587 2131 641 2166 ‘Sine
649 2131 748 2175 penitentia
757 2142 776 2172 35

45 2188 87 2216 sunt
94 2183 160 2217 iudicia
168 2183 197 2217 dei
205 2183 223 2216 in
232 2183 308 2217 inferno.
331 2184 380 2217 Dum
390 2189 437 2217 rotat
446 2189 496 2218 astra
502 2185 561 2228 polus,
569 2185 613 2218 dum
620 2184 681 2228 pulsat
689 2184 749 2218 littora

45 2241 118 2278 pontus,
130 2246 163 2280 pro
175 2235 281 2271 criminibus
292 2236 358 2281 puniar
368 2236 419 2271 meis.
449 2237 470 2271 Si
479 2242 527 2271 totus
537 2236 616 2271 mundus
628 2237 652 2270 ad
667 2237 749 2272 remedia

45 2295 167 2332 concurreret,
175 2294 240 2324 eterna
246 2295 307 2323 tamen
315 2294 334 2323 et
339 2289 436 2323 innumera
443 2300 533 2334 penarum
539 2299 607 2333 genera
613 2289 676 2334 patiar.
699 2290 723 2324 Et
730 2297 750 2326 vt

45 2339 124 2385 aliquam
137 2353 160 2377 ex
172 2343 219 2378 meis
232 2352 327 2387 agnoscas,
339 2353 362 2377 en
372 2344 429 2377 vna’:
443 2342 573 2386 Protenditque
586 2352 662 2378 manum
674 2343 749 2379 sanioso

45 2392 105 2429 vlcere
119 2396 222 2438 stillantem,
236 2402 254 2431 et
269 2401 307 2431 tres
321 2400 382 2441 guttas
397 2406 510 2441 supereum
525 2394 605 2440 proiecit,
621 2407 699 2441 quarum
713 2398 778 2439 duero

45 2446 140 2492 timperal,
147 2460 184 2483 vna
195 2450 274 2484 frontem
286 2450 417 2493 contingentes,
425 2454 485 2483 cutem
496 2448 543 2483 sicut
554 2448 611 2493 ignito
622 2450 681 2484 iaculo
691 2461 750 2495 pene-

65 2514 179 2549 ¹r.sacerdote.
208 2518 314 2550 ²E.nouisse.
330 2518 493 2557 ³E.pretermitteret.
519 2517 608 2549 *ominPL
637 2519 749 2552 ’FromVinc

45 2555 84 2586 taen
91 2559 137 2596 Spec.
142 2559 178 2591 hist.
185 2559 236 2589 XXV.
241 2561 266 2598 89.
291 2559 297 2576 ⁶
307 2559 325 2590 T.
333 2558 429 2590 millesimum
436 2560 551 2598 nonagesimum
557 2561 625 2590 tercium.
648 2560 750 2599 ²=rempora
