1762 2803
234 146 395 204 btffiantto
410 147 542 202 fontano.
694 159 737 205 523

37 284 78 312 cum
91 272 122 307 diu
136 270 232 312 reluctans,
244 269 372 314 cogitationem
384 273 467 304 auertere
482 278 520 302 non
533 272 602 313 posset,
614 266 738 302 iuramentum

37 329 60 364 ad
68 323 196 367 sacram[enta]
203 323 209 342 ¹
217 333 252 367 que
261 323 349 356 tractabat
357 321 404 364 fecit,
413 322 462 355 nullo
473 331 494 355 se
504 320 583 366 amplius
592 325 646 365 pacto
653 319 671 353 id
679 330 739 363 genus

37 380 72 417 cibi
87 386 218 413 comessurum.
241 376 337 419 Completa
352 385 396 409 vero
410 375 472 417 missa,
487 374 592 418 impransus
607 373 630 408 ad
646 371 739 417 negotium

38 430 126 469 discessit.
154 428 221 464 Seculo
237 428 312 463 tandem
325 426 394 470 relicto,
406 426 426 462 in
441 426 553 462 monasterio
565 424 690 471 wigorniensi,
702 434 739 470 quo

38 491 90 532 pater
97 493 142 519 suus
152 481 247 524 seruierat,
258 481 359 516 monachus
371 481 452 521 effectus,
460 491 494 525 per
505 479 566 515 omnia
577 491 626 524 pene
637 479 671 513 loci
679 477 756 520 officia5

38 538 123 584 gradiens
138 537 161 570 ad
175 535 276 579 prioratum
289 534 377 569 ascendit.
411 534 491 575 Ieiuniis,
506 533 578 578 vigiliis,
594 539 612 567 et
627 532 739 566 orationibus

38 590 103 635 iugiter
117 588 205 630 indulsit;
224 598 281 632 super
295 597 391 622 scamnum
406 586 425 621 in
440 586 522 628 ecclesia,
534 586 580 621 libro
595 587 614 620 in
628 596 664 630 quo
677 585 740 619 orabat

38 643 91 686 capiti
105 641 205 684 supposito,
218 639 297 674 dormire
312 640 412 674 consueuit.
462 632 524 674 Nocte
539 638 588 673 enim
603 639 682 682 quadam
697 642 740 672 ante

38 697 93 730 altare
101 695 120 727 in
127 693 204 727 ecclesia
215 702 276 733 orans,
283 693 387 733 demonem,
395 692 418 726 ad
429 692 496 725 luctam
502 701 549 734 ¹eum
560 692 664 735 importune
674 699 740 734 prouo-

39 753 115 790 cantem,
124 745 219 790 quamuis²
227 745 313 790 passione
319 744 404 790 fatigatus
411 750 441 779 ter
448 745 573 789 complectens
581 743 685 789 prostrauit.
700 743 740 788 Ap·
750 758 769 781 ro

39 802 97 847 paruit
107 805 168 834 autem
175 799 201 833 illi
212 799 231 833 in
243 799 302 833 forma
312 799 410 834 seruientis
420 799 515 834 cuiusdam
526 799 550 832 de
561 799 616 839 curia,
624 809 679 841 quem
690 803 740 841 post-

39 855 113 889 modum
121 852 307 895 quotienszstanus
314 852 385 886 videret
392 852 486 895 expalluit,
494 853 517 885 ad
525 856 586 886 cetera
593 861 668 895 semper
675 850 740 884 timore

39 916 111 942 vacuus.
139 904 249 939 Affirmabat
262 904 312 939 enim
327 915 348 940 se
362 904 434 940 nescire
446 903 489 950 quid
503 908 553 939 esset
566 903 624 945 timor,
638 902 696 949 [qui]³
707 912 741 948 pro

39 960 116 994 fractura
124 958 185 1002 pontis
193 968 260 1003 equum
270 968 364 1003 nunquam
372 957 483 1000 descendit¹,
492 958 536 1003 quin
546 957 601 993 etiam
609 956 628 992 in
636 955 741 992 summitate

40 1012 148 1048 fabricarum
156 1017 275 1056 angustarum
283 1022 360 1047 securus
367 1012 465 1047 incederet.
501 1005 563 1048 “Cum
571 1016 654 1046 matrona
661 1011 740 1055 quedam
750 1025 768 1056 15

40 1063 166 1111 pulcherrima,
174 1064 241 1099 nobilis
251 1075 272 1099 ac
283 1064 341 1106 diues,
349 1064 368 1099 in
379 1064 544 1110 concupiscentiam
555 1064 595 1100 eius
605 1064 670 1099 insano
678 1074 740 1100 amore

40 1129 60 1152 ac
71 1117 131 1150 illicito
142 1117 219 1161 decepta
230 1117 249 1150 in
261 1122 331 1151 tantum
342 1124 440 1151 vexaretur
449 1124 469 1152 vt
479 1117 593 1161 temptationi
605 1117 691 1151 resistere
703 1127 740 1150 non

40 1169 114 1210 valeret,
122 1168 235 1203 desiderium
244 1180 298 1204 suum
306 1170 323 1204 ei
330 1170 394 1214 aperit,
402 1170 513 1215 suspirando
523 1175 574 1213 rogat
583 1174 600 1204 et
608 1174 647 1203 orat
655 1174 674 1204 vt
681 1169 741 1203 cubile

41 1233 99 1266 suum,
114 1222 208 1267 paululum
221 1222 282 1267 rigore
294 1224 399 1268 proposito⁸
411 1223 480 1259 inflexo
485 1223 497 1266 ²,
513 1224 623 1268 dignaretur.
651 1222 684 1257 llle
695 1232 740 1257 vero

40 1286 104 1311 vocem
116 1275 206 1310 funestam
219 1275 296 1310 ulterius
307 1286 345 1311 non
358 1276 425 1318 ferens,
438 1277 471 1311 sed
484 1286 570 1311 sermone
583 1275 675 1320 loquentis
686 1274 741 1310 inter·
750 1288 769 1310 1ο

42 1334 99 1373 rupto,
111 1333 130 1363 et
142 1328 188 1363 facto
200 1330 255 1364 fronti
268 1331 327 1364 crucis
340 1329 434 1374 signaculo
446 1329 502 1365 dixit:
522 1329 548 1365 ‘F
549 1341 590 1374 uge,
605 1328 669 1373 inquit,
682 1327 741 1364 fomes

41 1382 118 1424 lasciuie‚
126 1383 190 1416 mortis
202 1383 243 1425 filia,
251 1393 284 1417 vas
295 1383 392 1426 sathane’;
404 1384 513 1427 alapamque
523 1382 629 1418 muliercule
640 1387 691 1417 tanto
699 1382 740 1417 nisu

41 1435 125 1478 impegit⁸
132 1436 181 1478 quod
189 1435 270 1479 crepitus
278 1435 324 1470 illise
335 1436 396 1480 palme
404 1436 545 1482 circumquaque
552 1436 612 1470 audita
620 1435 659 1469 fuit.
674 1435 742 1480 Sioque

42 1488 86 1522 alter
102 1489 170 1533 Ioseph
189 1489 297 1523 muliebrem
314 1489 408 1524 lasciuiam
423 1490 484 1525 animo
502 1500 599 1534 respuens,
618 1499 674 1523 manu
693 1499 742 1524 com-

41 1542 132 1584 pescebat.
177 1534 255 1577 Solebat
262 1547 323 1576 autem
333 1543 397 1576 sedula
406 1543 504 1577 deuotione
514 1542 565 1576 omni
575 1542 666 1576 dominica
673 1541 742 1586 populo
751 1554 770 1586 ²5

42 1594 117 1629 verbum
125 1595 154 1628 dei
162 1595 268 1638 predicare:
277 1606 331 1638 quem
338 1595 394 1629 frater
401 1596 485 1639 quidam'
490 1596 593 1639 increpans,
600 1596 656 1630 solius
664 1596 743 1629 asseruit

42 1656 84 1680 esse
99 1647 190 1690 pontificis
205 1648 307 1691 predicare,
322 1649 413 1682 monacho
431 1649 525 1683 silentium
544 1654 562 1682 et
580 1648 679 1681 claustrum
694 1659 743 1682 corn-

42 1704 108 1743 petere.
137 1701 170 1735 Cui
185 1707 260 1736 sanctus
274 1701 381 1746 respondit:
401 1702 492 1737 ‘Verbum
506 1702 535 1737 dei
550 1706 628 1737 nonest
643 1701 743 1746 alligatum,

42 1751 122 1797 nihilque
137 1755 172 1788 deo
188 1754 257 1799 gratius
272 1766 327 1799 quam
343 1755 436 1790 Christum
452 1756 563 1790 annunciare
579 1755 704 1799 populumque
719 1755 742 1789 ab

42 1816 103 1841 errore
117 1807 148 1841 vie
165 1818 199 1842 sue
217 1811 327 1851 reuocare’;
346 1810 424 1853 ideoque
443 1819 464 1843 se
482 1819 519 1842 non
538 1809 654 1842 omissurum.
684 1808 742 1842 Nocte
751 1823 770 1852 ³0

43 1865 130 1901 sequente
143 1859 199 1895 frater
214 1860 245 1895 ille
257 1861 280 1895 ad
293 1861 371 1896 tribunal
384 1861 440 1906 ignoti
453 1861 518 1896 iudicis
531 1861 550 1895 in
560 1860 630 1895 visione
642 1861 712 1902 ductus,
724 1867 742 1895 et

43 1920 74 1944 cur
81 1922 157 1947 seruum
167 1925 222 1948 suum
232 1914 347 1959 obiurgasset
357 1916 471 1958 redargutus,
479 1914 498 1948 in
508 1914 633 1959 pauimentum
640 1914 702 1947 iussus
714 1920 742 1948 est

43 1965 98 1999 sterni
110 1971 128 2000 et
139 1967 185 2001 cedi.
212 1967 309 2002 Lachrime
321 1968 401 2002 enimin
413 1967 497 2008 maxillis,
508 1973 526 2003 et
538 1967 605 2002 liuores
616 1967 711 2002 euidenter
722 1966 742 2002 in

43 2019 121 2062 scapulis
135 2020 239 2065 euigilantis
252 2027 382 2065 apparuerunt.
410 2021 466 2056 Cuius
481 2020 583 2056 calamitate
598 2025 658 2055 motus
671 2019 700 2055 vir
712 2020 742 2055 dei

43 2070 188 2108 benedictionem
200 2074 217 2108 ei
229 2075 283 2117 dedit,
296 2080 314 2109 et
325 2075 385 2109 statim
397 2075 466 2109 sanitas
478 2074 495 2108 ei
506 2073 559 2108 rediit
571 2084 662 2118 omneque
674 2073 741 2108 doloris
750 2084 769 2115 35

42 2124 138 2167 vestigium
146 2127 255 2171 conquieuit.
299 2121 350 2163 Cum
358 2128 432 2171 quidam
442 2129 465 2162 de
476 2127 573 2171 campanili
585 2137 663 2171 preceps
675 2132 743 2169 rueret,

43 2173 137 2212 Wlstanus
151 2179 223 2214 eminus
235 2185 287 2215 stans
300 2186 318 2215 et
330 2179 404 2215 intuens
417 2179 509 2214 condoluit
521 2185 539 2215 et
551 2179 624 2224 signum
638 2178 697 2214 crucis
710 2190 743 2224 op·

43 2231 112 2272 posuit:
121 2243 212 2279 casusque
220 2245 257 2268 non
265 2234 324 2269 solum
334 2234 415 2279 [corpus]
422 2235 435 2253 ¹⁰
443 2234 513 2270 ruentis
523 2245 561 2269 non
569 2233 644 2276 attriuit,
652 2234 685 2268 sed
693 2233 743 2268 nec¹¹

43 2282 129 2328 animum,
143 2286 220 2330 frigente
233 2288 327 2331 sanguine,
341 2293 360 2322 vt
372 2288 424 2328 solet,
436 2287 521 2323 ebetauit.
543 2286 628 2323 Surrexit
642 2286 743 2328 incolumis,

43 2344 76 2370 sue
91 2345 179 2382 reputans
193 2340 290 2375 temeritati
305 2341 354 2386 quod
370 2340 440 2383 cecidit,
455 2347 473 2375 et
487 2340 568 2376 Wlstani
587 2340 677 2375 sanctitati
694 2340 772 2384 quodqo

44 2391 105 2424 euasit.
158 2386 230 2427 Tribus
243 2395 262 2427 in
276 2394 378 2427 ebdomada
391 2394 456 2428 diebus
468 2394 529 2428 omnis
542 2393 577 2427 cibi
589 2393 689 2433 abstinens,
701 2403 744 2436 per-

44 2445 98 2482 petuo
113 2443 195 2486 linguam
208 2446 288 2480 cohibuit
303 2446 386 2481 silentio:
401 2446 478 2491 reliquis
491 2446 549 2481 tribus
561 2456 627 2491 porros
640 2445 669 2481 vel
682 2445 744 2481 caules

63 2513 96 2546 ¹T.
104 2518 121 2549 E.
130 2527 196 2551 sacram⁴
247 2520 440 2559 ²T.E.quamuisillum.
487 2519 535 2552 'om
543 2520 584 2551 inT.
592 2521 611 2551 E.
670 2519 742 2550 ‘wat

44 2553 149 2588 descenderit„
244 2561 250 2579 ⁵
261 2560 285 2589 Cf.
292 2561 329 2591 Vita
336 2562 367 2591 and
375 2562 396 2591 H.
489 2560 495 2578 ⁸
505 2561 536 2592 Vit.
543 2560 625 2598 prepositi,
633 2560 654 2590 11,
661 2559 743 2598 propositi.

44 2590 50 2648 ἶ
60 2602 78 2623 50
84 2596 125 2634 Vit.;
136 2599 177 2630 Boll.
183 2600 211 2638 rig.
218 2600 306 2639 postposito
313 2601 380 2638 ingredi.
407 2600 413 2619 ⁸
423 2610 442 2632 so
449 2601 478 2639 H„
486 2601 516 2633 Vit.
523 2601 592 2639 infregit
617 2600 651 2632 ἐς.
658 2599 743 2631 Winn'cus.

50 2632 144 2669 “ominR
186 2641 350 2678 111Ξ.101;Τ.11οε.
