1762 2803
124 109 152 175 56
246 194 248 199 Α
313 120 393 173 uuna
408 118 525 182 totana
540 98 637 183 antra

123 242 157 276 hoc
170 241 241 283 seceris,
253 241 272 276 in
285 242 381 287 promissis
392 253 422 276 me
429 242 530 276 veridicum
542 248 585 277 tunc
596 243 699 287 probabis.’'
723 245 775 286 Quod
784 254 825 278 cum

123 296 153 329 illa
166 295 252 338 fecisseit,
264 295 314 330 venit
328 297 400 338 demon,
416 301 434 330 et
449 301 512 330 astans
523 307 583 340 prope
595 297 696 332 fenestram
708 309 744 342 qua
758 298 826 332 intrare

123 350 198 390 solebat,
207 354 225 382 et
231 349 365 392 introspiciens,
371 349 416 382 dixit
424 350 447 382 ad
454 348 504 382 illam
512 361 516 382 2
526 350 536 366 “
542 349 634 391 Quidnam
639 355 667 383 est
675 350 724 384 istud
732 350 826 385 horridum

123 406 140 435 et
149 404 242 445 putridum
250 403 298 445 quod
304 401 323 435 in
331 402 365 436 hac
373 402 408 436 ede
416 401 499 445 sparsisti
507 405 513 435 1
536 402 607 436 Proiice
615 403 720 446 quantotius
728 403 782 447 louge
790 414 801 437 a
808 409 827 437 te

105 462 113 489 5
123 459 141 487 et
149 466 159 487 a
167 456 221 488 domo
233 460 263 487 tua
275 453 354 487 inuisum
365 465 441 496 gramen
449 456 498 497 quod
507 454 540 488 tibi
551 455 670 497 applicuisti.¹¹
694 456 727 490 llla
735 468 779 491 vero
790 457 828 490 dis-

123 507 225 548 simulante,
237 517 286 540 nunc
297 507 352 540 minis
364 517 412 540 nune
424 506 519 540 blandiciis
530 513 550 540 vt
561 506 637 540 herbam
649 507 727 550 eliceret,
739 519 795 552 quam
806 519 827 543 se

123 560 199 594 horrere
205 559 274 594 diceret
280 559 291 600 ¹,
298 559 395 593 instantius
402 561 493 594 exorabat.
514 560 537 595 Et
544 571 585 594 eum
590 572 611 594 se
619 567 744 605 contemptum
750 561 827 604 videret,

123 614 185 648 minax
196 618 215 648 et
224 613 332 647 furibundus
344 614 426 648 recessit.
455 614 493 648 Nec
508 613 565 648 multo
578 620 620 658 post
632 614 682 649 affuit
692 615 742 657 alter,
752 615 826 651 dicens:

123 670 133 686 “
138 667 187 702 Vera
192 668 230 701 2-11ε
243 678 285 702 esse
298 666 376 702 didicisti
390 678 425 712 que
439 667 470 701 tibi
484 668 569 712 loquutus
582 672 636 703 sum?
657 668 709 702 Nunc
722 679 771 712 ergo,
783 669 826 703 dum

97 730 116 752 10
123 726 184 756 tecum
190 721 278 756 secretius
286 721 424 765 loquar,amoue
430 721 506 756 herbam
513 721 563 755 illam
571 733 574 756 :
584 726 649 766 etpost
655 722 757 756 discessum
765 733 827 757 meum

124 784 213 814 resumes,
225 775 267 816 quia
280 774 323 807 i11a³
338 776 478 808 conseruaberis
490 777 513 808 ab
526 775 598 809 insidiis
613 775 671 809 hostis
685 776 727 809 tui.''
751 776 781 809 Ad
793 776 826 809 hec

124 826 164 861 illa:
177 826 266 867 “Venies,
274 826 337 871 inquit,
346 827 362 860 si
370 826 416 861 velis
428 828 451 860 ad
463 837 503 861 me:
516 828 549 861 sed
561 826 638 861 herbam
650 827 704 861 istam
712 827 749 862 vita
760 827 827 862 comite

124 889 218 923 nunquam
231 879 311 914 reiiciam
322 891 333 913 a
343 882 390 913 me.’'
413 881 461 922 Quid
474 881 539 923 plura?
562 879 618 913 Post4
629 892 699 923 preces,
710 885 751 923 post
761 880 827 921 minas,

125 939 166 976 post
178 932 274 967 blanditias
288 933 432 967 circumuentum
443 944 454 966 a
466 933 543 967 muliere
555 944 575 967 se
586 933 657 974 videns,
665 934 684 967 in
696 944 749 967 auras
761 933 826 968 inanes

98 994 115 1023 15
125 986 199 1020 demum
208 985 286 1020 euanuit.
309 985 375 1020 Mulier
383 996 426 1020 vero
435 986 465 1020 in⁵
473 986 509 1021 fide
517 992 535 1020 et
543 986 641 1020 deuotione
648 998 669 1020 ac
675 988 723 1021 bona
729 997 827 1021 conuersa-

124 1038 174 1072 tione
188 1039 258 1080 melius,
269 1050 324 1082 quam
337 1040 395 1072 herba
407 1039 442 1081 illa,
456 1045 531 1080 armata,
541 1039 561 1073 in
576 1039 605 1073 dei
618 1039 683 1074 timore
693 1039 750 1074 vitam
763 1045 828 1083 postea

125 1090 176 1124 duxit
184 1091 280 1124 honestam
291 1095 309 1124 et
317 1091 397 1134 quietam
404 1094 412 1125 ’.
437 1092 518 1125 Vocatur
528 1097 588 1125 autem
597 1092 654 1125 herba
662 1091 692 1125 illa
703 1104 758 1135 grece
766 1092 827 1136 yperi-

124 1144 237 1185 chon,latine
243 1156 286 1178 vero
292 1145 296 1162 ‘
302 1144 360 1178 herba
366 1145 459 1187 perforata
465 1147 469 1164 ²
474 1144 514 1179 siue
523 1146 527 1163 ‘
533 1144 604 1188 [herba]
611 1144 668 1178 sancti
676 1144 763 1179 Iohannis
770 1144 827 1179 ’dicta

125 1203 157 1230 est.
166 1198 263 1231 Venenum
269 1198 319 1231 enim
325 1197 429 1242 specialiter
435 1209 544 1231 consumere
551 1197 622 1238 dicitur,
629 1197 669 1232 siue
674 1198 680 1218 ³
686 1197 741 1232 hibita
747 1198 786 1232 siue
793 1198 827 1233 alio

98 1261 117 1283 ao
124 1251 178 1285 modo
185 1255 263 1295 sumpta.
275 1250 328 1286 Valet
333 1252 388 1285 etiam
395 1251 465 1286 morsui
473 1250 558 1285 animalis
564 1250 654 1285 venenosi
660 1250 671 1293 ⁸,
678 1250 694 1285 si
702 1251 744 1284 trita
749 1256 767 1284 et
775 1250 827 1295 aquis

124 1309 225 1349 temperata
238 1305 314 1348 patienti
327 1306 381 1339 detur
392 1304 411 1338 in
423 1309 492 1348 potum.
536 1297 600 1339 ⁷Cum
613 1310 674 1338 autem
686 1310 761 1338 sanctus
772 1305 827 1349 Hugo

124 1358 207 1391 febribus
218 1358 332 1400 grauissimis
339 1362 444 1399 vexaretur,
453 1357 490 1391 suis
502 1357 537 1391 ait:
550 1357 657 1391 ‘Cernimus
669 1358 718 1391 enim
730 1357 828 1392 manifeste

124 1412 173 1455 quod
189 1410 208 1445 iu
221 1412 275 1445 breui
288 1410 355 1445 flebilis
370 1410 393 1445 sit
409 1410 479 1444 futurus
492 1414 550 1444 status
566 1409 643 1444 ecclesie
657 1409 757 1453 anglicane.
781 1410 828 1444 lllori

124 1464 179 1507 igitur
186 1465 238 1498 nohis
246 1465 312 1498 melius
321 1470 353 1504 est,
360 1475 414 1507 quam
420 1464 483 1498 viuere
489 1469 507 1497 et
512 1463 575 1497 uidere
584 1462 698 1497 imminentia
706 1462 766 1506 gentis
773 1463 827 1498 huius

97 1528 115 1557 ²5
125 1517 172 1550 mala
180 1522 198 1552 et
206 1523 316 1551 sanctorum.
340 1516 388 1549 Nam
400 1516 519 1559 proculdubio
528 1516 547 1549 in
559 1515 638 1558 posteris
647 1516 723 1549 Heurici
734 1516 783 1560 regis
793 1516 827 1549 im-

124 1571 183 1615 pleri⁸
196 1581 274 1604 necesse
286 1575 314 1604 est
327 1570 375 1614 quod
388 1569 478 1612 scriptura
489 1568 555 1603 dicitt:
573 1567 657 1612 “Spuria
667 1567 774 1603 vitulamina
790 1579 826 1603 non

125 1624 193 1658 dabunt
199 1624 270 1657 radices
276 1624 338 1663 altas‚’'
347 1629 365 1657 et
370 1624 405 1656 “ab
410 1623 472 1666 iniquo
478 1623 530 1656 thoro
536 1633 600 1655 semen
606 1621 773 1655 exterminabitur?
788 1621 827 1655 Sed

125 1681 143 1711 et
153 1688 187 1712 rex
198 1677 299 1710 modernus
309 1676 420 1710 Francorum
429 1680 513 1709 sanctum
520 1674 623 1719 genitorem
631 1685 685 1709 suum
694 1675 807 1708 Ludouicum
813 1675 826 1694 ¹⁰

124 1730 222 1764 ulciscetur
234 1730 253 1764 iu
265 1730 329 1764 sobole
338 1728 492 1773 preuaricationis,
501 1740 537 1772 que
544 1729 617 1762 thorum
626 1727 764 1762 immaculatum
772 1739 827 1772 repu-

98 1783 182 1820 godiauit
197 1783 273 1826 eiusque
287 1783 348 1816 emulo
362 1782 465 1825 Anglorum
476 1782 515 1825 regi
527 1781 619 1824 impudica
634 1782 711 1815 adhesit.
735 1782 827 1823 Quamob-

125 1846 165 1869 rem
180 1835 256 1878 gallicus
271 1836 302 1869 ille
315 1834 411 1878 Philippus
425 1835 494 1878 regiam
507 1834 611 1878 Anglorum
626 1833 650 1868 ita
666 1834 733 1870 delebit
745 1834 827 1878 stirpem,

125 1888 280 1932 quemadmodum
293 1888 326 1921 bos
337 1887 413 1921 herbam
426 1887 472 1921 solet
486 1897 544 1930 usque
553 1888 576 1921 ad
586 1886 657 1920 radices
670 1897 751 1930 carpere.
780 1887 827 1920 Nam
847 1922 849 1926 Α

125 1952 136 1975 a
144 1940 201 1976 Gallis
208 1946 246 1975 tres
254 1940 329 1985 ipsi[us]
335 1939 372 1973 nati
380 1940 429 1983 [iam]
435 1940 495 1974 abrasi
502 1945 550 1982 sunt,
557 1950 611 1983 reges
619 1939 703 1973 videlicet
709 1941 750 1980 duo,
757 1945 775 1973 et
780 1951 828 1974 vnus

126 1995 168 2030 dux.
191 1994 277 2037 Quartus,
284 1995 315 2038 qui
323 1999 413 2038 superest,
422 1998 491 2027 curtam
499 1993 572 2027 habebit
581 2003 645 2036 pacem
654 1993 676 2026 ab
685 1993 722 2026 eis.¹
769 1985 827 2028 Facta

97 2055 116 2086 35
126 2059 206 2092 namque
212 2050 235 2081 ab
240 2048 410 2091 omnibuspeccatis
415 2047 453 2081 suis
461 2059 507 2091 pura
512 2047 634 2089 consessione,
640 2057 682 2081 cum
687 2045 796 2081 eucharistia
804 2047 827 2082 ad

125 2104 186 2144 ipsum
194 2101 302 2141 deferretur,
311 2099 383 2134 obuiam
391 2100 445 2134 nudis
453 2101 526 2143 plantis,
534 2100 597 2142 cilicio,
605 2099 666 2134 tunica
678 2105 696 2134 et
708 2099 778 2134 cuculla
786 2112 828 2134 ves-

125 2154 173 2194 titus,
182 2153 271 2196 processit
279 2164 290 2186 a
298 2153 344 2186 lecto
353 2158 371 2186 et
376 2164 435 2196 genua
442 2153 518 2188 flectens
526 2153 669 2196 suppliciterque
675 2154 754 2186 adorans
760 2153 828 2187 diutius

125 2206 188 2240 orauit.
200 2205 287 2239 Reiectus
293 2210 354 2238 autem
358 2203 395 2238 vite
400 2209 462 2239 eterne
469 2205 551 2249 dapibus,
558 2205 625 2248 gratias
630 2206 711 2247 egitdeo,
718 2210 736 2238 et
744 2205 815 2239 addidit
822 2218 826 2240 :

127 2261 132 2278 ‘
139 2259 167 2293 Ne
173 2269 217 2292 vero
225 2259 281 2292 fiscus
293 2257 345 2291 solito
353 2258 415 2302 rapiat,
420 2259 507 2293 uniuersa
514 2270 550 2302 que
559 2258 626 2292 habere
634 2257 698 2292 videor
705 2257 828 2302 indigentibus

97 2324 117 2353 4⁰
125 2313 227 2356 erroganda
235 2312 259 2345 do
267 2317 285 2346 et
293 2312 334 2355 lego
339 2311 352 2330 ¹¹
363 2312 436 2346 domino
444 2318 507 2347 nostro
514 2312 570 2346 Ihesu
579 2311 661 2346 Christo!
707 2304 758 2347 Cum
766 2316 827 2346 autem

125 2365 274 2409 archiepiscopus
286 2375 328 2399 eum
340 2364 415 2399 visitans
427 2370 535 2409 suggereret
543 2366 555 2385 ¹²
562 2370 581 2400 vt
594 2364 609 2399 si
617 2375 672 2408 quem
680 2365 727 2399 forte
734 2366 791 2400 verbo
799 2367 829 2400 vel

144 2455 191 2484 ¹Vit.
199 2454 266 2484 dicebat.
293 2453 377 2484 ²T.vere.
403 2455 544 2491 ³Vit.quaitlesa.
571 2455 827 2492 ⁴Vit.Etiste,sieutiheprior,

124 2499 166 2534 post,
174 2497 203 2523 etc.
251 2494 257 2510 ⁵
264 2493 294 2522 Vit.
300 2493 335 2522 iam.
385 2493 409 2509 ⁶·⁶
416 2494 448 2522 vit.
455 2494 490 2522 siue
497 2494 561 2522 bibitum
568 2503 580 2522 s,
587 2504 600 2523 a.
607 2504 627 2522 ra.
633 2498 711 2529 sumptum
719 2498 746 2522 aut
753 2503 768 2522 e.
775 2503 828 2522 morsu

124 2534 196 2565 virulenti
204 2545 217 2563 a.
226 2534 305 2563 inuictum.
335 2532 488 2571 ⁷ClVita,p,332.
519 2533 629 2571 reimplere.
660 2532 794 2570 ‘'Sapinffliii.
804 2533 827 2563 16.

124 2575 136 2593 ¹⁰
147 2576 164 2607 E.
170 2574 269 2612 ludiuicum5
279 2574 296 2604 T.
302 2573 395 2604 ludouicum⁴
436 2573 447 2591 ¹¹
457 2574 489 2604 Vit.
497 2572 559 2612 delego.
599 2572 611 2591 ¹²
622 2573 640 2603 E.
647 2577 723 2611 surgeret.
