1762 2803
150 174 177 218 28
340 173 420 225 tunna
435 170 551 233 tantona
567 169 659 233 unalia

149 299 249 337 trauerunt,
262 294 345 328 foramen
360 294 412 328 nucis
427 304 486 337 capax
501 293 608 327 efficientes.
637 292 670 327 Illo
685 303 771 336 magnam
785 303 853 336 penam

150 357 192 381 esse
208 347 277 380 doloris
292 348 371 380 clamore
386 344 510 390 protestante:
529 347 578 389 ‘hoc,
593 345 652 389 inquit
666 351 754 386 mortuus,
768 346 802 378 erit
815 345 853 387 tibi,

150 401 237 444 quamdiu
247 399 320 441 vixeris,
330 405 348 433 et
357 409 447 444 penarum
456 409 513 442 graue
524 400 660 441 documentum,
668 404 691 441 et,
699 397 734 432 nisi
743 398 853 442 neglexeris,

150 452 214 488 salutis
228 458 259 487 tue
274 452 366 495 singulare
381 451 520 486 munimentum.
548 452 600 486 Vade
615 462 659 495 ergo
674 453 718 485 dum
737 451 784 493 licet,
803 457 854 486 muta

133 513 142 543 5
151 505 232 540 habitum
244 505 298 539 simul
307 510 325 539 et
336 504 422 546 animum,
430 510 448 539 et
460 510 499 539 esto
511 506 612 539 monachus
623 505 706 539 Redonis
714 505 762 549 apud
770 510 853 538 sanctum

152 559 261 593 Melanium.¹
284 559 367 601 Cumque
377 558 431 592 viuus
444 559 467 591 ad
481 559 516 592 hoo
529 559 643 602 respondere
655 559 721 592 nollet:
737 558 762 591 ‘si
776 558 854 599 dubitas,

151 610 209 653 inquit
219 616 306 651 mortuus,
318 610 404 652 conuerti,
417 609 478 650 miser,
489 610 529 653 lege
540 610 609 643 litteras
622 609 688 645 istas’:
706 610 729 643 Et
741 610 775 643 hoc
786 609 854 651 dicens,

151 674 226 698 manum
234 662 327 707 protendit
334 663 386 697 tetris
393 663 442 697 notis
450 662 561 706 inscriptam,
569 663 588 696 in
597 662 662 707 quibus
671 663 757 697 sathanas
764 667 782 696 et
790 673 855 696 omnes

151 716 276 749 infernoruml
289 715 377 750 satellites
389 716 439 750 omni
454 715 577 749 ecclesiastico
589 716 637 749 cetui
648 716 716 758 gratias
729 716 752 749 de
764 715 855 758 profundo

125 781 143 803 ro
151 768 214 803 tartari
225 768 332 803 emittebant
343 770 392 812 quod
402 780 444 802 cum
454 767 489 812 ipsi
498 767 517 802 in
525 768 574 802 nullo
583 767 621 801 suis
629 767 751 812 voluptatibus
763 768 855 809 deessent,

151 827 222 856 tantum
237 832 335 855 numerum
347 821 461 856 subditarum
473 820 576 855 animarum
587 825 694 865 paterentur
705 821 728 855 ad
739 819 811 854 inferna
825 821 855 855 de·

152 875 247 918 scendere,
262 874 392 918 predicationis
403 880 421 908 et
437 885 514 917 operum
530 875 620 908 bonorum
636 874 752 917 negligentia,
766 878 854 916 quantum

152 938 246 970 nunquam
259 927 349 961 miserant
360 928 421 961 secula
434 931 529 961 retroacta.
557 926 593 960 His
604 925 657 959 dictis
668 925 759 970 loquentis
771 931 856 969 aspectus

153 980 248 1023 disparuit,
257 985 275 1014 et
283 980 359 1013 audiens
367 981 415 1014 bona
423 990 456 1013 sua
466 980 540 1014 vendita
548 979 660 1022 pauperibus
672 978 758 1022 erogauit,
767 983 785 1012 et
792 978 811 1011 in
818 990 856 1013 mo·

127 1045 145 1075 ¹5
153 1032 233 1066 nasterio
241 1032 299 1066 sancti
307 1032 382 1066 Melanii
389 1032 491 1066 monachus
499 1032 574 1066 effectus
582 1030 651 1075 optime
659 1036 778 1066 conuersatus
786 1035 819 1066 est.

328 1161 343 1198 ll
356 1152 389 1195 Dc
400 1170 470 1195 sancto
481 1152 563 1194 Aterno
575 1158 680 1195 nmnrrarl.

155 1248 227 1326 CVm
239 1248 342 1293 persecutio
354 1249 388 1282 sub
399 1247 514 1282 Dioclesiano
527 1247 638 1291 imperatore
651 1252 701 1282 mota
712 1246 731 1281 in
744 1237 858 1295 Christianos

212 1303 266 1346 longe
277 1303 350 1345 lateque
360 1301 457 1343 deseuiret‚
465 1300 494 1335 vir
503 1301 577 1344 quidam
587 1300 658 1334 meritis
670 1306 688 1334 et
699 1300 781 1334 doctrina
793 1301 859 1343 clarus,

154 1354 228 1389 nomine
241 1354 369 1398 Amphibalus,
382 1354 474 1388 transiens
484 1353 503 1386 in
516 1353 635 1395 Britanniam,
647 1353 772 1387 Verolamium
785 1354 858 1387 domino

154 1409 232 1441 ducente
243 1408 333 1451 peruenit.
354 1407 390 1449 Qui
397 1407 492 1450 ingressus
499 1407 564 1439 vrbem
573 1406 591 1439 in
600 1407 674 1439 domurn
683 1407 776 1440 diuertens
785 1406 858 1447 Albani,

127 1472 146 1492 20
155 1459 254 1503 hospitium
273 1459 376 1504 postulauit.
406 1459 449 1492 Erat
465 1463 526 1492 autern
541 1459 625 1492 Albanus
642 1458 687 1493 ciuis
702 1458 816 1500 verolamius,
831 1459 859 1493 vir

155 1513 239 1547 eminens
246 1513 265 1546 in
273 1512 351 1554 ciuitate,
359 1523 383 1547 ex
390 1511 455 1546 illustri
465 1511 590 1546 Romanorum
599 1511 684 1555 prosapia
689 1510 778 1555 originem
785 1511 859 1548 ducens,

156 1565 192 1599 Hic
211 1571 294 1599 sanctum
312 1564 373 1599 virum
391 1564 470 1608 hospitio
485 1564 565 1607 benigne
580 1563 689 1607 suscipiens,
703 1564 740 1598 vite
755 1565 860 1599 necessaria

156 1617 271 1652 ministrauit.
300 1618 360 1658 Quem
379 1618 458 1658 tandem,
477 1623 547 1649 remoto
564 1626 659 1649 seruorum
674 1617 756 1660 strepitu,
772 1618 859 1651 secretius

155 1670 255 1705 allocutus:
267 1670 374 1713 ‘quomodo
382 1669 445 1713 inquit,
453 1679 495 1702 cum
503 1670 529 1703 sis
537 1670 591 1702 homo
600 1668 714 1711 christianus,
724 1680 757 1713 per
765 1670 859 1713 gentilium

129 1734 147 1763 ²5
156 1723 204 1757 fines
212 1723 308 1757 transitum
316 1723 384 1756 habere
392 1727 411 1756 et
419 1723 442 1756 ad
452 1722 498 1755 hanc
509 1723 573 1756 vrbem
583 1722 645 1756 illesus
657 1723 754 1765 peruenire
765 1723 860 1766 potuistit³

158 1774 205 1810 Dicit
213 1775 230 1809 ei
238 1774 372 1820 Amphibalus:
383 1774 483 1808 ‘Dominus
495 1784 547 1808 meus
556 1775 608 1808 lesus
620 1774 708 1817 Christus,
717 1775 765 1809 filius
777 1775 806 1809 dei
817 1776 861 1818 viui,

157 1839 241 1864 securum
253 1828 301 1863 inter
312 1827 418 1862 discrimina
429 1838 459 1862 me
470 1828 572 1869 custodiuit,
583 1833 600 1861 et
611 1838 645 1871 pro
656 1828 754 1862 multorum
766 1828 824 1863 salute
838 1830 860 1863 ad

156 1884 210 1917 istam
217 1894 247 1916 me
255 1883 304 1916 misit
311 1882 454 1925 prouinciam,vt
462 1883 518 1915 fidem
526 1883 566 1915 eius
574 1881 693 1923 annuncians,
701 1883 789 1924 populum
796 1892 861 1926 accep-

156 1935 230 1969 tabilem
238 1936 369 1978 prepararem!
392 1935 425 1968 ‘Et
435 1934 476 1977 quis
488 1941 521 1976 est,
531 1934 595 1977 inquit,
604 1934 639 1967 iste
648 1934 697 1967 filius
707 1934 750 1968 dei?
773 1934 821 1975 Quid
833 1941 861 1968 est

129 2000 149 2028 30
157 1989 205 2033 quod
211 1989 256 2023 deus
262 1993 315 2021 natus
321 1998 363 2021 esse
369 1988 469 2022 asseritur?
493 1987 545 2021 Noua
551 1993 593 2021 sunt
599 1987 633 2020 hec
641 1992 659 2021 et
666 1986 721 2021 michi
728 1987 827 2021 hactenus⁸
835 1987 861 2022 in-

157 2040 222 2075 audita.
237 2041 296 2074 Nosse
301 2040 379 2074 “vellem
386 2040 429 2083 quid
434 2040 529 2083 superhac
535 2051 555 2074 re
560 2051 594 2074 vos
601 2039 698 2073 Christiani
705 2040 798 2074 sentiatis'
809 2040 861 2074 Tunc

157 2097 231 2128 sanctus
239 2093 273 2127 ait:
287 2092 381 2125 ‘Assertio
388 2097 450 2125 nostre
458 2092 501 2125 fidei
509 2098 537 2126 est
544 2097 563 2126 vt
571 2093 626 2125 deum
634 2097 711 2135 patrem,
718 2097 735 2126 et
742 2094 797 2126 deum
804 2093 861 2126 filium

157 2157 199 2180 esse
207 2146 294 2179 dicamus.
317 2144 353 2186 Qui
360 2145 428 2179 scilicet
436 2145 484 2179 filius
490 2156 524 2188 pro
532 2146 590 2179 salute
596 2144 690 2179 hominurn
697 2156 771 2179 carnem
778 2145 862 2188 dignatus

157 2204 185 2234 est
190 2209 290 2239 assumere,
296 2203 314 2232 et
320 2199 421 2232 humanum
427 2209 486 2241 genus
492 2209 526 2241 per
532 2198 637 2242 passionem
644 2199 708 2232 mortis
715 2198 816 2232 redimeret
839 2199 863 2232 Et

131 2265 149 2293 35
158 2263 199 2286 cum
207 2253 265 2286 multa
272 2253 295 2285 de
303 2251 397 2285 natiuitate
405 2251 478 2292 Christi,
485 2252 577 2294 passione,
585 2251 719 2285 resurrectione
727 2257 745 2285 et
755 2251 862 2286 ascensione

158 2305 280 2347 disseruisset,
285 2304 389 2338 subiunxit:
402 2304 433 2337 ‘Si
441 2304 480 2344 hec,
489 2304 563 2348 hospes,
572 2305 596 2337 ita
604 2315 646 2337 esse
654 2303 759 2345 credideris,
767 2304 862 2346 debilibus,

158 2358 231 2402 egrotis,
241 2364 259 2392 et
271 2356 341 2392 cunctis
352 2357 400 2391 male
411 2356 520 2391 habentibus
531 2357 615 2391 inuocato
627 2356 694 2390 Christi
707 2355 780 2390 nomine
794 2357 863 2402 poteris

159 2413 263 2446 subuenire.
286 2412 354 2445 iccirco
362 2411 412 2445 enim
422 2412 469 2444 hanc
479 2411 544 2445 vrbem
555 2411 650 2455 ingressus
662 2421 703 2444 sum
713 2416 733 2444 vt
744 2410 763 2444 in
775 2422 796 2445 ea
807 2423 863 2455 preco

159 2464 224 2498 fierem
234 2464 276 2498 tuefi
286 2464 389 2508 passionis:
407 2464 500 2507 Benignus
511 2465 561 2499 enim
572 2463 658 2498 dominus
669 2463 787 2498 humanitatis
799 2465 863 2506 officia,

132 2528 152 2557 4⁰
160 2516 226 2560 quibus
234 2517 308 2560 insistis,
317 2516 389 2552 celestis
397 2517 434 2552 vite
441 2517 513 2561 premio
521 2514 678 2560 recompensabit.¹
695 2516 743 2551 Dicit
748 2516 765 2551 ei
770 2516 863 2552 Albanus:

180 2599 185 2618 ¹
195 2600 213 2630 Τ,
220 2600 309 2629 inferorum.
348 2599 354 2616 ²
364 2601 398 2630 The
406 2601 440 2631 first
447 2605 482 2639 part
489 2600 503 2630 is
510 2600 588 2638 compiled
596 2600 635 2630 from
642 2600 669 2630 the
677 2601 702 2630 old
709 2601 746 2631 Vita
754 2601 770 2631 S.
778 2600 840 2638 Albani,
848 2601 864 2631 in

159 2640 377 2680 Act.ss.13011.Junev.p.
386 2651 419 2680 1²9·
449 2641 557 2672 lE.actenus.
589 2641 621 2670 ¹13.
629 2650 683 2673 noste.
713 2640 746 2671 ὅΤ.
754 2646 781 2672 tue
789 2641 847 2672 fierem.
