1762 2803
135 145 165 239 §0
245 225 247 232 Α
326 183 406 237 motu
421 181 538 244 tuumne
553 183 645 245 unuln.

134 304 285 350 appropinquans
298 304 402 346 monticulo,
415 303 464 338 fessa
478 304 562 338 residens
575 315 675 349 parumper
690 306 770 339 dormire
785 306 837 350 cepit.

135 359 169 392 Cui
179 360 215 393 duo
226 359 304 402 preclari
314 359 348 392 viri
357 359 376 391 in
387 358 448 392 habitu
457 358 557 403 pontificali
568 358 623 402 (vnus
634 359 704 402 itinere,
713 370 748 403 quo
756 363 837 398 venerat,

134 413 218 454 veniens,
226 412 271 446 alter
278 413 308 445 via
315 422 351 455 qua
359 412 405 445 itura
414 413 460 455 erat)
468 417 555 454 astantes,
564 412 610 446 duos
618 413 681 446 oculos
688 413 742 447 valde
750 414 838 450 lucentes.

134 469 155 498 vt
166 465 183 498 ei
194 465 294 508 videbatur,
308 466 327 498 in
340 464 424 498 manibus
436 465 542 508 gestabant:
561 464 643 507 Quorum
656 475 703 499 vnus
714 475 771 499 vnum
783 474 838 507 quem

118 518 209 556 5tenebat
222 518 300 560 oculum,
312 518 357 551 alter
369 518 446 551 alterum
458 519 512 561 capiti
523 529 557 552 suo
568 518 683 561 adaptabant.
706 517 839 561 Expergelacta

135 570 202 603 mulier
213 570 275 603 oculos
287 581 307 603 se
318 571 423 613 percepisse
433 580 454 603 ac
465 571 525 604 visum
537 570 600 613 gauisa
611 575 644 604 est.
667 570 720 611 Quod
732 576 792 603 autem
804 570 838 602 hoc

136 624 243 659 miraculum
254 625 307 658 beato
318 623 387 657 martiri
398 624 470 657 Thome
483 630 583 668 sanctoque
595 623 655 657 Yuoni
663 624 686 657 sit
694 623 839 664 asscribendum,

136 677 181 710 nulli
196 678 246 711 venit
260 677 279 710 in
295 678 375 711 dubium.
418 670 461 710 Viri
477 682 515 711 tres
532 678 596 711 morbo
611 677 699 721 ydropico
714 676 776 719 inflati,
792 687 839 720 aqua

136 730 194 762 sancti
202 728 256 762 huius
264 728 333 770 hausta,
342 729 404 762 sedato
412 733 483 762 tumore
491 728 587 762 sanitatem
596 733 716 772 reportarunt.

424 906 439 943 ll
450 905 549 941 Narratiot

110 998 129 1020 10
160 982 243 1036 Quidam
251 990 359 1034 peregrinus
367 1000 378 1024 a
386 995 449 1025 sancto
458 991 553 1025 Leonardo
561 990 640 1032 rediens,
649 990 667 1023 in
677 988 840 1034 Auernia²captus

137 1048 171 1085 est,
180 1050 198 1078 et
206 1045 289 1087 querenti
297 1054 329 1078 cur
336 1044 453 1078 innocentem
461 1045 480 1077 in
491 1054 564 1078 carcere
572 1043 697 1085 reclusissent,
705 1043 840 1086 responderunt

138 1097 230 1140 quodnisi
240 1108 261 1131 se
273 1098 346 1141 copiose
355 1098 458 1140 redimeret,
468 1108 505 1131 non
516 1097 581 1131 exiret.
604 1096 692 1140 Sequenti
702 1102 755 1130 nocte
766 1097 840 1129 domiuo

138 1149 207 1182 castelli
217 1154 293 1182 sanctus
305 1150 412 1183 Leonardus
425 1151 509 1193 apparuit
522 1155 540 1183 et
550 1155 570 1183 vt
582 1149 700 1192 peregrinum
711 1159 765 1182 suurn
778 1148 841 1182 illuml

137 1202 255 1236 innocentem
267 1201 317 1235 abire
332 1203 446 1246 permitteret
462 1202 563 1246 imperauit.
586 1201 624 1236 Sed
639 1201 669 1234 ille
684 1211 738 1235 mane
752 1202 841 1245 euigilans

112 1270 129 1300 ¹5
138 1259 156 1287 et
167 1253 257 1288 visionem
268 1254 320 1297 quasi
332 1255 454 1298 sompn[i]um
466 1254 619 1298 paruipendens⁴‚
628 1254 685 1288 altera
695 1259 748 1288 nocte
759 1255 842 1288 similiter

139 1306 255 1351 sompniauit.
273 1307 406 1341 Verumtamen
421 1309 516 1341 hominem
531 1308 614 1341 relaxare
630 1318 667 1340 non
683 1308 758 1340 curauit.
780 1307 842 1340 Tertia

138 1365 192 1393 nocte
207 1360 271 1392 beatus
287 1361 395 1393 Leonardus
410 1362 527 1403 peregrinum
543 1361 638 1402 arripiens,
654 1365 706 1393 extra
720 1360 795 1401 opidum
810 1360 842 1392 de·

139 1413 200 1447 duxit:
213 1418 231 1446 et
239 1412 300 1447 statim
308 1412 375 1447 turris⁵
383 1424 424 1448 cum
434 1413 494 1447 media
502 1418 555 1457 parte
566 1412 635 1448 castelli
646 1423 738 1454 corruens,
747 1411 842 1457 oppressis

139 1466 223 1510 plurimis
237 1466 296 1500 solum
310 1466 412 1510 principem
424 1467 447 1500 ad
460 1466 488 1500 sui
500 1466 626 1500 confusionem
641 1465 702 1500 fractis
718 1466 801 1501 cruribus
814 1476 843 1500 re-

113 1532 132 1553 20
140 1520 225 1554 seruauit.

429 1642 444 1677 ll
455 1640 555 1674 Narratiot.

163 1716 247 1768 Quidam
255 1722 311 1757 frater
318 1724 394 1757 sedebat
401 1724 420 1756 in
428 1723 503 1757 heremo
511 1728 529 1756 et
538 1723 659 1757 seducebatur
671 1733 681 1756 a
691 1723 800 1757 demonibus
811 1734 844 1768 per

140 1787 200 1812 annos
207 1775 301 1820 plurimos,
308 1775 348 1821 ipse
356 1786 400 1811 vero
408 1776 523 1811 existimabat
531 1776 573 1821 quia
580 1776 640 1821 angeli
648 1781 696 1810 sunt.
712 1777 844 1821 Egrediebatur

141 1836 202 1866 autem
215 1836 267 1874 pater
281 1832 321 1865 eius
334 1831 436 1865 secundum
449 1841 523 1864 carnem
536 1840 569 1874 per
582 1835 656 1874 tempus
670 1835 688 1864 et
699 1831 784 1865 visitabat
797 1841 844 1865 eum.

141 1884 182 1918 Vna
195 1888 256 1917 autern
269 1882 340 1916 dierum
353 1883 393 1916 tulit
408 1882 507 1926 bipennem
519 1893 588 1925 secum,
603 1883 667 1916 dicens
683 1883 734 1927 ‘quia
749 1889 844 1917 reuertens

114 1948 132 1978 ²5
141 1935 228 1973 afferam⁷
241 1936 286 1971 mihi
299 1947 358 1981 pauca
372 1937 431 1981 ligna.²
454 1936 477 1970 Et
490 1936 602 1981 preueniens
615 1946 662 1971 vnus
678 1936 746 1970 demon
762 1936 806 1971 dixit
822 1936 843 1970 ad

141 1991 199 2024 filium
212 1989 262 2024 eius:
281 1990 339 2023 ‘Ecce
352 1989 435 2023 diabolus
448 1989 499 2023 venit
513 1990 536 2022 ad
551 1995 569 2022 te
582 1988 600 2022 in
613 1989 730 2022 similitudine
744 1990 801 2033 patris
814 1988 844 2028 tui,

141 2044 212 2076 habens
225 2042 325 2085 bipennem
337 2043 355 2075 in
369 2047 432 2084 sporta
447 2052 480 2075 sua
492 2046 512 2075 vt
524 2041 619 2084 impugnet
631 2047 654 2075 te.
677 2041 706 2075 Tu
722 2052 765 2085 ergo
781 2051 844 2085 preue-

142 2096 195 2129 niens
207 2095 250 2128 tolle
263 2095 313 2129 illam
328 2095 428 2139 bipennem
442 2096 464 2128 ab
477 2095 523 2140 ipso,
537 2100 556 2128 et
569 2105 652 2138 repugna
665 2093 701 2129 illi!
724 2094 781 2138 Igitur
794 2098 846 2139 pater

142 2150 182 2182 eius
197 2147 268 2182 reuenit
286 2149 388 2182 secundum
403 2148 566 2182 consuetudinem:
585 2153 603 2182 et
618 2148 710 2191 accipiens
725 2148 774 2182 filius
788 2148 845 2192 ipsius

115 2215 134 2243 50
142 2202 241 2245 bipennem
253 2201 275 2233 ab
286 2202 332 2244 ipso,
340 2202 431 2244 percussit
442 2212 484 2235 eum
495 2206 513 2234 et
523 2200 594 2235 occidit.
617 2201 640 2233 Et
651 2201 737 2235 continuo
746 2202 818 2236 adhesit
829 2200 844 2232 ei

143 2255 218 2298 spiritus
226 2254 316 2296 malignus
324 2260 342 2287 et
350 2254 450 2287 suffocabat
458 2265 505 2287 eum.

162 2327 168 2344 ¹
179 2327 203 2357 Cf.
209 2326 254 2355 Viuc.
262 2326 302 2356 Bell,
310 2326 355 2357 XXI⁴
364 2336 391 2363 ra;
403 2328 441 2364 Leg.
448 2327 487 2355 Aur.
494 2336 510 2364 p.
517 2327 552 2363 ⁶90·
607 2325 612 2342 l
623 2326 641 2356 T.
649 2327 667 2356 E.
675 2325 756 2357 Aluernia.
810 2325 816 2343 ³
826 2323 845 2353 al·

143 2378 174 2436 0ηέλ
223 2366 387 2404 ⁴E.peruipendens,
434 2366 468 2396 5Τ.
477 2366 536 2395 turrim.
584 2365 663 2397 ⁰13an
671 2367 711 2397 Patr.
721 2378 765 2398 1022.
813 2363 845 2392 7Ε·

143 2417 216 2437 aueram.
