1762 2803
125 132 182 209 ⁴158
226 212 227 217 ,
332 152 411 205 muna
427 149 543 212 nerana
558 149 650 211 tinctio

139 281 181 306 sum
189 271 211 305 ab
219 271 269 305 omni
276 271 353 306 virtute.'
375 272 427 305 Tunc
435 271 487 305 duxit
495 282 537 306 eum
549 271 637 314 epicopus
645 271 731 304 adunam
739 271 763 304 de
771 271 841 307 cellulis

140 324 205 358 domus
221 330 239 358 et
253 323 299 358 dixit
314 324 341 359 ei:
354 323 423 368 ‘Aperi
434 323 479 358 mihi
491 324 569 358 ostium!
591 323 682 364 Quicum
695 323 751 357 nollet
763 323 842 367 aperire,>

139 379 204 413 dicens
215 377 320 412 necessaria
331 379 397 411 domus
409 378 427 411 in
441 378 487 411 cella
498 377 528 411 illa
540 388 592 420 esse;
605 376 702 422 episcopus
713 377 785 422 aperuit
796 376 841 413 illud

140 441 237 465 sermone:
254 436 272 464 et
286 430 384 464 inueniens
400 430 425 464 ibi
439 430 535 473 leprosum
553 430 636 473 pluribus
655 430 738 473 corporis
753 431 842 466 membris

124 484 240 524 adefluxum,
259 483 316 518 dixit:
333 483 366 516 ‘Et
380 483 453 517 voluisti
471 483 561 517 occultare
578 483 685 517 thesaurum
700 487 752 516 tuum
767 483 842 517 illumi’

141 536 177 577 Qui
185 535 290 578 respondit:
303 536 361 569 ‘Vere
371 534 451 569 furiosus
462 540 490 568 est
500 541 518 569 et
527 535 636 570 iniuriosus:
648 535 689 569 ideo
699 534 750 569 timui
761 546 785 569 ne
795 535 842 570 forte

140 588 233 623 laberetur
245 587 264 621 in
278 588 393 622 sermonem?
417 587 450 622 Cui
463 587 573 632 episcopus:
587 587 649 622 ‘Bene
660 587 679 622 in
691 587 742 622 illum
756 588 841 632 certasti;

140 642 174 675 sed
185 639 225 674 sine
233 650 263 674 me
271 646 325 675 nocte
333 641 367 675 hac
375 639 480 675 ministrare
488 640 510 684 ei,
518 646 538 675 vt
547 640 579 685 [et]
588 651 623 684 ego
631 641 736 675 mercedem
745 640 842 685 accipiam.¹

140 695 192 728 Tunc
208 693 321 738 reliquerunt
336 699 420 728 sanctum
435 694 465 728 dei
480 694 499 727 in
513 695 578 729 cellula
595 705 637 728 cum
653 695 727 739 leproso
741 700 759 729 et
774 693 842 729 ostium

115 755 133 776 ιο
141 748 252 781 clauserunt.
274 747 311 788 Qui
322 752 360 781 tota
371 753 424 782 nocte
438 758 549 791 supereum
561 747 641 781 saciens¹
653 749 760 790 orationem,
772 748 843 782 sanauit

141 810 189 840 eum,
197 805 216 832 et
223 800 310 841 educens,
318 810 405 833 reuersus
413 805 442 833 est
449 799 468 832 in
476 799 573 833 ciuitatem.

222 921 237 959 ll
250 913 283 956 Da
294 931 365 955 sancto
378 913 486 955 Manena
497 930 585 956 arrscoro
597 931 620 955 ar
631 920 761 956 conrrssonr.l

176 988 247 1023 Anctus
258 989 363 1032 Malachias,
373 989 425 1024 cuius
436 989 492 1024 vitam
504 990 577 1034 scripsit
587 995 661 1024 sanctus
672 990 778 1024 Bernardus
787 989 844 1024 clare·

118 1043 120 1048 '
198 1042 286 1077 uallensis
298 1043 359 1085 abbas,
369 1043 392 1076 de
401 1042 491 1076 Hibernia
503 1048 553 1077 ortus
566 1048 594 1077 est
606 1044 629 1077 de
642 1043 709 1086 populo
720 1044 808 1084 barbar03
819 1042 844 1078 ibi

142 1095 235 1137 educatus,
243 1094 268 1128 ibi
279 1095 349 1129 litteras
359 1096 435 1129 edoctus
446 1100 480 1129 est.
503 1094 589 1129 Ceterum
600 1096 623 1130 de
635 1095 690 1129 natali
698 1096 782 1129 barbarie
790 1096 844 1130 traxit

117 1146 204 1188 15nihil³‚
217 1159 254 1181 non
266 1148 324 1191 magis
337 1158 392 1192 quarn
407 1149 431 1182 de
446 1148 484 1182 sale
496 1148 578 1182 marino⁴
593 1148 655 1192 pisces
670 1148 731 1182 maris.
755 1148 844 1183 Parentes

142 1206 205 1235 tamen
212 1201 238 1234 illi
246 1201 320 1235 fuerunt
331 1212 400 1246 genere
408 1207 426 1235 et
433 1202 514 1249 potentia
522 1203 589 1246 magni,
597 1202 648 1235 iuxta
656 1212 724 1235 nomen
736 1212 844 1245 magnorum

142 1255 174 1298 qui
182 1260 224 1289 sunt
232 1254 251 1288 in
258 1259 312 1289 terra
335 1255 379 1289 Erat
387 1255 436 1289 enim
444 1255 499 1289 homo
507 1254 526 1289 in
534 1255 605 1289 ciuitate
615 1255 750 1289 ardmachana⁵
758 1256 844 1290 sanctus⁸

143 1312 161 1341 et
172 1312 245 1341 austere
257 1308 357 1342 admodum
369 1306 412 1350 vite,
424 1307 455 1351 qui
468 1307 533 1342 cellam
546 1308 617 1341 habens
629 1309 679 1341 iuxta
691 1308 794 1346 ecclesiam,
806 1318 845 1342 ser-

143 1358 203 1390 uiebat
211 1359 246 1390 deo
253 1358 272 1389 in
280 1358 353 1390 ieiuniis
363 1363 382 1390 et
392 1358 505 1390 orationibus
515 1364 533 1391 et
541 1357 698 1391 obsecrationibus
707 1358 737 1391 die
746 1369 767 1391 ac
780 1365 844 1392 nocte:

116 1421 135 1442 ao
143 1409 173 1443 Ad
192 1409 240 1443 hunc
256 1421 277 1443 se
292 1403 366 1444 contulit
382 1409 487 1453 Malachias
503 1411 525 1444 ab
544 1421 566 1444 eo
580 1410 617 1444 vite
636 1410 713 1444 sormam
732 1416 845 1455 accepturus,

118 1461 120 1464 ’
143 1461 227 1505 seditque
242 1462 313 1506 etipse
328 1460 424 1506 solitarius,
440 1463 474 1497 sed
489 1462 537 1497 intra
551 1473 620 1507 paucos
636 1463 675 1497 dies
691 1463 753 1497 habuit
768 1463 845 1498 imitato·

143 1527 173 1551 res
181 1517 248 1550 multos
256 1517 342 1561 exemplo
351 1516 379 1551 sui
387 1521 502 1561 prouocatos.
525 1517 608 1551 Tandem
615 1517 709 1551 ordinatus
718 1523 746 1551 est
754 1517 845 1559 sacerdos,

143 1579 191 1603 anno
203 1569 256 1603 etatis
267 1580 300 1603 sue
312 1570 400 1604 vicesimo
413 1570 481 1614 quinto.
504 1569 538 1604 Cui
550 1570 604 1603 etiam
616 1569 726 1614 episcopus⁷
739 1570 790 1604 vices
803 1581 846 1604 suas

143 1622 234 1656 commisit
248 1622 339 1656 seminare
355 1633 420 1656 semen
435 1627 520 1657 sanctum
535 1623 554 1656 in
569 1627 624 1665 gente
639 1633 676 1656 non
689 1627 757 1664 sancta,
771 1627 789 1656 et
802 1623 846 1657 dare

117 1683 135 1713 25
143 1673 184 1708 rudi
199 1675 266 1717 populo
282 1679 300 1708 et
316 1675 356 1708 sine
371 1674 412 1717 lege
425 1674 494 1709 viuenti
510 1675 570 1718 legem
583 1673 620 1709 vite
635 1679 653 1708 et
669 1674 770 1718 discipline.
794 1674 846 1719 Cepit

143 1733 205 1761 autem
220 1727 250 1759 ille
266 1727 347 1760 officium
358 1727 393 1760 sibi
406 1727 507 1760 iniunctum
520 1739 562 1760 cum
574 1727 624 1760 omni
639 1727 736 1769 alacritate,
749 1727 796 1760 sicut
808 1726 847 1760 erat

143 1778 209 1824 spiritu
224 1779 304 1823 feruens,
317 1780 424 1824 adimplere,
437 1780 525 1815 barbaros
539 1780 584 1814 ritus
601 1781 699 1825 extirpare,
713 1780 847 1820 ecclesiasticos

143 1833 232 1877 plantare,
255 1832 346 1878 Quicquid
354 1833 501 1878 incompositum,
509 1834 621 1876 indecorum,
630 1834 763 1878 distortumque
773 1833 847 1868 obuium

143 1885 211 1929 habuit,
225 1897 263 1920 non
276 1887 363 1930 parcebat
377 1888 440 1921 oculus
454 1886 504 1930 eius3
516 1887 566 1922 velut
578 1888 649 1931 grando
661 1897 736 1931 grossos
748 1898 758 1921 e
771 1887 847 1928 ficubus,

118 1951 136 1980 30
144 1944 162 1973 et
170 1938 216 1973 sicut
221 1939 317 1984 puluerem
326 1945 392 1974 ventus
400 1951 411 1973 a
419 1940 464 1973 facie
470 1945 524 1982 terre,
532 1940 559 1974 sic
567 1951 629 1974 coram
636 1940 682 1974 facie
690 1951 723 1974 sua
730 1939 847 1979 huiusmodi?

143 1993 247 2027 nitebatur⁹
261 1998 319 2026 totum
333 2004 367 2037 pro
379 1993 449 2027 viribus
465 1995 563 2027 exturbare
577 2005 598 2028 ac
614 1995 677 2028 delere
689 1994 713 2027 de
725 1994 794 2038 populo
809 2004 847 2027 suo.

145 2046 206 2080 Horas
225 2045 322 2080 canonicas
341 2046 392 2080 iuxta
410 2057 481 2080 morem
495 2046 606 2081 uniuersalis
621 2046 699 2081 ecclesie
714 2047 783 2082 incolas
798 2046 847 2079 illius

144 2098 243 2142 prouincie,
251 2103 269 2131 et
277 2098 332 2132 etiam
341 2099 406 2132 iratres
416 2100 434 2132 in
443 2110 476 2132 suo
485 2100 567 2141 cenobio,
578 2104 651 2133 cantare
660 2100 706 2141 iecit,
716 2110 758 2133 cum
769 2100 847 2132 necdum

145 2151 164 2184 in
172 2150 243 2184 ciuitate
250 2162 283 2184 seu
290 2150 310 2184 in
318 2151 425 2195 episcopatu
430 2151 517 2186 uniuerso
522 2158 596 2186 cantare
604 2152 672 2186 vellent
677 2151 694 2185 ¹⁰.
714 2151 787 2186 Deinde
794 2161 848 2185 vsum

118 2216 137 2247 55
145 2203 271 2246 confessionis,
280 2210 415 2238 sacramentum
423 2205 572 2248 confirmationis,
580 2211 693 2239 contractum
702 2205 848 2250 coniugiorum-7

145 2267 181 2301 que
189 2256 251 2290 omnia
258 2261 289 2290 aut
296 2257 404 2301 ignorabant
411 2263 442 2291 aut
452 2258 574 2302 negligebant,
584 2258 683 2293 Malachias
693 2260 754 2293 denuo
766 2256 848 2292 instituit.

146 2311 169 2344 Et
177 2320 218 2342 cum
228 2315 278 2343 esset
285 2309 311 2343 illi
319 2310 400 2343 studium
413 2316 430 2344 et
442 2311 494 2344 zelus
505 2311 597 2344 maximus
609 2311 656 2345 circa
668 2312 736 2346 cultum
745 2312 848 2345 diuinorum

146 2368 164 2397 et
171 2362 309 2396 venerationem
319 2369 480 2405 sacramentorum,
488 2374 511 2396 ne
520 2363 566 2397 forte
574 2364 597 2397 de
605 2363 640 2398 hiis
651 2363 719 2408 aliquid
730 2364 849 2398 constitueret

165 2437 171 2454 1
182 2436 199 2466 E.
208 2437 321 2474 superiaciens,
328 2446 364 2467 eum
371 2446 401 2467 omi
482 2438 488 2455 ²
498 2437 579 2475 Abridged
586 2438 626 2468 from
633 2439 660 2469 the
667 2439 704 2469 Vita
711 2439 733 2476 by
740 2439 757 2470 S.
766 2436 848 2469 Bernhard

147 2478 178 2515 (ed.
190 2477 231 2514 Opp.
244 2477 260 2507 5.
273 2477 291 2507 Β.
304 2477 348 2507 Paris
360 2478 403 2514 1667,
414 2478 444 2514 iV;
455 2477 497 2516 Opp.
508 2479 527 2509 ib.
539 2480 582 2516 1839,
594 2478 612 2513 1;
626 2479 692 2515 Surius;
702 2479 757 2517 Migne
769 2478 814 2515 182);
829 2475 848 2506 cs.

146 2518 191 2547 Vinc.
202 2517 242 2547 Bell.
294 2518 329 2548 3Ε.
338 2517 386 2547 nichil
393 2518 445 2548 traxit.
497 2516 544 2549 ⁴Vit.
553 2522 630 2549 materno.
681 2519 715 2549 ὗΕ.
724 2517 850 2551 archinachana3

146 2558 164 2587 T.
172 2558 279 2587 archmacana.
351 2557 357 2574 ⁶
367 2567 390 2587 sc.
398 2558 468 2587 lmarius.
539 2558 544 2575 ⁷
555 2568 578 2588 sc.
586 2559 646 2589 Celsus.
726 2559 732 2576 ⁸
741 2559 759 2589 T.
767 2555 849 2588 eiusmodi.

146 2597 152 2614 ²
162 2598 181 2626 E.
189 2597 269 2627 nitebatur,
330 2598 341 2615 ¹⁰
351 2597 383 2627 Vit.
390 2598 450 2627 scirent
456 2597 482 2627 vel
489 2607 503 2628 v.
