1762 2803
48 154 183 195 issatis-r
215 124 676 201 memunmunnotmeetuattptn
705 153 750 198 579

48 267 166 312 indignacione
177 263 229 299 dixit:
242 263 286 298 ‘Pro
293 262 357 297 nichilo
364 263 417 297 inflati
426 262 472 304 estis,
478 268 494 297 et
502 262 519 296 in
528 268 598 296 ventum
605 263 658 295 rerba
664 262 749 304 profertis.

49 321 93 363 Quid
105 318 150 351 enim
161 315 231 357 dignum
242 313 342 356 adquisistis
354 314 437 346 memoria
444 313 488 346 inter
498 318 523 345 tot
534 312 626 354 preliorunr
636 311 749 344 discrimina?

49 372 98 404 Certe
108 365 179 408 quidam
190 362 257 397 iuuenis
268 362 372 396 Edmundus
382 373 436 405 nuper
447 374 458 395 a
469 362 544 396 Saxonia
554 362 660 396 descendens
671 361 749 404 anglicos

49 420 70 454 ad
83 418 130 451 sinus
145 424 184 448 cum
198 412 258 456 paucis
270 413 336 455 appulit
350 418 367 446 et
381 424 452 455 regnum
465 412 554 456 Estanglie
566 422 597 456 pro
609 413 653 447 velle
668 412 749 455 disponit.

50 468 92 511 Quid
103 478 133 499 vos
143 475 225 506 vmquam
237 463 292 496 simile
303 464 404 506 peregistis?
427 465 443 496 Ο
453 464 508 507 qualis
518 463 597 505 genitura
606 474 646 497 mea
653 463 670 496 in
678 463 767 503 vobist's

50 520 75 553 llli
86 518 143 559 itaque
155 521 190 548 tarn
202 513 268 547 inuidia
278 513 332 547 inflati
342 523 395 558 quam
404 519 475 557 patema
486 513 621 556 exprobratione
632 514 748 556 verecundati,

49 568 190 602 machinabantur
203 564 225 596 ab
241 564 270 595 illo
282 564 315 604 die,
328 563 342 595 si
355 564 424 605 quando
437 564 546 605 oportunitas
556 573 574 596 se
584 563 669 605 optulerit,
678 564 749 597 beatum

50 615 160 651 Edmundum
171 619 201 646 aut
212 613 230 644 in
241 613 348 645 sentenciam
359 623 408 645 suain
419 613 487 645 trahere
498 619 515 646 et
526 612 605 655 potencie
613 622 643 645 sue
654 612 749 654 sub'tugare,

50 673 78 701 aut
92 663 152 698 mortis
167 663 251 707 supplicio
266 662 356 697 trucidare.
377 663 432 699 ttEx
442 662 514 696 cronicis
530 663 599 696 Weslm.
612 665 630 695 et
641 662 722 695 Norwicz'
734 667 751 695 et

50 718 99 760 Haly.
122 717 184 748 Postea
195 714 270 757 quadam
280 713 308 747 die
319 719 368 755 pater
379 724 438 747 eorum
448 713 555 746 Lothhrocus
563 724 602 746 cum
612 712 693 755 accipitre
703 714 750 746 solus
760 725 779 746 ro

51 770 118 802 breuem
125 764 223 798 nauiculam
231 763 323 805 ingressus,
331 770 349 797 vt
358 763 375 796 in
385 764 444 797 insulis
455 764 507 796 maris
517 770 534 796 et
544 770 589 797 terre
598 763 658 796 vicinis
665 768 727 796 anates
734 768 750 796 et

51 816 124 849 auiculas
132 814 175 846 alias
182 820 279 855 aucuparet,
284 813 340 846 subita
346 819 448 856 tempestate
454 814 524 846 suborta
531 813 575 846 intra
583 812 635 845 maris
644 812 751 846 latitudinem

51 871 111 908 raptus,
117 864 177 897 diebus
185 863 250 906 aliquot
258 872 296 896 curn
304 862 383 896 noctibus
391 862 425 896 huc
432 862 505 907 illucque
513 862 590 896 deiectus
597 862 672 904 grauiter
677 862 751 896 vexaba-

51 923 81 950 tur.
98 915 131 957 Qui
139 913 215 954 tandem,
222 913 296 957 plurima
304 913 356 947 maris
363 913 438 957 pericula
445 923 542 956 perpessus,
551 914 567 946 in
576 913 657 955 Angliam
666 912 752 956 proiectus

52 972 75 1000 est
83 972 99 999 et
106 966 123 999 in
131 964 238 1007 prouinciam
243 964 365 1005 Estanglorum
372 974 405 1006 que
411 964 531 998 Northsolchia
542 963 610 1005 dicitur,
617 965 664 1006 apud
672 964 752 997 Redham
761 970 779 1002 15

51 1016 106 1049 villam
112 1013 199 1056 applicuit,
204 1020 221 1047 et
227 1015 249 1047 ab
256 1014 355 1047 hominibus
359 1015 433 1055 regionis
439 1025 477 1047 cum
484 1014 566 1055 accipitre
571 1015 618 1046 solus
624 1014 710 1053 inuentus,
716 1014 751 1055 regi

52 1065 171 1105 Estanglorum
179 1063 273 1096 Edmundo
282 1061 326 1105 [pro]
334 1062 416 1096 miraculo
423 1069 542 1106 presentatur;
555 1069 571 1095 et
581 1063 603 1095 ab
613 1062 651 1105 ipsu
661 1072 701 1104 rege
712 1073 752 1096 cum

52 1115 114 1148 honore
122 1118 205 1155 receptus,
213 1112 319 1154 aliquamdiu
329 1112 346 1145 in
357 1112 404 1146 curia
413 1113 449 1146 eius
460 1112 547 1146 remansit.
570 1113 593 1147 Et
602 1113 684 1156 quoniam
693 1114 752 1155 lingua

53 1165 139 1197 Danorum
147 1162 236 1205 anglicane
245 1162 302 1206 lingue
310 1164 366 1197 vicina
373 1171 405 1205 est,
414 1165 531 1198 Lothobrocus
541 1163 576 1205 regi
584 1163 629 1206 cepit
637 1174 706 1197 narrare
717 1174 752 1206 quo

52 1225 91 1246 casu
102 1214 119 1246 in
127 1213 207 1255 Angliam
214 1213 300 1256 proiectus
311 1214 375 1247 fuisset.
398 1214 500 1248 Placuerunt
508 1213 566 1257 itaque
574 1213 671 1248 Lothhroco
682 1213 700 1248 iu
711 1225 752 1256 rege
761 1223 781 1244 πο

53 1264 143 1298 Edmundo
150 1274 218 1297 morum
226 1263 314 1306 plenitudo
322 1270 338 1298 et
346 1264 408 1298 milicie
419 1263 509 1305 disciplina
519 1263 669 1307 quamplurimum,
677 1265 727 1297 simul
735 1272 752 1297 et

53 1314 137 1347 curialitas
148 1314 246 1347 astancium
256 1313 378 1354 ministrorum,
390 1324 433 1357 quos
443 1313 505 1355 regalis
514 1314 599 1347 industria
610 1313 628 1346 in
639 1314 685 1347 omni
696 1324 752 1346 rerum

54 1369 112 1396 ornatu
127 1368 144 1397 et
159 1369 235 1396 scemate
250 1364 339 1397 verborum
357 1364 430 1406 pleniter
447 1363 550 1397 insonnauit.
580 1364 609 1397 Ad
625 1365 671 1397 hanc
685 1374 753 1408 quoque

55 1414 159 1447 Lothhrocus
166 1423 234 1447 morum
242 1413 350 1457 disciplinam
361 1415 400 1448 licet
410 1425 488 1458 paganus
497 1421 606 1457 prouocatus,
613 1416 686 1456 rogabat
696 1425 754 1457 regern

55 1464 154 1505 propensius
162 1471 181 1497 vt
189 1465 222 1497 sibi
230 1464 288 1497 liceret
295 1466 313 1497 in
320 1466 357 1498 eius
365 1466 412 1498 curia
423 1464 508 1498 demorari
518 1470 536 1497 ut
547 1463 614 1507 regi[i]s
622 1471 679 1507 posset
687 1464 755 1507 plenius
764 1476 783 1506 ²5

54 1512 111 1546 instrui
123 1513 223 1556 disciplinis.
247 1515 325 1557 Cumque
338 1525 367 1549 rex
379 1515 482 1548 Edmundus
496 1514 599 1557 peticionem
611 1515 649 1547 elus
662 1516 756 1547 clementer

55 1564 160 1596 exaudisset:
172 1564 225 1597 iunxit
235 1573 254 1597 se
266 1565 373 1597 Lothhrocus
381 1564 458 1597 venatori
466 1564 512 1605 regis
521 1563 591 1596 nomine
603 1565 664 1604 Bemo,
673 1570 691 1596 vt
701 1570 755 1596 artem

54 1612 164 1653 venatoriam,
171 1613 189 1646 in
198 1623 232 1655 qua
239 1619 276 1647 erat
283 1612 359 1646 eruditus
367 1614 390 1647 nd
398 1613 473 1657 plenum,
481 1624 520 1646 eum
528 1613 566 1656 ipso
573 1613 694 1657 frequentaret.
713 1615 756 1648 Erat

55 1661 97 1694 enim
105 1667 140 1695 tam
148 1662 165 1696 in
173 1663 288 1707 aucupacione
296 1674 348 1707 quam
356 1662 374 1698 in
381 1664 476 1698 venacione
483 1663 581 1706 graciosus:
593 1665 638 1698 vnde
646 1663 663 1698 in
671 1664 732 1698 auibus
739 1672 756 1698 et

55 1711 112 1745 bestiis
122 1713 211 1756 capiendis
222 1714 280 1747 omnia
291 1724 323 1757 pro
335 1720 375 1748 voto
388 1714 420 1748 sibi
433 1714 553 1748 succedebant.
576 1714 660 1757 Capiebat
674 1714 755 1759 quicquid
764 1726 784 1755 ³⁰

55 1760 125 1802 uolebat,
132 1770 150 1796 et
157 1774 235 1797 mensam
242 1764 288 1806 regis
296 1764 421 1798 delicatissimis
429 1763 496 1798 ferculis
507 1775 578 1807 persepe
589 1765 660 1798 ditabat.
684 1766 707 1798 Et
717 1775 756 1798 cum

56 1809 113 1845 luisset
120 1823 131 1845 a
137 1824 183 1856 rege,
192 1814 209 1847 in
218 1820 300 1857 quantum
308 1815 344 1849 eius
352 1815 439 1856 gentilitas
449 1814 530 1857 permisit,
538 1815 622 1847 dilectus:
634 1814 679 1858 cepit
686 1823 757 1849 venator

56 1862 98 1902 regis
112 1863 127 1895 ei
140 1864 215 1905 grauiter
226 1864 309 1905 inuidere,
321 1875 352 1907 pro
364 1876 385 1898 eo
398 1865 444 1908 quod
457 1865 474 1897 in
490 1864 555 1898 artibus
570 1864 651 1907 predictis
667 1864 723 1908 ipsum
738 1865 756 1898 in

56 1910 132 1946 omnibus
147 1914 244 1957 superabat.
272 1915 352 1958 Quadam
367 1915 419 1957 igitur
433 1915 461 1949 die
476 1915 517 1949 dum
532 1921 613 1949 venatum
628 1916 692 1956 pariter
707 1915 756 1955 irent,

56 1968 125 1995 venator
132 1963 188 2007 ipsum
197 1965 314 1999 Lothhrocum
322 1965 411 2005 interiecit,
418 1971 436 1999 et
444 1964 461 1998 in
469 1965 554 1998 densitate
564 1966 639 1998 nemoris
649 1965 756 1999 interiectum
765 1974 784 2003 ³5

57 2010 150 2047 abscondit.
173 2016 212 2057 Quo
219 2015 271 2056 sacto,
278 2015 349 2049 recessit
358 2022 430 2049 venator
439 2015 553 2057 nequissimus
563 2021 580 2048 et
591 2025 643 2048 canes
654 2016 757 2049 comitando

57 2060 78 2091 ad
93 2072 111 2093 se
122 2065 195 2097 vocauit.
219 2064 319 2098 Nutriuerat
332 2070 389 2098 autem
403 2065 509 2097 Lothhrocus
524 2063 627 2106 leporarium
640 2065 728 2108 quendam
740 2064 757 2098 in

58 2108 101 2142 curia
108 2113 153 2155 regis
161 2114 256 2156 Edmundi,
264 2114 292 2157 qui
300 2114 361 2158 ipsum,
369 2120 387 2147 vt
395 2113 431 2147 lieri
443 2114 491 2154 solet,
498 2114 570 2148 multum
579 2113 643 2156 dilexit,
651 2121 668 2148 et
676 2121 758 2150 venatore

58 2167 94 2193 cum
102 2164 162 2197 ceteris
170 2166 242 2198 canibus
249 2166 345 2206 recedente,
352 2165 380 2198 ille
388 2166 434 2198 solus
442 2174 481 2198 cum
488 2174 559 2206 corpore
565 2164 631 2198 domini
637 2164 663 2199 sui
671 2166 758 2200 remansit.

59 2208 77 2241 ln
85 2214 158 2247 crastino
166 2225 234 2259 quoque
241 2226 280 2248 curn
288 2226 317 2248 rex
325 2216 392 2249 sederet
403 2216 426 2249 ad
436 2226 514 2249 mensam
525 2220 542 2249 et
551 2216 595 2249 inter
602 2221 668 2250 ceteros
676 2217 759 2250 commili·
767 2227 787 2257 4⁰

58 2262 105 2313 tones
116 2264 232 2300 Lothhrocum
243 2276 277 2300 non
285 2266 367 2299 vidisset:
376 2266 448 2308 quesiuit
459 2266 561 2309 propensius
573 2277 584 2298 a
594 2265 677 2300 ministris
686 2266 727 2309 quid
738 2268 760 2301 de

58 2309 85 2341 rllo
96 2319 152 2346 actum
163 2316 229 2349 suisset.
252 2316 283 2348 Cui
292 2322 364 2349 venator
374 2318 440 2348 Bernus
452 2315 493 2348 dixit
504 2316 550 2358 quud
559 2315 587 2348 die
598 2316 727 2349 hesternarum
737 2316 759 2350 de

58 2367 118 2394 venatu
130 2364 200 2398 domum
211 2366 280 2408 rediret,
292 2366 329 2409 ipse
342 2365 424 2399 remansit
437 2365 455 2399 in
467 2366 510 2399 silua
523 2371 562 2409 post
575 2376 620 2406 eum,
632 2373 648 2400 et
660 2365 707 2409 quod
720 2376 759 2399 eum

59 2416 116 2449 postea
127 2424 162 2448 non
173 2416 235 2451 viderit
246 2417 339 2451 asserebat.
362 2417 397 2450 Sed
408 2417 436 2449 vix
447 2418 500 2449 verba
509 2417 623 2460 compleuerat
633 2424 650 2450 et
661 2427 701 2450 ecce
712 2418 759 2460 lepo-

59 2459 111 2494 rarius
122 2473 173 2506 quenr
182 2467 275 2501 nutriuerat
288 2467 395 2500 Lothhrocus
407 2467 472 2508 regiam
484 2466 570 2508 ingressus
581 2468 638 2500 aulam
651 2467 730 2500 omnibus
743 2474 760 2500 et
767 2475 787 2505 45

59 2509 130 2564 inanime
144 2515 181 2556 regi
196 2517 277 2549 adulante
295 2516 352 2549 cauda
366 2517 470 2559 applaudere
485 2517 578 2558 satagebat.
605 2517 661 2557 Quem
676 2526 705 2549 rex
720 2525 759 2550 curn

60 2556 132 2603 vidisset,
144 2565 240 2599 astantibus
252 2566 305 2601 dixit:
323 2567 380 2600 ‘Ecce
392 2566 440 2600 canis
455 2566 547 2599 Lothhroci
562 2565 656 2600 adueniens
671 2566 760 2600 dominum

384 2655 432 2692 epa
