1762 2803
96 163 138 207 272
286 151 366 203 uuna
382 148 498 212 termut
513 148 605 212 unuln.

96 273 233 309 contradicendi
244 273 341 315 didicisset,
351 273 376 307 ita
387 273 500 318 stupefactus
510 273 577 307 uirtute
587 271 680 313 dictorum,
692 272 726 307 hoc
738 273 797 308 solum

96 328 209 372 respondere
221 327 283 371 potuit,
295 326 320 361 ita
331 326 366 361 sibi
378 326 442 368 uideri,
455 338 489 361 nec
502 327 551 361 aliud
562 331 599 360 tam
611 336 676 361 uerum
688 337 730 361 esse
742 337 797 371 quam

97 382 146 425 quod
154 381 230 416 dixerat.
252 381 305 414 Tunc
313 379 375 414 senior
383 378 418 414 ait:
431 379 462 414 ‘Si
473 379 507 413 hec
517 379 542 414 ita
552 390 594 413 esse
605 378 704 422 credidisti,
713 391 768 424 surge
779 386 797 414 et

97 444 176 478 sequere
184 445 214 470 me
223 439 241 468 et
252 434 306 468 huius
317 434 360 468 fidei
369 433 484 477 signaculum
495 433 578 477 suscipe?
601 433 725 478 Philosophus
736 439 797 468 autem

80 494 88 523 5
98 498 198 520 conuersus
206 488 229 520 ad
237 486 336 529 discipulos
344 497 388 520 suos
396 492 414 520 et
423 498 455 520 eos
463 486 494 529 qui
504 486 590 520 audiendi
598 487 658 529 gracia
668 492 798 526 conuenerant,

96 539 131 573 ait:
148 539 230 581 ‘Audite
240 539 257 581 (o
267 539 333 572 eruditi
346 538 394 581 ui)ri.
417 539 481 572 Donec
492 538 555 572 uerbis
567 549 640 572 mecum
653 544 705 582 gesta
718 549 748 573 res
764 545 797 580 est,

96 591 220 627 uerbauerbis
226 591 331 636 opposui‚et
337 592 386 635 quod
391 591 489 633 dicebatur,
493 591 565 626 dicendi
571 596 610 625 arte
615 591 702 626 subuerti.
712 591 748 626 Vbi
753 603 798 626 uero

96 656 130 689 pro
141 645 203 680 uerbis
214 645 273 679 uirtus
283 645 374 689 processit
385 655 409 678 ex
420 656 452 678 ore
464 644 546 688 dicentis,
554 656 591 678 non
602 650 701 688 potuerunt
711 646 798 680 resistere

92 700 154 738 ,uerba
168 698 236 741 uirtuti,
254 710 288 733 nec
306 699 362 733 homo
380 698 438 742 potuit
457 698 551 733 aduersari
568 699 608 732 deo.
632 699 655 733 Et
669 698 711 733 ideo
726 699 742 733 si
757 698 798 743 quis

69 760 88 781 10
96 758 178 787 uestrum
186 753 244 796 potuit
251 752 270 786 in
278 751 313 786 hiis
321 763 356 796 que
365 751 412 785 dicta
420 757 463 785 sunt
470 752 539 785 sentire
547 763 583 796 que
591 752 646 792 sensi,
655 753 717 786 credat
725 752 798 786 Christo

96 812 115 840 et
126 811 213 849 sequatur
224 806 273 839 hunc
285 816 354 847 senem,
363 805 382 839 in
393 816 428 847 quo
439 806 510 839 locutus
519 811 547 839 est
558 806 614 839 deus)
638 805 666 839 lta
676 805 798 849 philosophus

96 859 205 893 christianus
213 858 294 900 effectus,
302 859 377 893 tandem
385 869 406 891 se
414 858 514 902 gratulatus
522 863 551 892 est
559 856 641 901 uictum]

178 952 236 995 5an
248 967 318 991 SANCTO
330 951 437 991 DUNSTANO
449 967 536 991 EPISCOFO
547 967 570 990 ET
581 967 697 991 CONFESSORE
704 957 715 990 1.

100 1022 224 1099 REgnante
235 1031 279 1064 rege
292 1020 404 1062 Ethelstano,
415 1031 464 1054 anno
475 1020 527 1063 regni
538 1020 566 1054 sui
578 1020 643 1063 primo,
654 1021 745 1054 aduentus
755 1030 799 1053 vero

161 1074 264 1118 Anglorum
279 1073 298 1106 in
314 1073 426 1107 Britanniam
443 1073 623 1117 quadringentesimo
638 1073 799 1117 nonagesimosep-

71 1130 89 1161 15
97 1126 147 1167 timo,
159 1132 213 1160 natus
226 1131 254 1159 est
266 1137 312 1169 puer
323 1125 353 1159 dei
365 1125 471 1159 Dunstanus
485 1125 504 1159 in
515 1126 649 1160 westsaxonica
660 1125 727 1169 Anglie
740 1126 799 1170 plaga,

96 1179 168 1224 magnis
181 1178 254 1223 quideln
267 1189 301 1222 pro
312 1178 371 1213 seculi
383 1178 470 1223 dignitate
482 1179 594 1222 parentibus,
606 1180 639 1214 sed
651 1179 674 1213 ad
686 1178 798 1222 religionem,

96 1244 132 1277 que
147 1231 255 1267 christianos
271 1232 328 1273 decet,
344 1231 398 1275 longe
413 1231 518 1265 maioribus.
545 1232 604 1265 Tanta
619 1232 710 1276 siquidem
729 1231 799 1265 ratione

96 1288 179 1322 viuentes
191 1286 272 1321 animum
283 1286 372 1328 colebant,
383 1290 409 1319 tot
421 1285 456 1330 piis
468 1285 555 1329 operibus
566 1286 671 1320 laborantes
682 1285 798 1328 insudabant,

97 1346 121 1383 vt,
130 1341 177 1375 sicut
185 1341 245 1374 eidem
253 1339 290 1372 filio
301 1350 335 1373 suo
346 1341 464 1383 postmodum
472 1339 534 1373 diuina
541 1339 653 1373 reuelatione
661 1339 744 1380 innotuit,
751 1338 800 1373 viam

70 1393 184 1428 ²0vniuerse
197 1392 257 1426 carnis
270 1391 349 1435 ingressi
364 1391 459 1436 spiritibus
474 1391 562 1433 angelicis
577 1392 663 1426 associari
679 1397 799 1425 mererentur.

98 1446 186 1490 Magnum
205 1445 255 1479 enim
274 1446 320 1479 deus
342 1455 420 1489 puerum
438 1445 519 1479 futurum
538 1445 657 1489 preuidebat3
680 1444 709 1479 cui
728 1450 799 1479 tantum

98 1499 180 1533 muneris
188 1500 275 1532 donatum
284 1503 339 1531 estut
349 1503 391 1531 ante
401 1499 470 1531 mundo
481 1497 539 1540 signis
547 1498 676 1539 innotesceret,
684 1508 739 1541 quam
751 1498 800 1531 hunc

97 1552 117 1585 in
125 1552 189 1585 mundi
197 1551 251 1586 huius
259 1551 319 1584 lucem
326 1556 385 1584 mater
392 1550 475 1584 fudisset.
496 1550 578 1594 Cumque
586 1550 605 1584 in
613 1550 739 1594 purificatione
747 1551 800 1585 beate

99 1604 157 1638 Marie
167 1604 247 1649 populus
258 1603 280 1637 ad
291 1603 387 1637 ecclesiam
396 1602 415 1637 in
424 1603 517 1637 Glastonia
528 1603 634 1646 conflueret,
642 1603 717 1647 contigit
729 1608 800 1647 patrem

72 1662 90 1693 ²5
99 1657 152 1702 pueri
160 1658 279 1697 Herstanum,
287 1667 328 1690 cum
340 1656 417 1699 coniuge
429 1667 462 1690 sua
473 1657 549 1699 grauida
561 1656 662 1690 Kinedrida
670 1658 692 1690 ad
705 1657 801 1691 ecclesiam

100 1711 203 1753 aduenisse,
215 1709 334 1754 accensisque
346 1710 432 1751 candelis,
443 1709 501 1743 sacris
516 1710 614 1743 missarum
626 1709 734 1753 solempniis
745 1710 801 1744 inter-

99 1764 161 1797 fuisse.
184 1764 207 1797 Et
219 1775 260 1796 cum
272 1764 366 1796 recitatum
378 1769 428 1796 esset
440 1764 594 1806 quemadmodum
605 1774 683 1806 puerum
696 1763 771 1797 ihesum
782 1763 801 1797 in

99 1817 188 1860 templum
200 1819 286 1860 parentes
298 1815 410 1857 inducerent,
422 1815 509 1848 maiestas
521 1814 589 1848 domini
601 1820 677 1858 repente
689 1814 757 1849 ibidem
769 1825 801 1859 ap-

98 1869 163 1914 paruit,
176 1880 212 1913 que
224 1868 320 1903 luminaria
332 1873 396 1902 cuncta
411 1868 527 1912 extinguens,
542 1873 599 1902 totam
614 1869 689 1902 domum
704 1869 801 1902 tenebrosa

71 1931 90 1960 30
99 1923 175 1966 caligine
187 1922 261 1955 obtexit.
284 1922 354 1955 Pauore
364 1921 419 1964 igitur
426 1921 492 1964 singuli
499 1922 601 1963 tabescunt,
609 1921 669 1965 rigent
677 1931 734 1962 come,
742 1932 802 1965 genua

98 1976 218 2017 colliduntur;
230 1984 286 2009 sensu
298 1975 369 2009 stabant
381 1974 473 2017 herentes,
485 1979 503 2008 et
514 1974 589 2009 alternis
601 1974 694 2009 obtutibus
706 1979 801 2020 stuporem

97 2030 204 2064 indicantes.
227 2029 270 2069 Sed,
285 2033 304 2062 vt
323 2028 408 2062 omnibus
427 2029 496 2062 clarum
513 2030 565 2063 fieret
580 2028 624 2072 quid
640 2029 673 2063 hac
689 2028 707 2062 in
723 2040 749 2071 re,
765 2040 800 2073 que

98 2083 182 2127 apparuit
194 2082 279 2115 maiestas
290 2081 402 2123 intenderet;
415 2082 508 2124 extemplo
520 2083 552 2115 lux
563 2081 627 2115 celitus
640 2080 708 2115 emissa
717 2082 801 2125 resplen-

98 2136 142 2178 duit,
156 2141 174 2170 et
190 2145 232 2170 eum
245 2144 300 2178 quem
315 2145 407 2179 puerpera
421 2146 477 2168 manu
492 2135 565 2169 tenebat
580 2145 654 2169 cereum
669 2134 758 2169 accendit.
781 2133 802 2169 Si

71 2197 90 2228 35
98 2194 140 2223 ante
148 2189 227 2233 populus
236 2188 259 2221 de
267 2187 335 2221 amisso
343 2188 411 2221 lumine
419 2188 495 2222 miratus
503 2193 536 2229 est,
549 2198 598 2221 nunc
607 2187 672 2221 maiori
683 2188 802 2222 admiratione

98 2243 153 2276 simul
161 2248 179 2275 et
188 2240 299 2274 exultatione
307 2240 408 2274 detinetur!
431 2241 450 2274 A
457 2241 526 2275 lumine
534 2241 595 2284 itaque
603 2240 633 2274 illo
641 2241 703 2274 lumen
712 2241 802 2280 omnibus,

98 2304 136 2327 non
147 2293 238 2328 immerito
251 2292 377 2336 gaudentibus,
389 2298 494 2336 porrectum
505 2298 538 2326 est.
562 2293 609 2325 Nato
620 2293 681 2336 itaque
694 2292 802 2332 Dunstan0;

99 2357 141 2379 cum
158 2346 239 2388 linguam
254 2345 277 2378 ad
292 2344 405 2388 loquendum
417 2345 506 2388 temporis
520 2355 609 2389 processu
623 2345 703 2379 formare
717 2344 802 2387 cepisset,

100 2410 110 2432 a
125 2399 232 2442 parentibus
247 2397 286 2432 suis
299 2399 324 2445 >ad
339 2397 435 2431 ecclesiam
450 2398 542 2432 defertur:
557 2403 575 2431 et
588 2396 624 2431 illis
636 2397 655 2430 in
669 2395 750 2430 oratione
762 2408 803 2441 per·

71 2465 92 2494 40
100 2451 219 2493 metantibus,
231 2450 315 2495 apparuit
322 2450 350 2484 vir
358 2450 454 2484 ethereum
464 2450 535 2484 habens
545 2450 626 2492 vultum,
637 2451 698 2483 locum
710 2449 755 2483 dixit
766 2461 803 2484 non

42 2515 44 2518 ⁴
100 2504 157 2538 multo
164 2509 207 2548 post
212 2509 296 2548 ternpore
304 2503 444 2546 sublimandum,
449 2514 527 2547 puerum
536 2504 605 2538 ibidem
613 2504 648 2538 deo
656 2503 803 2546 relinquendum,

120 2578 125 2596 ¹
136 2571 195 2615 Mostly
203 2578 278 2615 abridged
285 2578 325 2608 from
332 2578 359 2607 the
366 2578 403 2607 Vita
409 2579 431 2616 by
438 2578 501 2607 Osbern
509 2579 532 2614 (in
539 2578 573 2607 Aet.
580 2577 609 2607 SS.
617 2577 657 2606 Boll.
663 2577 700 2615 May
707 2577 733 2609 iV.
739 2588 754 2617 p.
760 2579 802 2618 358),

101 2619 141 2649 with
148 2619 236 2655 additious;
247 2619 274 2647 the
281 2622 315 2648 text
321 2618 412 2656 frequently
419 2628 475 2656 agrees
481 2618 521 2648 with
527 2618 573 2648 Vinc.
582 2616 621 2647 Bell.
630 2617 690 2647 XXIV.
