1762 2803
41 173 124 211 resnou.
133 170 174 209 aa]
250 157 296 211 Di
311 153 347 207 ἦ.
363 153 532 207 fflissmdisstss.
696 158 737 212 561

41 294 58 324 et
69 284 119 320 alibi:
135 278 232 324 ‘Quamdiu
244 276 309 312 fecistis
321 276 351 311 vni
364 287 385 311 er
396 275 472 310 minimis
484 275 532 318 meis,
540 274 591 310 michi
602 274 677 309 fecistis!
699 276 742 309 Mox

42 338 86 372 enim
97 334 125 367 vbi
136 332 203 375 pauper
212 330 299 368 clamaret,
306 328 339 361 deo
350 327 416 368 gracias
427 338 481 369 agens
492 327 569 366 festinus,
576 336 615 359 cum
627 326 674 359 omni
684 332 742 359 tamen

41 385 124 430 grauitate
133 387 151 415 et
161 379 251 416 modestia,
259 377 293 411 nisi
303 377 321 411 in
332 378 389 419 aliquo
395 377 440 410 forte
447 376 500 410 diuini
509 377 560 410 officii
568 382 662 418 occupatus
669 375 743 416 negocio

42 435 86 479 quod
98 432 143 465 nullo
156 428 226 463 omnino
239 431 298 470 posset
310 425 374 460 differri
387 427 444 468 modo,
455 427 555 460 occurrebat
566 426 589 459 ad
600 436 645 468 eum,
656 435 707 469 opem
719 424 743 458 illi

42 482 130 520 confestim
134 484 245 524 prestaturus.
261 477 284 510 Et
289 488 332 521 quos
339 476 386 510 vnde
391 483 469 521 pasceret
475 477 573 512 substancia
580 475 664 519 corporali
672 475 743 509 minime
751 480 760 512 5

42 536 115 573 haberet,
127 530 208 564 uberibus
222 528 293 561 fletuum
304 526 415 571 querimoniis
428 527 495 561 illorum
506 526 596 570 penuriam
607 527 713 570 deplorabat,
725 532 742 560 et

43 584 94 620 corda
109 591 167 615 eorum
184 589 215 621 spe
231 577 351 611 retribucionis
368 584 426 611 eterne
440 578 554 617 subleuabat3
572 583 590 611 et
606 587 743 611 commemorans

43 634 74 669 illis
82 642 142 666 vocem
149 628 243 670 eivangelii,
251 628 313 660 ‘Beati
321 627 368 660 eritis
376 628 404 670 qui
411 627 506 661 nnnctletis
515 634 532 661 et
537 627 609 666 esuritis,
618 626 658 669 quia
665 626 743 659 ridebitis

43 690 59 717 et
67 678 194 719 saturabimini:
203 677 294 711 celestibus
300 687 330 710 eos
337 687 372 710 non
378 677 455 710 cessabat
462 677 535 710 educare
541 675 614 718 diuiciis,
622 685 655 718 que
662 685 744 718 umquam

43 731 154 775 dispergendo
162 728 284 762 detrimentum
292 726 328 769 pati
339 727 423 766 nesciunt,
431 732 458 760 set
468 726 524 768 magis
534 726 623 769 magisque
630 725 719 768 largiendo
726 725 743 758 in
753 733 772 755 10

44 786 152 824 augmentum
160 778 186 812 sui
194 787 233 811 cum
241 777 307 810 feruore
314 782 419 810 accrescunt.
442 778 469 810 Ita
477 787 516 809 curn
523 786 559 809 non
565 777 635 810 haberet
640 775 745 818 ter[r]estres

44 842 96 875 gasas,
109 829 191 873 prebebat
202 827 279 861 celestes.
292 829 299 867 il
312 827 392 869 Quadam
405 826 499 870 aliquando
512 827 540 860 die
552 827 593 860 dum
604 837 625 860 ex
636 836 684 859 more
694 825 745 859 solito

44 890 135 926 pauperum
149 879 201 912 corda
216 876 282 910 mollita
293 877 361 910 celestis
373 876 437 911 oraculi
448 877 539 910 dulcedine
552 876 632 909 deliniret
644 886 693 918 spem
705 885 745 918 pro·

45 932 112 964 mittens
122 927 242 961 retribucionis
253 932 316 967 eterne,
328 931 380 969 atque
390 925 474 959 oracionis
485 925 550 959 solacia
561 925 675 958 commiscens
686 935 745 958 eorum

45 979 156 1022 indigenciam
164 977 236 1011 multum
243 976 324 1012 defleret:
335 976 406 1021 contigit
411 983 430 1011 vt
437 977 508 1021 quidam
512 988 533 1011 ex
538 976 667 1011 scolasticorum
675 975 745 1018 collegio
754 981 772 1014 15

46 1032 82 1064 illac
89 1029 173 1063 transiret.
195 1027 230 1070 Qui
239 1038 279 1061 mox
289 1029 343 1062 liuore
352 1038 443 1071 percussus
455 1027 519 1062 inuidie
528 1033 545 1061 et
555 1033 615 1061 contra
624 1026 652 1060 dei
662 1026 745 1059 famulum

45 1081 152 1114 vehementer
165 1079 224 1119 iratus,
239 1077 256 1111 in
272 1078 325 1112 verba
339 1077 482 1112 subsannacionis
497 1084 514 1111 et
529 1077 640 1111 inclemencie
654 1076 745 1120 prosiliens

46 1131 104 1163 talibus
117 1129 164 1161 illum
175 1128 233 1161 verbis
246 1127 335 1171 increpitat
350 1128 420 1162 dicens:
438 1129 497 1161 ‘Tune
510 1129 543 1161 hec
555 1138 600 1160 vana
615 1126 663 1169 quasi
679 1125 763 1160 miseri-0

47 1180 102 1212 cordie
109 1189 161 1220 opera
172 1188 213 1219 erga
224 1178 251 1211 dci
263 1188 347 1220 pauperes
354 1178 422 1219 agitas?
444 1178 491 1211 Ecce
503 1176 565 1210 cotidie
572 1176 648 1210 iacentes
658 1175 676 1209 in
684 1175 745 1218 plateis

47 1228 83 1270 vagi
94 1228 168 1270 undique
178 1226 281 1269 colliguntur
288 1237 372 1270 pauperes
380 1233 397 1261 vt
405 1238 416 1261 a
423 1232 440 1261 te
448 1226 545 1268 inbuantur,
553 1232 571 1260 et
578 1226 630 1260 nichil
638 1225 746 1270 proficientes
754 1232 774 1256 πο

47 1278 160 1320 regrediuntur
167 1277 221 1311 vacui.
244 1278 337 1320 Quomodo
343 1287 385 1320 ergo
392 1288 423 1320 per
428 1283 483 1312 totum
492 1275 552 1320 [diem]
559 1277 640 1310 laborans
647 1287 690 1319 opus
697 1282 746 1309 tuum

47 1328 64 1361 in
76 1335 110 1361 tarn
122 1328 192 1370 ignobili
204 1327 255 1369 vulgo
268 1327 348 1361 flebiliter
358 1327 444 1369 deperdis,
456 1327 505 1370 quasi
517 1326 651 1359 misericordiam
663 1326 747 1359 simulans

48 1377 92 1410 cuius
103 1378 183 1410 affectum
193 1388 229 1409 non
239 1377 306 1410 habes?
328 1378 377 1410 Tune
386 1377 415 1410 ille
423 1387 443 1411 es
454 1377 502 1410 cuius
512 1376 574 1422 saltem
581 1376 608 1409 vel
616 1375 676 1409 umbra
687 1385 747 1408 omnes

48 1433 124 1459 curantur
138 1434 234 1470 poscentes,
247 1433 276 1460 aut
290 1426 343 1467 cuius,
357 1426 449 1470 pecuniam
459 1423 524 1460 habere
535 1435 554 1460 se
566 1425 673 1467 denegantis,
684 1424 747 1459 virtute

48 1477 136 1510 suscitatur
144 1478 237 1511 claudusi'
259 1479 282 1510 At
290 1482 350 1511 contra
359 1475 438 1520 aperiens
448 1486 468 1511 os
479 1486 529 1511 suum
540 1476 600 1511 beatus
608 1475 723 1509 Winwnloeus
730 1481 748 1509 et
756 1484 775 1516 25

48 1527 79 1559 deo
86 1528 151 1569 gracias
158 1538 217 1571 agens,
224 1529 271 1562 hanc
278 1528 364 1562 humiliter
370 1527 453 1561 letissimo
458 1537 490 1571 pro
495 1527 525 1561 tali
533 1526 610 1561 conuicio
617 1528 665 1561 uultu
673 1527 748 1560 reddidit

48 1577 70 1610 illi
77 1579 211 1621 responsionem,
219 1578 278 1613 dicens
286 1590 290 1613 :
302 1578 417 1612 ‘Benedictus
428 1578 457 1618 sis,
465 1578 584 1612 amantissime
591 1578 649 1618 irater,
656 1577 697 1620 quia
705 1577 748 1611 sicut

48 1630 133 1670 oportebat
141 1628 303 1662 conuenientissima
313 1628 366 1662 michi
373 1629 459 1671 protulisti
466 1629 571 1662 testimonia.
595 1629 663 1661 Clausis
670 1627 747 1661 omnium

49 1678 99 1711 oculis
109 1679 195 1712 calamum
206 1685 306 1721 quassatum
317 1678 432 1720 laudandum,
444 1679 467 1712 tui
479 1678 532 1712 solius
545 1678 600 1722 aperti
612 1683 651 1712 sunt
662 1677 712 1718 oculi,
719 1676 748 1720 qui

49 1727 175 1762 hoctamrecte
184 1729 243 1762 deme
254 1728 348 1762 diiudicare
358 1728 439 1771 potuisti!
461 1729 542 1762 Protinus
552 1734 622 1763 sanctus
632 1728 748 1762 Winwaloeus
757 1738 777 1769 30

49 1776 69 1808 de
80 1778 135 1811 medio
146 1777 265 1821 languencium
276 1779 363 1823 quendam
374 1790 434 1813 cecum
445 1778 529 1821 arripiens
540 1778 612 1822 excepit,
624 1779 689 1812 ducens
702 1779 749 1812 illum

50 1828 256 1870 secum¹secreciorem,et
263 1829 342 1864 itaorans
348 1829 380 1864 ait:
390 1829 446 1864 ‘Sicut
452 1828 601 1864 oculos²cecorum
607 1829 721 1863 clamancium
726 1829 749 1862 ad

49 1882 65 1909 te
73 1879 169 1913 “Miserere
179 1880 233 1914 nostri
242 1880 265 1913 fili
277 1881 335 1913 Dauid
340 1880 349 1897 ”
356 1880 427 1919 sanasti,
435 1880 459 1912 ita
469 1886 493 1919 tn,
500 1880 570 1912 domine
582 1880 621 1912 lesu
631 1880 704 1920 Christe,
712 1879 749 1920 dig·

49 1926 91 1959 neris
96 1937 163 1971 quoque
167 1935 185 1962 et
191 1929 240 1962 istius
246 1929 325 1962 iratrisin
331 1935 348 1962 te
355 1929 457 1961 confidentis
462 1930 521 1961 oculos
526 1929 599 1962 sanare!
610 1928 695 1971 Aperiens
702 1927 749 1962 deni-

50 1983 81 2016 que
88 1978 186 2013 oculoseius
192 1979 272 2013 manibus
280 1979 321 2021 suis,
329 1985 346 2012 et
354 1990 417 2023 spuens
424 1979 442 2012 in
450 1979 493 2021 illos,
501 1980 525 2013 ait
534 1990 538 2013 ι
550 1979 656 2021 ‘Argentum
664 1985 680 2012 et
688 1988 749 2012 aurum
757 1990 776 2023 35

50 2034 83 2059 non
93 2034 118 2061 est
130 2029 187 2071 michi,
196 2032 243 2074 quod
250 2036 308 2064 autem
319 2031 375 2064 habeo
386 2030 420 2063 hoc
431 2030 462 2063 tibi
470 2031 504 2063 do:
516 2031 537 2063 ln
545 2029 615 2063 nomine
622 2029 688 2062 domini
696 2029 750 2063 nostri
781 2032 786 2040 '

51 2075 98 2109 ihesu
107 2079 170 2113 Christi
178 2081 254 2123 respice!
275 2081 378 2124 Apertisque
388 2080 425 2113 eius
436 2080 495 2122 oculis,
503 2080 532 2123 qui
542 2079 596 2114 tristis
606 2080 668 2113 ductus
676 2080 730 2114 iuerat
740 2090 750 2113 e

50 2132 101 2168 porta,
106 2129 153 2170 letus,
159 2131 206 2164 nullo
211 2133 308 2172 reducente,
314 2130 384 2165 recurrit
390 2132 413 2164 ad
421 2131 472 2163 illam.
490 2130 580 2172 Magister,
584 2131 613 2163 vbi
620 2131 653 2163 hec
660 2141 671 2162 a
678 2141 751 2163 nanan-

50 2174 93 2208 tibus
105 2180 170 2213 audiuit
181 2187 208 2214 set
219 2187 278 2214 tamen
291 2181 378 2224 quomodo
388 2179 492 2213 accidissent
502 2179 570 2222 penitus
581 2179 705 2222 ignorantibus,
718 2180 751 2213 deo

51 2226 114 2262 gracias
127 2239 180 2271 agens
194 2230 300 2272 festinanter,
314 2241 352 2264 cunr
365 2240 431 2264 summa
443 2236 501 2264 tamen
514 2229 604 2273 grauitate,
618 2240 641 2264 ne
656 2231 694 2273 quis
708 2231 780 2271 sorteqc

50 2281 117 2317 propter
127 2279 161 2313 hoc
173 2281 282 2314 extolleretur
294 2281 312 2315 in
325 2288 387 2320 mente,
399 2282 443 2314 letus
459 2280 510 2314 currit
523 2282 546 2315 ad
561 2288 635 2324 portam.
662 2283 685 2315 Et
700 2282 751 2315 inter-

51 2333 111 2380 rqgans
124 2330 204 2372 quisnam
218 2342 278 2367 eorum
294 2337 311 2365 et
326 2332 411 2375 quomodo
426 2331 470 2365 visui
485 2332 559 2365 donatus
572 2332 637 2372 inisset,
650 2343 662 2365 a
676 2332 752 2374 quodam

52 2373 107 2410 dldicit
115 2389 134 2411 se
141 2391 201 2415 cecum
208 2382 261 2415 fnisse
267 2387 293 2415 set
298 2393 309 2415 a
314 2382 388 2425 quodam
393 2381 455 2415 iuuene
460 2382 576 2415 introductum
583 2382 636 2416 fuisse
643 2389 660 2415 et
668 2388 751 2415 curatum.

51 2423 105 2483 Senex¹
112 2435 169 2463 autern
176 2432 265 2465 admirans
275 2443 306 2474 pre
314 2432 389 2474 gaudio:
401 2432 458 2474 ‘Quid
469 2432 500 2465 tibi
507 2432 553 2473 lecit,
561 2432 621 2476 inquit,
629 2438 658 2465 aut
666 2432 752 2474 quomodo

51 2481 114 2514 apermt
121 2478 152 2513 tibi
160 2482 218 2514 oculos
224 2483 240 2514 i'
262 2480 295 2515 At³
305 2482 333 2515 ille
340 2482 458 2525 respondens:
471 2482 579 2524 ‘Mendicus,
589 2483 636 2524 dicit,
646 2483 727 2516 sedebam
734 2487 752 2515 et
759 2492 779 2525 45

52 2531 104 2568 cecus,
120 2540 192 2571 sperans
207 2532 225 2566 in
239 2533 297 2566 medio
312 2544 407 2577 pauperum
427 2544 437 2566 a
456 2534 585 2567 transeuntibus
600 2532 665 2575 aliquid
679 2542 707 2566 me
724 2541 752 2566 uc-

168 2597 175 2614 ¹
185 2598 231 2628 mss.
238 2608 296 2629 cecum.
379 2597 385 2615 ²
395 2598 429 2629 MS.
437 2598 482 2629 oculi.
562 2597 568 2614 ³
578 2607 590 2628 r.
598 2599 632 2629 Aci

72 2652 112 2682 VOL.
121 2658 140 2684 11.
386 2662 398 2688 o
406 2665 417 2688 ο
