1762 2803
109 142 152 197 184
299 139 379 194 muto
394 139 510 202 lanchua
525 139 618 202 ungue.

107 262 143 304 Qui
151 263 187 296 ait:
208 262 270 296 ‘Vade
286 267 304 296 et
321 263 349 297 dic
366 262 458 297 Machario
473 262 516 306 quia
531 273 567 297 non
585 273 626 296 sum
642 260 722 297 deterior
738 262 773 306 illo,
790 268 809 298 vt

108 316 246 350 benedictiones
259 316 281 349 ad
294 326 324 348 me
336 317 458 350 transmittat.y
481 316 522 357 Quo
535 317 596 349 audito
612 316 717 349 Macharius
730 317 753 349 ad
767 327 809 350 eum

107 368 184 401 ueniens
195 367 291 400 consilium
302 366 319 400 ei
331 368 437 401 humilitatis
448 368 508 409 dedit;
521 369 553 401 sed
565 368 678 411 persuadere
691 378 728 400 non
739 368 809 410 valens,

108 421 131 454 de
140 421 191 454 ruina
199 419 239 453 eius
247 419 304 452 tristis
312 419 406 453 abscessit.
429 419 513 464 Denique
522 420 610 464 dyabolus
618 420 637 453 in
646 420 706 464 effigie
714 420 810 454 saluatoris

91 475 248 516 5transfiguratus
263 478 316 505 nocte
330 472 381 507 venit
394 474 418 506 ad
432 483 479 515 eum,
496 483 537 506 cum
551 474 606 507 choro
619 473 668 507 mille
684 473 710 516 (vt
723 474 809 517 finxerat)

108 526 214 571 angelorum
228 525 323 570 lampades
336 535 424 560 accensas
437 524 544 569 tenentium,
557 531 575 561 et
588 536 630 561 cum
642 526 728 561 flammea
741 531 780 562 rota
792 527 810 561 in

108 591 144 623 qua
159 579 239 613 saluatur
255 590 276 612 se
292 580 358 613 sedere
374 579 471 621 simulauit,
487 590 523 613 vno
540 591 564 614 ex
579 580 616 614 iilis
631 581 742 624 precedente
757 582 810 625 eique

108 632 190 665 dicente:
204 631 284 664 ‘Placuit
295 631 368 665 Christo
379 632 495 665 conuersatio
507 636 538 664 tua
550 637 568 666 et
579 632 679 675 probabilis
691 633 728 666 vite
740 633 811 675 fiducia,

109 691 127 720 et
142 696 185 720 ecce
197 684 248 719 venit
260 685 283 719 ad
295 689 318 719 te.
340 685 421 719 Tantum
436 685 525 728 egredere
538 685 561 719 de
575 685 621 719 cella
633 689 664 719 tua
677 690 695 719 et
706 684 811 720 venientem

83 740 181 773 meminus
198 749 276 772 cernens
291 739 357 772 adora!
380 738 472 781 Egressus
489 738 543 781 igitur
558 738 610 771 illum
623 743 642 772 vt
654 739 709 772 deum
724 739 812 773 adorauit.

109 792 133 826 Et
148 792 232 835 sequenti
244 791 273 824 die
287 791 401 835 congregatis
414 792 437 824 ad
450 791 546 824 ecclesiam
559 791 645 825 fratribus
660 792 695 825 ait:
710 791 760 835 ‘Ego
775 793 811 826 iam

109 847 238 880 communione
246 856 284 879 non
291 846 376 890 indigeo:
388 845 481 880 Christum
492 845 541 879 enim
552 846 613 890 ipsum
624 845 679 879 hodie
688 845 736 879 vidi?
759 845 811 880 Tunc

110 899 168 934 sancti
181 903 243 942 patres
260 898 334 932 serreis¹
350 909 393 932 eum
406 898 483 932 vinculis
499 898 597 941 alligatum,
612 898 700 932 secularis
714 899 751 932 vite
770 910 812 932 con-

110 953 221 987 uersationi²
231 953 327 994 dederunt,
337 958 357 987 vt
366 963 390 986 ex
397 963 419 986 eo
427 957 488 985 tumor
495 952 551 985 animi
559 952 598 986 eius
609 957 690 986 cessaret
699 952 747 995 quod
757 952 812 986 nichil

85 1019 103 1048 15
112 1015 208 1038 commune
220 1015 262 1037 cum
272 1005 341 1038 sanctis
350 1005 432 1038 haberet.
455 1004 478 1037 Et
489 1005 568 1037 siceum
580 1015 613 1048 per
623 1009 681 1038 totum
693 1014 761 1037 annum
772 1015 812 1048 pro-

111 1058 157 1102 priis
165 1056 276 1091 orationibus
285 1061 399 1090 curauerunt.
435 1049 523 1090 ³Diebus
531 1066 603 1100 quoque
611 1056 686 1100 predicti
696 1057 753 1089 sancti
762 1057 813 1091 Cedd

112 1111 177 1144 fratres
188 1109 334 1143 lindisfarnensis
344 1110 422 1143 ecclesie
432 1115 570 1152 ceterarumque
581 1109 648 1153 Anglie
659 1110 737 1153 partium
749 1109 814 1144 domos

111 1163 226 1197 solummodo
241 1167 383 1196 construxerunt
395 1163 435 1196 sine
446 1162 512 1205 quibus
524 1162 638 1196 conuersatio
650 1162 708 1195 ciuilis
721 1173 763 1196 esse
776 1174 813 1196 non

111 1220 188 1260 poterat.
217 1215 247 1248 Nil
262 1215 381 1258 pecuniarum
396 1216 465 1258 absque
480 1215 578 1258 pecoribus
594 1215 691 1258 habebant,
706 1220 725 1248 et
740 1216 755 1248 si
770 1216 814 1259 quid

84 1279 103 1303 ao
111 1269 189 1313 pecunie
197 1279 207 1302 a
218 1268 304 1302 diuitibus
315 1269 428 1314 accipiebaqt
435 1278 479 1302 mox
487 1269 598 1311 pauperibus
606 1268 678 1302 dabant.
698 1268 745 1302 Nam
754 1279 814 1313 neque

112 1323 135 1356 ad
151 1322 286 1365 susceptionem
301 1322 403 1365 potentium
417 1322 474 1356 seculi
486 1321 517 1355 vel
531 1322 619 1365 pecunias
635 1322 694 1366 colligi
707 1322 737 1356 vel
749 1322 814 1356 domos

112 1375 204 1418 preuideri
220 1384 297 1407 neeesse
314 1374 351 1416 fuit,
368 1375 399 1417 qui
414 1385 508 1417 nunquam
525 1375 547 1407 ad
563 1375 660 1408 ecclesiam
676 1376 711 1408 nisi
728 1376 814 1409 orationis

112 1433 183 1461 tantum
193 1432 211 1460 et
221 1426 306 1460 audiendi
316 1427 367 1461 verbi
379 1428 409 1461 dei
420 1438 475 1461 causa
484 1427 587 1461 veniebant.
610 1426 652 1460 Rex
663 1428 712 1460 enim
719 1427 765 1469 ipse,
773 1438 815 1461 cum

113 1482 227 1525 oportunitas
236 1482 334 1524 exegisset,
345 1491 387 1514 cum
398 1483 478 1525 quinque
489 1486 559 1514 tanturn
570 1486 600 1514 aut
612 1491 645 1514 sex
656 1482 744 1514 ministris
753 1482 815 1515 venie-

86 1535 149 1577 25bat‚
166 1538 184 1567 et
200 1534 273 1577 expieta
286 1534 305 1566 in
318 1534 396 1567 ecclesia
409 1534 490 1567 oratione
501 1534 610 1567 discedebat.
641 1533 710 1575 Quodsi
724 1533 770 1566 forte
783 1545 816 1568 eos

114 1588 139 1621 ibi
158 1586 209 1621 refici
228 1588 346 1629 contingeret,
363 1587 441 1630 simplici
456 1591 527 1620 tantum
543 1592 561 1620 et
577 1587 667 1621 cotidiano
686 1587 761 1620 fratrum
776 1588 816 1622 cibo

115 1639 200 1681 contenti,
216 1639 272 1672 nichil
288 1639 335 1672 vltra
350 1640 455 1683 querebant.
478 1639 524 1672 Tota
540 1640 589 1673 enim
605 1639 638 1673 fuit
653 1645 695 1673 tunc
714 1640 816 1675 sollicitudo

114 1692 219 1727 doctoribus
224 1692 261 1725 iilis
269 1692 303 1725 deo
312 1693 409 1734 seruiendi,
417 1703 454 1725 non
463 1692 536 1735 seculo;
548 1697 585 1726 tota
592 1703 640 1735 cura,
647 1693 707 1726 cordis
715 1693 816 1737 excolendi,

115 1756 152 1778 non
160 1746 235 1778 ventris.
257 1744 312 1777 Vnde
320 1746 338 1777 in
347 1756 414 1788 magna
421 1750 460 1778 erat
467 1745 585 1778 veneratione
593 1751 676 1787 tempore
684 1746 715 1778 illo
723 1745 816 1787 religionis

88 1809 107 1838 30
115 1798 193 1839 habitus
208 1797 233 1830 ita
244 1801 263 1830 vt
275 1797 378 1841 vbicunque
391 1797 468 1832 clericus
479 1797 544 1841 aliquis
557 1802 588 1831 aut
600 1797 702 1831 monachus
717 1797 817 1841 adueniret,

114 1853 215 1894 gaudenter
226 1851 249 1883 ab
261 1851 345 1884 omnibus
357 1856 444 1894 tanquam
458 1851 487 1884 dei
500 1851 579 1885 famulus
591 1852 716 1894 exciperetur;
729 1852 788 1894 etiam,
801 1853 817 1885 si

114 1905 133 1937 in
141 1903 296 1946 itinere‘pergens
305 1903 423 1946 inueniretur,
432 1903 555 1947 accurrebant,
564 1909 582 1937 et
590 1903 638 1936 ssexa
646 1903 717 1937 ceruice
724 1903 754 1936 vel
762 1914 817 1937 manu

115 1956 187 2001 signari,
198 1956 227 1990 vel
238 1967 270 1989 ore
280 1956 329 1990 illius
342 1967 362 1991 se
372 1957 456 1991 benedici
466 1957 574 2000 gaudebant,
585 1957 647 1991 verbis
659 1967 731 2000 quoque
744 1956 817 1991 illorum

115 2010 243 2044 exhortatoriis
251 2009 347 2052 diligenter
355 2011 436 2043 auditum
444 2010 551 2053 prebebant.
571 2011 608 2044 Sed
617 2011 661 2043 etin
670 2010 734 2043 diebus
741 2010 818 2043 domini-

88 2076 106 2106 35
115 2064 141 2097 cis
149 2063 172 2096 ad
180 2061 276 2095 ecclesiam
284 2062 324 2095 siue
332 2063 354 2096 ad
363 2063 473 2096 monasteria
482 2062 569 2106 certatim,
577 2073 614 2096 non
626 2062 720 2096 reficiendi
731 2064 818 2107 corporis,

116 2117 149 2150 sed
159 2115 245 2149 audiendi
253 2116 344 2150 sermonis
352 2117 382 2150 del
392 2117 449 2160 gratia
457 2116 584 2157 confluebant;
597 2121 615 2150 et
626 2116 642 2150 si
650 2117 691 2159 quis
703 2116 818 2150 sacerdotum

115 2169 134 2202 in
147 2170 208 2202 vicum
219 2167 266 2201 sorte
279 2169 379 2212 deueniret,
391 2180 435 2202 mox
446 2170 551 2213 congregati
564 2171 583 2203 in
594 2180 651 2203 vnum
662 2169 730 2203 vicini⁴
740 2170 818 2203 verbum

115 2222 152 2256 uite
164 2222 186 2255 ab
198 2221 228 2254 illo
240 2226 327 2264 expetere
339 2223 431 2256 curabant.
456 2222 504 2256 Nam
516 2233 576 2267 neque
588 2223 622 2256 alia
636 2223 681 2266 ipsis
693 2222 818 2257 sacerdotibus

116 2281 147 2308 aut
162 2274 232 2308 clericis
247 2276 298 2308 vicos
314 2276 394 2308 adeundi
410 2286 465 2319 quam
481 2276 593 2319 predicandi,
609 2275 718 2319 baptizandi,
735 2274 819 2309 infirmos

88 2343 108 2372 40
116 2328 201 2361 visitandi
215 2331 238 2368 et,
253 2331 272 2360 vt
286 2328 366 2361 breuiter
379 2329 443 2369 dicam,
456 2328 527 2361 animas
539 2329 615 2362 curandi
627 2337 682 2361 causa
693 2327 730 2360 suit.
754 2327 789 2368 Qui
800 2329 819 2362 in

116 2385 186 2413 tantum
198 2385 250 2412 erant
261 2380 283 2413 ab
294 2381 344 2413 omni
355 2380 433 2414 auaricie
445 2385 497 2425 peste
508 2382 596 2426 castigati,
606 2386 625 2415 vt
636 2391 690 2413 nemo
699 2379 789 2414 territoria
798 2392 819 2415 ac

116 2434 245 2476 possessiones
257 2434 280 2466 ad
292 2436 415 2468 construenda
427 2435 544 2477 monasteria,
558 2435 593 2468 nisi
606 2445 616 2468 a
628 2434 748 2477 potestatibus
762 2435 820 2469 seculi

128 2556 237 2604 ῙΕῐἎπείε.
283 2558 317 2587 2Ε.
325 2560 450 2589 conuersatione.
495 2558 535 2589 ³Ct'.
544 2559 588 2589 Beda
597 2559 617 2589 H.
627 2559 644 2589 E.
656 2558 685 2588 ΠΙ.
693 2560 717 2589 26,
764 2558 820 2591 ⁴Bed.

117 2606 172 2628 vicani.
