1762 2803
236 106 282 162 Do
297 104 396 158 &uncto
412 103 556 167 uuouutiuo.
718 108 747 161 89

46 226 62 261 ei
76 238 154 271 quoque,
166 227 182 262 si
196 228 234 262 vita
249 237 311 262 comes
325 227 385 269 suerit,
398 227 474 270 pallium
488 227 570 261 tribuere
585 226 659 260 domino
675 225 747 259 fauente

46 279 166 324 disponimus,
174 292 229 325 quem
241 287 303 315 tamen
315 285 346 315 tue
358 280 477 315 fraternitatis
484 280 569 315 volumus
578 278 694 323 dispositioni
705 278 747 312 sub·

45 332 110 367 iacere.
134 334 177 368 Post
185 335 255 368 obitum
262 344 307 368 vero
315 339 367 367 tuum
377 333 402 366 ita
412 333 503 378 episcopis
511 344 558 377 quos
566 332 677 366 ordinauerit
685 330 748 376 presit,

45 391 65 419 vt
72 386 199 422 londoniensis
207 386 288 432 episcopi
298 386 349 420 nullo
356 386 411 420 modo
419 386 483 420 ditioni
491 385 589 420 subiaceat.
612 384 640 419 Sit
647 395 692 419 vero
700 383 748 418 inter

46 438 153 474 Londonie1
164 445 183 475 et
195 440 278 475 Eborace
291 439 369 474 ciuitatis
382 439 479 483 episcopos
491 438 611 484 imposterum
625 438 701 472 honoris
712 436 765 476 ista5

46 492 167 533 distinctio‚vt
175 493 215 536 ipse
221 493 271 537 prior
276 493 365 527 habeatur
371 492 402 536 qui
408 492 460 536 prius
468 492 522 526 suerit
531 492 632 526 ordinatus.
649 489 747 525 Communi

46 550 107 577 autern
122 545 198 579 consilio
211 551 229 579 et
244 545 330 579 concordi
345 546 416 578 actione
431 555 503 589 queque
518 550 560 579 sunt
575 554 609 589 pro
625 543 692 577 Christi
708 543 747 576 zelo

46 598 122 640 agenda,
134 598 237 641 disponant,
249 598 360 632 unanimiter
373 603 422 632 recte
436 598 523 639 senciant,
536 603 554 631 et
567 609 588 631 ea
600 608 636 640 que
648 595 747 636 senserint,

46 660 83 684 non
91 649 164 684 sibimet
172 650 293 695 discrepando
300 650 402 694 perficiant.
424 650 464 685 Tua
471 661 516 685 vero
523 649 628 685 fraternitas
638 660 675 684 non
686 648 746 683 solum

46 713 78 735 eos
96 702 193 746 episcopos
208 714 254 746 quos
268 703 386 745 ordinauerit,
400 713 461 746 neque
476 703 510 736 hos
524 702 651 736 tantummodo
666 700 697 745 qui
713 711 747 744 per
756 711 775 733 ιο

47 754 128 788 Eborace
145 756 252 799 episcopum
270 755 337 789 suerint
354 755 437 795 ordinati,
453 757 486 789 sed
501 755 556 789 etiam
571 765 636 788 omnes
652 754 747 788 Britannie

46 807 151 841 sacerdotes
164 808 230 841 habeat
243 807 317 841 domino
329 813 392 841 nostro
405 807 460 841 lhesu
472 807 545 841 Christo
558 812 632 840 auctore
645 806 746 847 subiectos;

46 858 131 903 quatinus
142 872 166 895 ex
177 860 239 904 lingua
250 865 269 895 et
279 859 317 894 vita
327 865 358 895 tue
369 860 476 901 sanctitatis,
484 864 502 893 et
512 865 561 894 recte
572 859 659 894 credendi
671 864 689 894 et
700 858 747 893 bene

45 912 120 946 viuendi
135 913 213 947 formam
226 913 333 957 percipiant,
346 919 401 957 atque
416 912 496 946 officium
512 924 566 946 suurn
579 912 616 946 fide
630 923 651 946 ac
666 911 748 945 moribus

46 971 165 1008 exequentes,
181 966 203 999 ad
219 966 298 1006 celestia,
312 975 353 999 eum
368 965 454 999 dominus
468 965 552 1006 voluerit,
565 974 622 1008 regna
636 964 775 1008 pertingant.15

47 1017 98 1052 Deus
104 1023 122 1051 te
128 1018 238 1052 incolumem
245 1017 340 1059 custodiat,
346 1018 502 1052 reuerendissime
508 1017 569 1052 frater.
588 1017 635 1051 Data
641 1017 670 1052 die
677 1017 748 1051 decima

46 1070 166 1104 kalendarum
181 1070 271 1112 iuliarum,
286 1070 388 1113 imperante
404 1071 478 1104 domino
493 1076 557 1104 nostro
571 1070 659 1104 Mauricio
674 1070 748 1103 Tiberio

46 1122 129 1166 piissimo
144 1123 234 1167 Augusto,
250 1133 299 1157 anno
318 1122 445 1164 nonodecimo,
460 1128 502 1168 post
521 1123 647 1158 consulatuml
665 1122 748 1157 eiusdem

46 1175 116 1209 domini
126 1187 174 1210 anno
183 1175 324 1218 octauodecimo,
333 1175 431 1210 indictione
439 1178 514 1220 quarta!
557 1170 677 1210 Abeuntibus
686 1181 747 1209 autern

46 1228 121 1271 prefatis
137 1229 234 1273 legatariis,
250 1228 299 1263 misit
314 1234 355 1272 post
370 1240 403 1263 eos
418 1230 481 1264 beatus
496 1240 544 1273 papa
559 1229 660 1272 Gregorius
677 1229 747 1263 litteras
756 1241 776 1263 ao

46 1287 147 1315 memoratu
156 1282 226 1325 dignas,
234 1282 253 1315 in
263 1281 328 1326 quibus
339 1287 407 1326 aperte,
415 1293 470 1326 quam
481 1282 562 1316 studiose
573 1292 616 1325 erga
626 1282 746 1315 saluationem

47 1339 110 1367 nostre
123 1335 182 1377 gentis
195 1334 323 1377 inuigilauerit,
334 1334 420 1375 ostendit,
433 1334 458 1368 ita
471 1334 564 1368 scribens:
609 1327 748 1368 ‘Dilectissimo

47 1386 84 1419 lilio
92 1385 163 1419 Mellito
171 1386 236 1427 abbati,
245 1386 344 1430 Gregorius
355 1396 420 1420 seruus
431 1396 528 1420 seruorum
536 1386 570 1421 dei.
594 1385 637 1420 Post
645 1385 747 1421 discessum

47 1439 193 1482 congregationis
202 1438 291 1482 [nostre]³
299 1449 334 1482 que
342 1445 402 1474 tecum
410 1445 444 1481 est,
448 1440 502 1473 valde
510 1450 574 1474 sumus
582 1439 668 1483 suspensi
676 1439 748 1479 redditi,

46 1491 89 1534 quia
98 1491 154 1524 nichil
162 1492 185 1525 de
193 1492 315 1536 prosperitate
322 1492 380 1527 vestri
390 1491 462 1526 itineris
472 1491 546 1526 audisse
554 1501 588 1527 nos
599 1492 679 1537 contigit.
701 1491 747 1526 Cum
757 1505 764 1526 a
767 1505 775 1536 5

46 1555 91 1589 ergo
102 1545 148 1579 deus
160 1545 277 1589 omnipotens
287 1556 320 1579 vos
332 1546 355 1579 ad
367 1544 543 1580 reuerendissimum
553 1545 613 1580 virum
624 1544 748 1590 Augustinum

46 1598 154 1641 episcopum
164 1598 277 1641 perduxerit,
286 1598 340 1633 dicite
351 1599 367 1633 ei
376 1598 419 1642 quid
429 1599 460 1632 diu
470 1610 543 1633 mecum
551 1599 574 1633 de
582 1609 636 1633 causa
644 1598 748 1643 Anglorum

46 1650 128 1694 cogitans
140 1651 237 1685 tractaui⁴:
251 1651 336 1685 videlicet
348 1652 390 1695 quia
401 1652 462 1694 phana
473 1652 563 1685 idolorum
574 1652 643 1685 destrui
653 1651 672 1685 in
683 1652 748 1686 eadem

46 1708 102 1747 gente
112 1703 188 1736 minime
198 1704 283 1746 debeant,
291 1705 324 1738 sed
336 1704 376 1747 ipsa
388 1715 424 1746 que
435 1705 454 1737 in
466 1705 493 1738 eis
504 1710 547 1738 sunt
558 1704 606 1738 idola
618 1705 748 1746 destruantur3

46 1765 94 1799 aqua
106 1755 203 1789 benedicta
217 1755 249 1788 fiat
262 1754 292 1790 etn
304 1755 323 1789 in
338 1756 408 1790 eisdem
424 1756 490 1799 phanis
503 1762 616 1800 aspergatur,
629 1756 693 1790 altaria
706 1767 749 1790 eon·
757 1769 777 1798 30

46 1813 145 1848 struantur,
155 1806 232 1851 reliquie
243 1814 346 1852 ponantur:
360 1808 403 1853 quia
414 1809 430 1842 si
440 1810 501 1853 phana
511 1811 576 1843 eadem
587 1810 634 1843 bene
645 1814 749 1843 constructa

46 1865 94 1901 sunt,
102 1871 179 1895 necesse
188 1865 216 1894 est
223 1866 242 1894 vt
253 1871 264 1894 a
274 1860 323 1895 cultu
334 1861 433 1896 demonum
441 1861 460 1895 in
469 1861 576 1905 obsequium
584 1861 623 1895 veri
632 1861 661 1896 dei
669 1862 748 1896 debeant

46 1914 154 1947 commutari
161 1926 165 1947 z
176 1918 196 1946 vt
204 1914 247 1947 dum
256 1925 302 1957 gens
310 1914 350 1957 ipsa
358 1915 423 1949 eadem
430 1915 492 1958 phana
500 1925 533 1948 sua
540 1926 578 1948 non
585 1914 635 1948 videt
643 1914 718 1954 destrui,
724 1915 748 1948 de

46 1966 101 2000 corde
113 1975 194 2000 errorem
206 1966 291 2010 deponat,
304 1971 322 1999 et
335 1968 390 2001 deum
401 1977 465 2001 verum
477 1978 590 2011 cognoscens
601 1971 619 2000 et
631 1967 714 2006 adorans,
725 1968 747 2001 ad

46 2020 86 2053 loca
97 2030 132 2063 que
144 2019 244 2060 consueuit,
255 2018 362 2053 familiarius
373 2026 475 2054 concurrat.
498 2020 521 2053 Et
532 2021 575 2064 quia
586 2021 643 2054 boues
656 2021 716 2055 solent
729 2020 747 2054 in
756 2030 775 2060 35

46 2071 135 2106 sacrificio
143 2072 242 2106 demonum
250 2071 316 2105 multos
324 2072 413 2112 occidere,
422 2073 476 2107 debet
487 2072 514 2107 eis
524 2073 579 2107 etiam
587 2073 620 2106 hac
629 2073 652 2107 de
660 2084 680 2107 re
688 2072 747 2116 aliqua

46 2124 166 2169 solempnitas
178 2124 281 2159 immutari:
298 2130 318 2157 vt
330 2125 360 2159 die
372 2125 497 2164 dedicationis,
508 2126 538 2159 uel
551 2126 630 2159 natalicii
642 2131 748 2160 sanctorum

46 2183 148 2221 martyrum
164 2188 242 2221 quorum
256 2177 293 2210 illic
310 2177 387 2221 reliquie
402 2184 500 2221 ponuntur,
516 2178 632 2212 tabernacula
649 2178 684 2212 sibi
700 2178 748 2212 circa

47 2231 122 2265 easdem
133 2230 219 2265 ecclesias
230 2241 266 2273 que
276 2240 300 2264 ex
310 2229 377 2273 phanis
388 2237 499 2265 commutate
510 2237 558 2272 sunt,
567 2232 590 2265 de
597 2230 654 2265 ramis
662 2231 747 2265 arborum

46 2282 118 2326 faciant,
126 2288 144 2318 et
154 2282 244 2327 religiosis
253 2281 342 2317 conuiuiis
351 2282 499 2326 solempnitatem
510 2283 613 2326 celebrent,
626 2294 659 2319 nec
669 2284 748 2328 dyabolo
756 2296 776 2326 4⁰

46 2337 83 2370 iam
91 2336 176 2370 animalia
185 2336 285 2377 immolent,
293 2336 326 2369 sed
337 2336 359 2369 ad
370 2336 443 2369 laudem
451 2336 480 2370 dei
491 2336 510 2369 in
519 2347 552 2370 esu
562 2347 596 2370 suo
607 2336 692 2371 animalia
702 2338 748 2371 occi-

46 2389 96 2431 dant,
104 2394 122 2423 et
132 2388 215 2423 donatori
225 2388 305 2423 omnium
317 2388 340 2422 de
350 2386 436 2422 sacietate
447 2399 480 2422 sua
490 2388 558 2432 gratias
568 2388 659 2425 reserant:
671 2390 696 2425 Vt
704 2391 748 2426 dum

46 2441 73 2476 eis
81 2441 141 2486 aliqua
149 2441 231 2476 exterius
240 2441 306 2487 gaudia
313 2445 436 2482 reseruantur,
444 2442 467 2475 ad
475 2441 562 2476 interiora
570 2442 635 2487 gaudia
643 2444 748 2480 consentire

46 2495 116 2530 facilius
129 2496 207 2530 valeant.
231 2496 279 2530 Nam
294 2495 345 2529 duris
358 2494 450 2529 mentibus
466 2494 520 2529 simul
534 2496 595 2530 omnia
607 2496 702 2532 abscidere
714 2497 748 2531 irn-

66 2558 183 2589 ¹T.lundouie.
210 2558 371 2598 ²Seeuote1,p.88.
397 2558 490 2589 'onninlL
518 2558 633 2592 *Etractatui
660 2562 749 2593 ⁵onr.inT.
