1762 2803
107 129 134 184 58
196 203 197 206 Ἴ
294 128 374 180 nune
389 126 506 189 treenta
521 126 614 188 anilia

106 248 223 293 Quapropter
234 250 308 290 suadeo,
320 249 400 290 consulo,
412 255 431 283 ut
441 249 519 283 celerius
528 249 599 291 redeas,
610 260 634 282 ne
646 248 733 282 seductus
743 247 766 281 ab
778 259 806 290 eo,

106 302 190 345 stulticia,
197 313 232 346 qua
240 303 294 336 modo
302 301 385 343 traheris,
392 301 496 346 illaqueeris
502 302 513 336 ¹.
537 301 635 345 ipocrisis²
642 311 722 345 namque
730 311 763 335 sua
770 301 807 335 iam

107 356 174 390 multos
185 355 263 400 decepit,
271 360 290 390 et
297 366 331 400 spe
341 366 389 389 vana
399 356 492 399 deceptos,
503 366 570 390 vacuos
582 355 623 390 fecit
631 359 649 389 et
657 355 759 389 immunes!
782 355 808 389 At

107 409 138 443 ille
151 409 251 451 malignum
267 419 310 442 esse
325 408 449 449 considerans,
464 408 517 452 signo
533 408 592 443 crucis
607 420 627 443 se
642 408 726 450 muniuit,
741 413 759 441 et
772 419 808 452 quo

90 467 228 506 5proposuerat
244 461 271 494 ire
289 460 347 505 cepit:
367 465 386 494 et
404 461 465 495 audito
484 460 580 502 Anselmo‚
599 460 681 496 seculum
701 459 771 505 spreuit
790 466 808 495 et

107 513 191 558 religioni
199 525 219 547 se
227 515 307 555 tradens,
314 513 435 547 monasticum
442 513 524 547 habitum
530 514 616 557 suscepit.
640 507 735 548 Defuncto
743 513 808 547 abbate

108 566 209 607 Herlwino,
223 577 259 600 vno
275 566 358 599 omnium
373 577 465 600 consensu
480 565 499 599 in
514 567 598 600 abbatem
611 566 713 600 Anselmus
726 565 808 608 eligitur3

108 621 141 654 sed
155 619 259 653 conuocatis
273 619 358 653 fratribus
374 619 421 653 flens
437 619 538 653 Anselmus
554 624 572 653 et
587 619 703 654 miserandos
718 618 809 662 singultus

107 674 170 713 edens,
185 672 309 715 prosternitur
324 672 342 706 in
357 671 422 706 faciem
435 682 497 706 coram
510 672 601 716 omnibus,
615 682 670 707 orans
684 678 702 706 et
714 673 808 706 obtestans

81 737 100 757 ιο
108 737 143 769 per
150 736 218 759 nomen
226 725 356 769 omnipotentis
366 725 401 767 dei,
411 732 431 760 vt
440 725 456 759 si
466 737 502 769 qua
512 725 531 759 in
542 725 569 759 eis
579 732 641 760 essent
651 725 723 760 viscera
732 724 809 769 pietatis,

108 783 193 824 respectu
203 779 329 814 misericordie
340 779 369 814 dei
377 791 434 824 super
444 790 487 813 eum
498 779 599 822 intendant,
608 784 626 814 et
635 779 657 813 ab
668 779 742 823 incepto
752 778 810 813 desis-

108 837 174 873 tentes,
186 842 207 866 sc
215 843 226 866 a
233 837 283 866 tanto
294 843 350 867 onere
361 833 443 876 quietum
453 842 528 866 manere
538 832 650 876 permittant.
672 833 697 866 At
708 832 733 866 illi
745 841 810 865 omnes

109 885 128 920 in
141 892 210 920 terram
221 885 313 930 prostrati,
326 891 380 920 orant
391 892 410 920 vt
422 886 463 930 ipse
474 885 535 929 potius
546 885 581 919 loci
593 885 642 920 illius
651 890 669 919 et
679 896 743 920 eorum
755 884 811 919 mise·

110 946 177 981 reatur,
196 950 220 973 ne
242 940 345 983 postposita
361 940 438 974 utilitate
457 939 555 981 communi,
574 950 595 973 se
614 939 673 973 solum
692 950 726 984 pre
744 937 811 972 ceteris

84 1003 101 1034 15
110 991 227 1036 singulariter
237 1002 299 1025 amare
308 992 430 1025 conuincatur.
452 992 516 1026 Victus
525 992 600 1026 tandem
609 992 714 1036 lachrymis,
725 991 811 1036 precibus

111 1051 129 1080 et
137 1044 226 1079 instancia
236 1044 319 1087 fratrum,
328 1056 400 1079 necnon
410 1045 515 1080 obedientia
525 1045 658 1090 archiepiscopi
668 1044 756 1085 Maurelii,
765 1055 811 1078 onus

111 1109 177 1132 reuera
191 1098 248 1132 inuite
263 1099 349 1141 suscepit.
373 1099 472 1142 Nunquam
488 1099 538 1133 enim
552 1099 574 1132 ad
588 1099 622 1132 hoc
635 1098 764 1138 consensisset,
776 1097 812 1131 nisi

110 1150 209 1194 imperium
217 1155 235 1183 et
243 1150 346 1184 obedientia
355 1161 397 1184 eum
406 1150 550 1185 constrinxisset.
580 1143 678 1194 Delegatis
689 1150 739 1184 enirn
748 1160 812 1184 mona-

110 1203 161 1238 sterii
170 1203 229 1237 causis
237 1214 281 1237 cure
289 1208 307 1237 et
315 1203 431 1238 sollicitudini
441 1204 523 1246 fratrum,
532 1204 555 1237 de
563 1214 641 1247 quorum
650 1202 686 1237 vita
695 1209 756 1238 certus
767 1209 812 1246 erat,

84 1272 102 1294 20
110 1257 151 1300 ipse
167 1256 320 1300 contemplationi,
336 1258 467 1291 monachorum
481 1256 577 1290 eruditioni
593 1262 611 1291 et
626 1256 733 1291 correctioni
746 1256 813 1301 iugiter

110 1309 211 1344 insistebat.
234 1309 325 1344 Sollicitus
335 1309 385 1344 enim
393 1315 432 1344 erat
439 1309 487 1344 circa
497 1309 590 1353 hospitum
600 1310 743 1353 susceptionem,
751 1304 773 1344 ef
778 1311 813 1345 hoc

110 1364 159 1406 quod
175 1364 242 1405 deerat,
256 1363 295 1397 eius
309 1365 357 1397 bona
369 1363 453 1397 voluntas
467 1369 485 1397 et
497 1364 558 1398 vultus
572 1363 656 1397 alacritas
669 1364 718 1407 apud
730 1363 812 1407 hospites

111 1415 190 1458 gratiose
201 1416 303 1459 supplebat.
346 1408 464 1449 ³Transiens
475 1421 536 1450 autem
547 1415 565 1448 in
576 1416 669 1459 Angliam,
680 1427 691 1450 a
704 1416 813 1449 Lamfranco

112 1467 250 1512 archiepiscopo
260 1468 360 1502 honorifice
371 1473 473 1512 susceptus,
484 1469 563 1512 quadarn
575 1468 604 1502 die
615 1468 721 1503 familiarius
731 1479 772 1503 cum
782 1469 813 1502 illo
825 1457 830 1466 ⁸

85 1535 103 1565 25
112 1520 193 1564 loquens,
202 1520 347 1563 [Lamfrancus]⁴
355 1520 410 1555 dixit:
422 1520 487 1564 ‘Angli
494 1521 529 1563 isti,
537 1521 585 1554 inter
593 1532 639 1565 quos
647 1522 735 1565 degimus.
742 1521 814 1555 institu-

113 1579 167 1609 erunt
176 1573 211 1607 sibi
220 1574 309 1617 quosdam
320 1579 393 1608 sanctos
404 1576 428 1609 de
440 1586 517 1618 quorum
528 1574 629 1610 sanctitatis
639 1575 704 1609 merito
712 1575 793 1609 animum
803 1586 814 1609 a

113 1626 205 1661 dubietate
215 1627 289 1661 flectere
299 1638 376 1671 nequeo.
400 1627 423 1662 Et
434 1639 476 1662 ecce
486 1639 533 1662 vnus
544 1628 616 1662 illorum
628 1628 702 1663 nomine
713 1628 813 1672 Elphegus,

113 1681 206 1724 quondam
213 1679 344 1714 cantuariensis
351 1680 504 1725 archiepiscopus,
511 1692 565 1725 quem
572 1693 609 1715 non
615 1681 674 1715 solum
680 1682 729 1715 inter
734 1688 814 1725 sanctos,

113 1744 178 1768 verum
192 1733 246 1767 etiam
258 1733 306 1767 inter
319 1739 410 1778 martyres
422 1740 548 1776 annumerant,
562 1734 604 1769 licet
617 1746 660 1769 eum
674 1746 711 1768 non
724 1745 758 1779 pro
771 1746 814 1769 con-

87 1803 105 1831 30
114 1786 194 1821 sessione
200 1786 279 1820 nominis
286 1787 358 1828 Christi,
365 1788 398 1821 sed
405 1788 447 1831 quia
455 1789 533 1831 pecunia
539 1800 559 1822 sc
567 1789 659 1822 redimere
665 1788 726 1829 noluit,
734 1788 814 1822 occisum

114 1851 151 1874 non
170 1845 244 1882 negent.
267 1840 315 1874 Nam
334 1851 376 1874 cum
392 1840 444 1874 illum
459 1841 515 1875 emuli
531 1841 570 1875 eius
586 1847 604 1876 et
619 1840 688 1875 inimici
703 1841 733 1875 dei
748 1841 815 1885 pagani

114 1892 211 1937 cepissent,
221 1897 240 1927 et
251 1897 361 1937 potestatem
373 1904 394 1927 se
405 1893 508 1928 redimendi
520 1894 659 1934 concessissent,
671 1892 781 1928 immensam
792 1895 815 1929 ab

114 1957 136 1980 eo
149 1945 246 1989 pecuniam
259 1947 383 1989 expetebant:
399 1948 458 1989 Quam
472 1949 514 1990 quia
526 1948 576 1980 nullo
590 1952 662 1992 poterat
674 1953 728 1991 pacto
740 1947 814 1989 habere,

114 1999 149 2033 nisi
164 1997 249 2032 homines
265 2009 309 2032 suos
324 1999 417 2042 spoliaret,
433 2004 451 2033 et
467 1999 579 2034 mendicitati
594 2000 693 2034 nonnullos
712 1999 815 2042 subiiceret,

87 2066 105 2096 35
115 2050 170 2094 elegit
177 2050 233 2083 vitam
241 2051 320 2094 perdere
328 2062 383 2094 quarn
391 2062 432 2085 eam
440 2052 471 2085 tali
478 2054 533 2086 modo
541 2053 638 2086 custodire.
656 2052 716 2093 Quid⁶
723 2052 778 2095 igitur
785 2058 816 2086 tua

115 2103 219 2138 fraternitas
234 2102 309 2145 senciat,
324 2103 388 2137 audire
403 2104 498 2140 desidero!
528 2105 630 2139 Anselmus
646 2104 695 2139 enim
708 2105 815 2148 respondit:

115 2157 188 2191 ‘Palam
202 2162 230 2191 est
243 2157 292 2200 quod
305 2156 321 2191 is
335 2157 366 2200 qui
378 2159 424 2192 nec<i
437 2159 479 2192 leue
494 2159 568 2203 quidem
580 2165 643 2193 contra
654 2159 709 2192 deum
721 2164 816 2202 peccatum

115 2208 192 2244 admittit
197 2209 209 2252 ἵ,
221 2209 268 2244 mori
279 2220 317 2244 non
329 2210 419 2245 dubitaret
429 2211 537 2256 priusquam
546 2211 607 2256 aliquo
615 2211 667 2256 graui
676 2216 751 2256 peccato
761 2212 817 2246 deum

115 2263 238 2298 exacerbaret.
263 2263 287 2297 Et
302 2275 367 2297 reuera
381 2265 454 2307 grauius
468 2271 564 2309 peccatum
576 2266 709 2306 videturesse,
724 2265 817 2300 Christum

87 2333 108 2364 40
116 2327 189 2361 negare,
202 2327 257 2360 quam
268 2317 369 2361 quemlibet
380 2322 476 2353 terrenum
488 2319 582 2353 dominum
595 2329 629 2362 pro
642 2317 769 2361 redemptione
780 2319 817 2353 vite

116 2379 149 2403 sue
166 2369 252 2403 homines
267 2380 311 2403 suos
326 2381 360 2414 per
375 2371 486 2405 ablationem
501 2371 579 2416 pecunie
598 2371 671 2404 illorum
686 2372 709 2404 ad
724 2372 818 2405 modicum

117 2432 198 2465 grauare.
221 2423 259 2456 Sed
271 2423 310 2464 hoc,
321 2424 441 2467 quodminus
453 2430 487 2467 est,
499 2425 595 2469 Elphegus
607 2423 664 2458 noluit
675 2424 746 2459 facere:
761 2425 818 2458 multo

137 2510 142 2528 ¹
153 2510 170 2540 T.
178 2510 196 2540 E.
203 2511 295 2549 illaquearis.
336 2512 342 2530 ²
351 2512 382 2542 Vit.
391 2513 480 2551 Hypocrisi.
526 2513 532 2531 ³
543 2513 565 2544 Cf.
573 2512 609 2543 Vita
616 2513 704 2543 Lamfranci
711 2518 750 2543 auct.
759 2513 818 2543 Milone

117 2550 190 2586 Crispino
198 2549 240 2589 (Act.
248 2551 278 2581 SS.
286 2552 352 2581 Bollass
360 2553 402 2590 May,
410 2563 425 2590 p.
433 2553 475 2591 836).
506 2552 552 2582 4(ηπ.
583 2553 669 2590 ⁵E.quod.
710 2554 818 2584 ⁰Vit.ne...
866 2580 868 2584 .

117 2590 194 2626 admittat,
225 2589 231 2606 ⁷
240 2590 271 2620 Vit.
279 2591 328 2622 adds:
339 2591 378 2621 mori
385 2601 418 2621 non
425 2592 490 2622 dubitat.
