1762 2803
124 189 153 230 66
316 187 395 238 muna
411 184 526 247 treenta
542 183 634 246 anulio.

124 317 202 352 paruam
210 307 306 351 legendam
314 307 401 341 exhibuit.
424 307 515 351 Aspexit:
527 306 571 341 etin
580 317 602 341 ea
610 306 664 341 ‘obiit
672 316 706 340 rex
713 306 826 341 Willelmus'

125 360 215 404 scriptum
222 361 296 394 inuenit.
320 360 420 394 Confestim
429 360 492 393 oculos
500 359 576 404 aperuit,
587 365 605 393 et
615 359 685 393 nullum
695 363 758 402 preter
767 359 826 394 socios

125 413 175 447 vidit.
198 406 221 447 In
226 412 338 447 monasterio
346 412 403 445 ‘Casa
408 412 446 446 dei³
454 417 524 453 vocato,
529 413 589 445 subito
596 412 668 456 fragore
676 411 736 446 celum
743 411 826 453 intonuit,

126 466 198 510 fulgura
205 466 272 507 volant,
280 466 354 499 domum
362 464 381 498 in
389 475 425 508 qua
433 465 495 498 senum
503 465 609 499 monasterii
619 465 725 499 seruabatur
730 464 741 504 ¹,
749 475 827 498 accenso

108 528 117 558 5
126 519 168 563 igne
173 519 266 552 inuadunt.
289 518 330 559 Quo
337 517 383 558 viso,
391 518 464 561 signum
473 518 532 552 erucis
538 518 640 552 Anselmus
650 517 717 552 edidit:
727 523 744 551 et
752 516 800 560 ignis
808 517 827 551 in

127 571 247 616 semetipsum
259 571 338 610 rediens,
348 576 396 605 totus
410 569 495 615 elanguit,
506 581 540 605 nec
555 570 623 614 aliquid
637 571 768 614 absumpturus
781 571 828 605 vltra

126 624 220 668 processit.
249 617 827 667 Superuenientesintereaduomonachimortempresatiregis

126 687 168 711 cum
182 676 271 711 Anselmo
284 675 407 718 nunciassent,
420 676 440 709 in
452 675 592 710 acerbissimum
605 676 668 710 ssetum
682 687 725 709 mox
738 676 827 720 prorupit,

126 730 190 764 dicens
205 730 252 773 quia,
268 729 283 762 si
298 729 333 762 hoe
348 728 389 763 fieri
404 729 500 773 potuisset,
515 729 632 773 multomagis
650 729 727 774 eligeret
745 729 826 773 seipsum

99 791 118 815 ιο
126 792 203 827 corpore
214 792 269 826 quam
280 782 331 816 illum
342 782 368 817 sic
379 787 398 816 ut
409 787 453 824 erat,
461 788 554 816 mortuum
565 794 611 816 esse.
635 783 678 816 Rex
689 782 739 816 enim
749 782 828 825 quodam

126 846 181 869 mane
189 834 207 869 in
216 835 281 869 siluam
289 840 375 869 venatum
385 841 498 879 perrexerat,
507 835 568 879 ibique
576 835 628 870 illum
636 836 688 870 miles
699 836 774 879 quidam
785 846 828 870 casu

127 889 212 922 fortuito²
229 889 294 931 sagitta
311 889 330 922 in
347 889 402 922 corde
420 888 510 932 percussit
526 895 545 923 et
560 889 610 923 nulla
625 889 760 923 interueniente
777 899 828 922 mora

127 940 210 975 extinxit.
243 933 337 974 Veniente
353 941 444 974 Anselmo
460 941 478 974 in
494 941 588 984 Angliam‚
605 942 628 975 ad
644 951 707 984 regem
726 940 829 975 Henricum

127 995 203 1028 fratrem
218 994 317 1036 Willelmi;
333 993 376 1038 quid
393 995 416 1028 de
432 994 551 1028 ecclesiarum
569 993 695 1028 inuestituris³
714 993 733 1027 in
752 1004 829 1028 romano

101 1058 119 1089 15
128 1046 204 1081 concilio
217 1047 324 1090 acceperut
340 1047 395 1091 plano
406 1057 493 1081 sermone
506 1047 589 1081 innotuit.
615 1047 740 1089 Quamobrem
753 1046 829 1080 indoluit

129 1110 167 1140 rex,
176 1104 194 1133 et
201 1100 254 1133 vaide
264 1100 352 1141 turbatus,
363 1100 412 1133 misit
425 1099 483 1133 semel
491 1104 508 1132 et
516 1100 582 1133 iterum
595 1100 674 1133 Romam
685 1109 719 1143 pro
729 1098 830 1132 mutatione

129 1153 249 1187 decretorum,
273 1152 352 1187 Demum
364 1164 397 1187 rex
409 1164 450 1186 cum
462 1152 561 1186 maioribus
575 1158 624 1186 terre
636 1152 707 1196 rogauit
719 1152 829 1186 Anselmum

128 1205 214 1249 quatinus
227 1205 268 1248 ipse
279 1216 316 1238 vna
327 1216 369 1238 cum
382 1206 449 1239 nuncio
461 1206 540 1248 quodam
553 1206 632 1239 Romam
644 1205 679 1238 iret
691 1210 709 1239 et
722 1215 782 1245 cause,
794 1215 830 1248 que

128 1264 235 1299 emerserat,
246 1269 281 1301 pro
294 1269 328 1293 suo
340 1259 411 1293 honore
424 1269 479 1303 opem
494 1257 555 1293 ferret.
579 1257 612 1292 Ille
626 1268 671 1293 vero
686 1257 709 1292 ad
724 1257 829 1291 instantiam

101 1323 120 1344 πο
129 1322 197 1351 eorum,
206 1312 285 1345 Romam
296 1311 374 1346 libenter
384 1311 411 1346 ire
420 1311 521 1356 respondit,
533 1312 566 1346 sed
575 1311 601 1345 nil
611 1313 660 1355 quod
670 1312 700 1345 vel
710 1307 829 1346 ecclesiarum

128 1364 207 1398 libertati
218 1365 248 1398 vel
259 1375 292 1398 sue
303 1366 379 1398 deberet
391 1365 465 1399 obuiare
477 1364 573 1407 honestati,
585 1376 619 1397 suo
630 1365 660 1398 vel
670 1369 734 1408 rogatu
744 1365 773 1398 vel
787 1375 829 1398 eon-

128 1417 169 1451 silio
177 1428 244 1461 papam
252 1422 340 1458 acturum,
347 1417 389 1452 viua
396 1429 441 1452 voce
449 1417 550 1462 respondit.

152 1463 217 1512 ltaque
229 1481 270 1503 eum
283 1471 362 1504 Romam
371 1470 459 1513 venisset,
470 1481 481 1503 a
492 1481 540 1514 papa
552 1470 652 1512 Paschuu,
661 1470 693 1513 qui
705 1470 780 1505 Vrbano
790 1480 842 1515 sue·¹

129 1528 215 1564 cesserat,
234 1522 334 1556 honorifice
353 1522 457 1566 suscipitur.
486 1522 520 1556 Die
539 1521 637 1556 constituto
656 1523 762 1557 Willelmus
781 1522 830 1566 regis

102 1590 121 1620 25
130 1575 207 1609 clericus
219 1586 293 1609 causam
304 1575 354 1618 regis
365 1576 384 1609 in
397 1575 479 1609 medium
491 1575 576 1619 protulit:
592 1586 613 1609 ac
626 1575 674 1609 inter
685 1575 725 1617 alia,
737 1576 785 1619 quod
798 1586 831 1610 rex

130 1628 176 1671 ipse,
189 1638 224 1661 nec
237 1638 271 1669 pro
284 1628 337 1670 regni
352 1628 457 1669 amissione,
472 1628 591 1661 inuestituras
604 1628 723 1662 ecclesiarum
738 1634 832 1672 pateretur

130 1679 219 1721 amittere,
228 1679 329 1715 minacibus
338 1679 400 1715 verbis
412 1679 495 1715 asseruit,
519 1680 570 1724 Papa
580 1679 615 1715 ait:
630 1680 666 1724 ‘st
676 1682 831 1726 quemadmodum

131 1732 182 1773 dicis,
192 1744 225 1766 rex
236 1738 277 1766 tuus
289 1744 323 1767 nec
334 1743 368 1776 pro
379 1734 431 1776 regni
442 1733 542 1767 amissione
555 1733 633 1776 patietur
646 1734 764 1769 ecclesiarum
775 1736 831 1769 dona-

131 1786 191 1820 tiones
202 1785 291 1825 amittere,
300 1785 352 1829 scias,
361 1796 403 1820 ecce
413 1797 474 1819 coram
485 1787 519 1819 deo
531 1785 577 1828 dico,
587 1786 629 1830 quia
638 1797 672 1820 nec
682 1797 717 1830 pro
729 1787 757 1821 sui
768 1786 832 1830 capitis

104 1853 123 1883 30
131 1838 263 1883 redemptione,
276 1850 308 1873 eas
323 1839 349 1873 illi
364 1839 461 1884 aliquando
477 1839 571 1874 Paschalis
586 1850 634 1883 papa
649 1839 724 1883 impune
738 1840 832 1885 permittet

131 1892 208 1925 habere?
254 1885 339 1926 Rediens
351 1893 452 1926 Anselmus
465 1903 502 1926 vna
516 1898 570 1927 noete
584 1893 706 1927 Florentiam⁰
719 1894 798 1937 quieuit:
814 1899 832 1927 et

131 1945 182 1986 lecto,
191 1944 210 1979 in
218 1955 254 1988 quo
264 1944 326 1988 sopori
338 1944 443 1987 indulserat,
453 1945 538 1979 dominus
549 1946 615 1979 domus
627 1957 649 1979 eo
661 1945 767 1980 discedente
778 1947 832 1981 deeu-

131 1997 174 2032 buit.
197 1998 231 2032 Cui
238 1997 336 2032 dormienti
346 1998 402 2032 astitit
411 1998 486 2042 quidam
497 1998 564 2033 aeriter
574 2010 617 2034 eum
628 2001 741 2045 redarguens
753 2001 802 2044 quod
813 1999 832 2034 in

131 2052 177 2085 lecto
189 2051 235 2084 tanti
246 2051 326 2093 presulis
338 2051 434 2094 quiescere
447 2052 565 2095 presumpsit.
589 2053 672 2096 Cumque
686 2055 767 2088 secunda
779 2058 832 2088 nocte

104 2118 122 2149 35
131 2104 166 2138 hoc
176 2103 226 2138 idem
236 2104 344 2147 repetisset3
358 2104 411 2138 tertia
423 2112 482 2147 nocte,
490 2105 560 2139 vultum
571 2105 638 2140 iratum
649 2107 767 2150 pretendens,
776 2106 832 2140 dixitt

131 2158 208 2200 ‘Quare
219 2156 249 2198 ait,
260 2156 309 2198 sacis,
321 2157 369 2199 quod
380 2158 455 2200 precepi
467 2169 491 2192 ne
502 2159 576 2192 omnino
590 2159 673 2194 faceres?
696 2159 755 2203 Surge
767 2159 802 2193 cito
815 2165 833 2193 et

131 2211 197 2245 amodo
205 2210 270 2243 alecto
278 2209 369 2253 pontificis
377 2215 396 2243 te
404 2211 468 2245 cohibe
476 2223 480 2245 :
492 2223 535 2246 nam
543 2212 559 2246 si
566 2213 613 2247 vltra
621 2213 640 2246 in
648 2224 670 2247 eo
678 2218 762 2256 repertus
770 2212 832 2255 fueris,

131 2263 240 2308 grauissime
252 2262 344 2307 punieris?
367 2263 471 2298 Exterritus
482 2264 511 2297 ille
524 2265 547 2299 de
558 2265 605 2298 lecto
617 2265 680 2307 exiliit,
693 2271 711 2299 et
723 2266 802 2310 amplius
814 2265 832 2299 in

132 2328 154 2350 eo
169 2316 265 2358 quiescere
281 2326 318 2348 non
333 2317 451 2359 presumpsit.
497 2310 547 2351 Cum
562 2329 608 2352 vero
626 2318 736 2361 Lugdunum
751 2319 833 2353 venisset

104 2382 124 2413 40
132 2368 238 2408 Anselmus,
248 2367 329 2411 prelatus
337 2366 442 2402 Willelmus
452 2368 547 2403 interdixit
559 2370 575 2403 ei
587 2381 611 2403 ex
621 2376 674 2413 parte
684 2371 734 2414 regis
744 2371 804 2405 redire
815 2370 834 2404 in

132 2420 223 2463 Angliam,
237 2420 272 2454 nisi
288 2431 353 2454 omnes
368 2422 426 2464 patris
442 2428 459 2456 et
475 2423 537 2456 fratris
550 2423 609 2465 ipsius
623 2424 771 2466 consuetudines,
784 2429 834 2468 post-

132 2473 192 2516 posita
203 2473 253 2506 sedis
264 2473 363 2517 apostolice
375 2473 488 2508 subiectione
500 2481 518 2508 et
532 2475 641 2518 obedientia,
653 2487 674 2510 se
687 2477 704 2510 ei
718 2482 834 2511 seruaturum

133 2525 252 2571 promitteret.
297 2519 370 2562 Mansit
385 2527 440 2572 igitur
455 2528 557 2562 Anselmus
573 2529 621 2572 apud
636 2528 757 2574 Lugdunum:
776 2535 794 2565 et
809 2529 834 2563 ibi

153 2593 187 2623 ¹E.
195 2599 270 2624 seruatur.
324 2595 468 2632 ²E.fortuitu;T.
476 2597 544 2627 fortuito.
598 2597 746 2629 tutnuesttturus.
799 2599 834 2628 4Ε.
873 2628 876 2633 ,

133 2633 198 2672 aceepit.
238 2635 244 2652 ⁵
254 2635 272 2664 T.
278 2635 356 2674 paschale.
396 2636 402 2653 ⁶
412 2636 444 2667 Vit,
449 2636 461 2666 F
462 2637 471 2666 l.
477 2646 526 2674 usque
532 2637 603 2674 pervenit
611 2642 627 2668 et
634 2643 680 2668 noete
686 2649 717 2670 una
724 2639 741 2670 in
748 2649 767 2670 ea
772 2639 834 2678 quievit.
