<?xml version="1.0" encoding="UTF-8"?>
<!DOCTYPE html PUBLIC "-//W3C//DTD XHTML 1.0 Transitional//EN"
    "http://www.w3.org/TR/xhtml1/DTD/xhtml1-transitional.dtd">
<html xmlns="http://www.w3.org/1999/xhtml" xml:lang="en" lang="en">
 <head>
  <title>
</title>
<meta http-equiv="Content-Type" content="text/html;charset=utf-8" />
  <meta name='ocr-system' content='tesseract 3.04.00' />
  <meta name='ocr-capabilities' content='ocr_page ocr_carea ocr_par ocr_line ocrx_word'/>
</head>
<body>
  <div class='ocr_page' id='page_1' title='image "./MN5111ucmf_0/MN5111ucmf_0_1178.png"; bbox 0 0 1762 2803; ppageno 0'>
   <div class='ocr_carea' id='block_1_1' title="bbox 92 145 578 206">
    <p class='ocr_par' dir='ltr' id='par_1_1' title="bbox 92 145 578 206">
     <span class='ocr_line' id='line_1_1' title="bbox 92 145 578 206; baseline -0.008 -9"><span class='ocrx_word' id='word_1_1' title='bbox 92 150 94 156; x_wconf 58' lang='lat'><strong>⁴</strong></span> <span class='ocrx_word' id='word_1_2' title='bbox 144 150 186 204; x_wconf 81' lang='lat'>562</span> <span class='ocrx_word' id='word_1_3' title='bbox 406 145 529 206; x_wconf 65' lang='lat' dir='ltr'>arumnis</span> <span class='ocrx_word' id='word_1_4' title='bbox 546 147 578 194; x_wconf 87' lang='lat'>11.</span> 
     </span>
    </p>
   </div>
   <div class='ocr_carea' id='block_1_2' title="bbox 115 266 841 866">
    <p class='ocr_par' dir='ltr' id='par_1_2' title="bbox 115 266 841 866">
     <span class='ocr_line' id='line_1_2' title="bbox 142 266 840 311; baseline 0.004 -10"><span class='ocrx_word' id='word_1_5' title='bbox 142 273 241 311; x_wconf 82' lang='lat' dir='ltr'>ceptorum:</span> <span class='ocrx_word' id='word_1_6' title='bbox 254 272 280 301; x_wconf 90' lang='lat' dir='ltr'>set</span> <span class='ocrx_word' id='word_1_7' title='bbox 287 266 315 301; x_wconf 92' lang='lat' dir='ltr'>ille</span> <span class='ocrx_word' id='word_1_8' title='bbox 322 277 350 301; x_wconf 91' lang='lat' dir='ltr'>me</span> <span class='ocrx_word' id='word_1_9' title='bbox 358 278 415 302; x_wconf 90' lang='lat' dir='ltr'>secum</span> <span class='ocrx_word' id='word_1_10' title='bbox 423 278 454 311; x_wconf 87' lang='lat' dir='ltr'>per</span> <span class='ocrx_word' id='word_1_11' title='bbox 460 278 531 302; x_wconf 88' lang='lat' dir='ltr'>manum</span> <span class='ocrx_word' id='word_1_12' title='bbox 539 268 627 302; x_wconf 90' lang='lat' dir='ltr'>attrahens</span> <span class='ocrx_word' id='word_1_13' title='bbox 635 272 724 311; x_wconf 89' lang='lat' dir='ltr'>putantem</span> <span class='ocrx_word' id='word_1_14' title='bbox 731 268 840 306; x_wconf 81' lang='lat' dir='ltr'>elemosinam</span> 
     </span>
     <span class='ocr_line' id='line_1_3' title="bbox 142 318 841 361; baseline 0.004 -8"><span class='ocrx_word' id='word_1_15' title='bbox 142 329 160 353; x_wconf 91' lang='lat' dir='ltr'>se</span> <span class='ocrx_word' id='word_1_16' title='bbox 172 319 256 360; x_wconf 88' lang='lat' dir='ltr'>daturum,</span> <span class='ocrx_word' id='word_1_17' title='bbox 267 328 306 352; x_wconf 91' lang='lat' dir='ltr'>cum</span> <span class='ocrx_word' id='word_1_18' title='bbox 318 329 336 352; x_wconf 94' lang='lat' dir='ltr'>se</span> <span class='ocrx_word' id='word_1_19' title='bbox 347 318 438 361; x_wconf 87' lang='lat' dir='ltr'>pecuniam</span> <span class='ocrx_word' id='word_1_20' title='bbox 449 318 500 353; x_wconf 91' lang='lat' dir='ltr'>huius</span> <span class='ocrx_word' id='word_1_21' title='bbox 511 319 571 353; x_wconf 88' lang='lat' dir='ltr'>mundi</span> <span class='ocrx_word' id='word_1_22' title='bbox 579 324 677 353; x_wconf 81' lang='lat' dir='ltr'>excusasset</span> <span class='ocrx_word' id='word_1_23' title='bbox 687 329 722 352; x_wconf 88' lang='lat' dir='ltr'>non</span> <span class='ocrx_word' id='word_1_24' title='bbox 733 319 801 360; x_wconf 85' lang='lat' dir='ltr'>habere,</span> <span class='ocrx_word' id='word_1_25' title='bbox 809 322 841 357; x_wconf 85' lang='lat' dir='ltr'>hoe</span> 
     </span>
     <span class='ocr_line' id='line_1_4' title="bbox 142 369 840 412; baseline 0.007 -10"><span class='ocrx_word' id='word_1_26' title='bbox 142 369 194 403; x_wconf 90' lang='lat' dir='ltr'>michi</span> <span class='ocrx_word' id='word_1_27' title='bbox 209 369 269 402; x_wconf 90' lang='lat' dir='ltr'>melius</span> <span class='ocrx_word' id='word_1_28' title='bbox 285 380 316 412; x_wconf 89' lang='lat' dir='ltr'>pro</span> <span class='ocrx_word' id='word_1_29' title='bbox 331 369 377 402; x_wconf 90' lang='lat' dir='ltr'>dono</span> <span class='ocrx_word' id='word_1_30' title='bbox 392 369 476 403; x_wconf 86' lang='lat' dir='ltr'><strong>concessit</strong></span> <span class='ocrx_word' id='word_1_31' title='bbox 492 370 549 404; x_wconf 89' lang='lat' dir='ltr'>lumen</span> <span class='ocrx_word' id='word_1_32' title='bbox 565 369 663 403; x_wconf 67' lang='lat' dir='ltr'>oculorum!</span> <span class='ocrx_word' id='word_1_33' title='bbox 692 370 747 403; x_wconf 82' lang='lat' dir='ltr'>Senex</span> <span class='ocrx_word' id='word_1_34' title='bbox 762 370 784 403; x_wconf 90' lang='lat' dir='ltr'>ad</span> <span class='ocrx_word' id='word_1_35' title='bbox 799 371 840 407; x_wconf 91' lang='lat' dir='ltr'>hec:</span> 
     </span>
     <span class='ocr_line' id='line_1_5' title="bbox 142 420 841 465; baseline 0.003 -13"><span class='ocrx_word' id='word_1_36' title='bbox 142 420 213 463; x_wconf 80' lang='lat' dir='ltr'>‘Qualis</span> <span class='ocrx_word' id='word_1_37' title='bbox 223 427 249 453; x_wconf 89' lang='lat' dir='ltr'>est</span> <span class='ocrx_word' id='word_1_38' title='bbox 260 420 288 453; x_wconf 89' lang='lat' dir='ltr'>ille</span> <span class='ocrx_word' id='word_1_39' title='bbox 298 420 326 462; x_wconf 91' lang='lat' dir='ltr'>qui</span> <span class='ocrx_word' id='word_1_40' title='bbox 338 420 374 461; x_wconf 91' lang='lat' dir='ltr'>tibi,</span> <span class='ocrx_word' id='word_1_41' title='bbox 385 431 424 453; x_wconf 88' lang='lat' dir='ltr'>curn</span> <span class='ocrx_word' id='word_1_42' title='bbox 434 432 468 453; x_wconf 91' lang='lat' dir='ltr'>non</span> <span class='ocrx_word' id='word_1_43' title='bbox 478 421 561 462; x_wconf 81' lang='lat' dir='ltr'>habebas,</span> <span class='ocrx_word' id='word_1_44' title='bbox 569 422 625 454; x_wconf 89' lang='lat' dir='ltr'>visum</span> <span class='ocrx_word' id='word_1_45' title='bbox 632 421 679 453; x_wconf 86' lang='lat' dir='ltr'>dedit</span> <span class='ocrx_word' id='word_1_46' title='bbox 686 421 701 453; x_wconf 86' lang='lat' dir='ltr'>i’</span> <span class='ocrx_word' id='word_1_47' title='bbox 724 422 742 453; x_wconf 93' lang='lat' dir='ltr'>Is</span> <span class='ocrx_word' id='word_1_48' title='bbox 749 427 806 454; x_wconf 82' lang='lat' dir='ltr'>autem</span> <span class='ocrx_word' id='word_1_49' title='bbox 814 425 841 465; x_wconf 88' lang='lat' dir='ltr'>qui</span> 
     </span>
     <span class='ocr_line' id='line_1_6' title="bbox 124 470 841 513; baseline 0.001 -10"><span class='ocrx_word' id='word_1_50' title='bbox 124 477 133 507; x_wconf 83' lang='lat'>5</span> <span class='ocrx_word' id='word_1_51' title='bbox 142 479 191 503; x_wconf 89' lang='lat' dir='ltr'>cecus</span> <span class='ocrx_word' id='word_1_52' title='bbox 197 470 261 502; x_wconf 83' lang='lat' dir='ltr'>suerat:</span> <span class='ocrx_word' id='word_1_53' title='bbox 274 470 350 510; x_wconf 76' lang='lat' dir='ltr'>‘Talem</span> <span class='ocrx_word' id='word_1_54' title='bbox 356 470 450 512; x_wconf 90' lang='lat' dir='ltr'>respondit,</span> <span class='ocrx_word' id='word_1_55' title='bbox 456 480 491 503; x_wconf 93' lang='lat' dir='ltr'>non</span> <span class='ocrx_word' id='word_1_56' title='bbox 497 470 547 503; x_wconf 86' lang='lat' dir='ltr'>video</span> <span class='ocrx_word' id='word_1_57' title='bbox 554 470 644 503; x_wconf 69' lang='lat' dir='ltr'>intervos?</span> <span class='ocrx_word' id='word_1_58' title='bbox 659 471 683 502; x_wconf 84' lang='lat' dir='ltr'>At</span> <span class='ocrx_word' id='word_1_59' title='bbox 691 479 752 503; x_wconf 86' lang='lat' dir='ltr'>senex:</span> <span class='ocrx_word' id='word_1_60' title='bbox 765 470 841 513; x_wconf 68' lang='lat' dir='ltr'>‘Posses</span> 
     </span>
     <span class='ocr_line' id='line_1_7' title="bbox 141 518 841 562; baseline 0.006 -10"><span class='ocrx_word' id='word_1_61' title='bbox 141 519 200 562; x_wconf 85' lang='lat' dir='ltr'>inquit,</span> <span class='ocrx_word' id='word_1_62' title='bbox 211 518 258 553; x_wconf 88' lang='lat' dir='ltr'>illum</span> <span class='ocrx_word' id='word_1_63' title='bbox 270 519 284 553; x_wconf 93' lang='lat' dir='ltr'>si</span> <span class='ocrx_word' id='word_1_64' title='bbox 295 519 367 561; x_wconf 87' lang='lat' dir='ltr'>videres,</span> <span class='ocrx_word' id='word_1_65' title='bbox 376 522 490 562; x_wconf 78' lang='lat' dir='ltr'>agnoscere?¹</span> <span class='ocrx_word' id='word_1_66' title='bbox 513 520 553 555; x_wconf 83' lang='lat' dir='ltr'>Ait:</span> <span class='ocrx_word' id='word_1_67' title='bbox 566 520 643 561; x_wconf 86' lang='lat' dir='ltr'>‘Eciam,</span> <span class='ocrx_word' id='word_1_68' title='bbox 655 519 734 553; x_wconf 66' lang='lat' dir='ltr'>domine)</span> <span class='ocrx_word' id='word_1_69' title='bbox 756 520 780 553; x_wconf 90' lang='lat' dir='ltr'>At</span> <span class='ocrx_word' id='word_1_70' title='bbox 792 530 841 556; x_wconf 85' lang='lat' dir='ltr'>senex</span> 
     </span>
     <span class='ocr_line' id='line_1_8' title="bbox 141 570 841 615; baseline 0.006 -13"><span class='ocrx_word' id='word_1_71' title='bbox 141 570 191 604; x_wconf 88' lang='lat' dir='ltr'>iussit</span> <span class='ocrx_word' id='word_1_72' title='bbox 196 581 256 604; x_wconf 88' lang='lat' dir='ltr'>omnes</span> <span class='ocrx_word' id='word_1_73' title='bbox 264 582 368 613; x_wconf 88' lang='lat' dir='ltr'>congregare</span> <span class='ocrx_word' id='word_1_74' title='bbox 373 571 478 605; x_wconf 85' lang='lat' dir='ltr'>scolasticos.</span> <span class='ocrx_word' id='word_1_75' title='bbox 498 571 537 604; x_wconf 91' lang='lat' dir='ltr'>Hiis</span> <span class='ocrx_word' id='word_1_76' title='bbox 545 582 585 604; x_wconf 86' lang='lat' dir='ltr'>vero</span> <span class='ocrx_word' id='word_1_77' title='bbox 593 570 706 613; x_wconf 82' lang='lat' dir='ltr'>congregatis,</span> <span class='ocrx_word' id='word_1_78' title='bbox 714 570 841 615; x_wconf 89' lang='lat' dir='ltr'>prospectisque</span> 
     </span>
     <span class='ocr_line' id='line_1_9' title="bbox 141 621 841 665; baseline 0.004 -11"><span class='ocrx_word' id='word_1_79' title='bbox 141 621 218 654; x_wconf 92' lang='lat' dir='ltr'>omnium</span> <span class='ocrx_word' id='word_1_80' title='bbox 225 632 279 664; x_wconf 78' lang='lat' dir='ltr'>usque</span> <span class='ocrx_word' id='word_1_81' title='bbox 287 628 357 655; x_wconf 88' lang='lat' dir='ltr'>ventum</span> <span class='ocrx_word' id='word_1_82' title='bbox 368 628 394 655; x_wconf 88' lang='lat' dir='ltr'>est</span> <span class='ocrx_word' id='word_1_83' title='bbox 404 623 426 655; x_wconf 88' lang='lat' dir='ltr'>ad</span> <span class='ocrx_word' id='word_1_84' title='bbox 437 628 515 656; x_wconf 91' lang='lat' dir='ltr'>sanctum</span> <span class='ocrx_word' id='word_1_85' title='bbox 525 621 649 655; x_wconf 85' lang='lat' dir='ltr'>Winwaloeum</span> <span class='ocrx_word' id='word_1_86' title='bbox 659 622 745 655; x_wconf 91' lang='lat' dir='ltr'>uultibus:</span> <span class='ocrx_word' id='word_1_87' title='bbox 758 622 803 654; x_wconf 91' lang='lat' dir='ltr'>‘Iste</span> <span class='ocrx_word' id='word_1_88' title='bbox 811 630 841 665; x_wconf 87' lang='lat' dir='ltr'>est,</span> 
     </span>
     <span class='ocr_line' id='line_1_10' title="bbox 141 671 841 715; baseline 0.003 -11"><span class='ocrx_word' id='word_1_89' title='bbox 141 673 197 714; x_wconf 91' lang='lat' dir='ltr'>inquit</span> <span class='ocrx_word' id='word_1_90' title='bbox 207 683 277 714; x_wconf 82' lang='lat' dir='ltr'>pauper,</span> <span class='ocrx_word' id='word_1_91' title='bbox 288 673 317 715; x_wconf 91' lang='lat' dir='ltr'>qui</span> <span class='ocrx_word' id='word_1_92' title='bbox 327 684 354 705; x_wconf 93' lang='lat' dir='ltr'>me</span> <span class='ocrx_word' id='word_1_93' title='bbox 364 684 425 705; x_wconf 88' lang='lat' dir='ltr'>sanum</span> <span class='ocrx_word' id='word_1_94' title='bbox 438 672 489 705; x_wconf 67' lang='lat' dir='ltr'>&#39;fecit&#39;</span> <span class='ocrx_word' id='word_1_95' title='bbox 518 673 557 705; x_wconf 89' lang='lat' dir='ltr'>Hiis</span> <span class='ocrx_word' id='word_1_96' title='bbox 568 673 636 713; x_wconf 90' lang='lat' dir='ltr'>auditis,</span> <span class='ocrx_word' id='word_1_97' title='bbox 649 683 701 705; x_wconf 88' lang='lat' dir='ltr'>senex</span> <span class='ocrx_word' id='word_1_98' title='bbox 714 677 731 704; x_wconf 91' lang='lat' dir='ltr'>et</span> <span class='ocrx_word' id='word_1_99' title='bbox 742 671 767 704; x_wconf 93' lang='lat' dir='ltr'>sui</span> <span class='ocrx_word' id='word_1_100' title='bbox 780 673 841 713; x_wconf 82' lang='lat' dir='ltr'>pariter</span> 
     </span>
     <span class='ocr_line' id='line_1_11' title="bbox 115 722 841 765; baseline 0.004 -12"><span class='ocrx_word' id='word_1_101' title='bbox 115 732 133 752; x_wconf 83' lang='lat' dir='ltr'>ro</span> <span class='ocrx_word' id='word_1_102' title='bbox 142 722 220 765; x_wconf 88' lang='lat' dir='ltr'>discipuli</span> <span class='ocrx_word' id='word_1_103' title='bbox 231 723 320 756; x_wconf 80' lang='lat' dir='ltr'>confestim</span> <span class='ocrx_word' id='word_1_104' title='bbox 330 723 380 765; x_wconf 90' lang='lat' dir='ltr'>proni</span> <span class='ocrx_word' id='word_1_105' title='bbox 391 723 408 755; x_wconf 91' lang='lat' dir='ltr'>in</span> <span class='ocrx_word' id='word_1_106' title='bbox 419 729 482 756; x_wconf 87' lang='lat' dir='ltr'>terram</span> <span class='ocrx_word' id='word_1_107' title='bbox 491 723 610 756; x_wconf 87' lang='lat' dir='ltr'>adorauerunt.</span> <span class='ocrx_word' id='word_1_108' title='bbox 633 724 664 755; x_wconf 90' lang='lat' dir='ltr'>Ille</span> <span class='ocrx_word' id='word_1_109' title='bbox 676 728 733 755; x_wconf 90' lang='lat' dir='ltr'>autem</span> <span class='ocrx_word' id='word_1_110' title='bbox 741 722 791 754; x_wconf 90' lang='lat' dir='ltr'>valde</span> <span class='ocrx_word' id='word_1_111' title='bbox 802 733 841 756; x_wconf 91' lang='lat' dir='ltr'>con·</span> 
     </span>
     <span class='ocr_line' id='line_1_12' title="bbox 141 772 841 816; baseline 0.001 -10"><span class='ocrx_word' id='word_1_112' title='bbox 141 784 207 814; x_wconf 91' lang='lat' dir='ltr'>cussus,</span> <span class='ocrx_word' id='word_1_113' title='bbox 219 779 236 806; x_wconf 88' lang='lat' dir='ltr'>et</span> <span class='ocrx_word' id='word_1_114' title='bbox 248 774 339 816; x_wconf 90' lang='lat' dir='ltr'>prohibens</span> <span class='ocrx_word' id='word_1_115' title='bbox 353 785 364 806; x_wconf 89' lang='lat' dir='ltr'>a</span> <span class='ocrx_word' id='word_1_116' title='bbox 377 774 440 806; x_wconf 90' lang='lat' dir='ltr'>talibus</span> <span class='ocrx_word' id='word_1_117' title='bbox 453 773 526 816; x_wconf 88' lang='lat' dir='ltr'>adorari,</span> <span class='ocrx_word' id='word_1_118' title='bbox 536 774 608 806; x_wconf 91' lang='lat' dir='ltr'>multum</span> <span class='ocrx_word' id='word_1_119' title='bbox 620 774 712 815; x_wconf 87' lang='lat' dir='ltr'>deplorans</span> <span class='ocrx_word' id='word_1_120' title='bbox 723 772 813 815; x_wconf 88' lang='lat' dir='ltr'>indignum</span> <span class='ocrx_word' id='word_1_121' title='bbox 824 785 841 807; x_wconf 93' lang='lat' dir='ltr'>se</span> 
     </span>
     <span class='ocr_line' id='line_1_13' title="bbox 141 823 841 866; baseline 0 -9"><span class='ocrx_word' id='word_1_122' title='bbox 141 824 191 857; x_wconf 90' lang='lat' dir='ltr'>huius</span> <span class='ocrx_word' id='word_1_123' title='bbox 199 825 273 857; x_wconf 90' lang='lat' dir='ltr'>muneris</span> <span class='ocrx_word' id='word_1_124' title='bbox 282 835 320 857; x_wconf 91' lang='lat' dir='ltr'>esse</span> <span class='ocrx_word' id='word_1_125' title='bbox 327 825 400 865; x_wconf 90' lang='lat' dir='ltr'>dicebat,</span> <span class='ocrx_word' id='word_1_126' title='bbox 406 836 427 857; x_wconf 91' lang='lat' dir='ltr'>ac</span> <span class='ocrx_word' id='word_1_127' title='bbox 434 836 456 857; x_wconf 92' lang='lat' dir='ltr'>ne</span> <span class='ocrx_word' id='word_1_128' title='bbox 464 823 506 857; x_wconf 88' lang='lat' dir='ltr'>su0¹</span> <span class='ocrx_word' id='word_1_129' title='bbox 514 830 540 857; x_wconf 85' lang='lat' dir='ltr'>set</span> <span class='ocrx_word' id='word_1_130' title='bbox 548 835 606 857; x_wconf 89' lang='lat' dir='ltr'>eorum</span> <span class='ocrx_word' id='word_1_131' title='bbox 614 825 669 866; x_wconf 83' lang='lat' dir='ltr'>magis</span> <span class='ocrx_word' id='word_1_132' title='bbox 677 835 710 857; x_wconf 89' lang='lat' dir='ltr'>vna</span> <span class='ocrx_word' id='word_1_133' title='bbox 719 835 758 856; x_wconf 89' lang='lat' dir='ltr'>cum</span> <span class='ocrx_word' id='word_1_134' title='bbox 765 824 841 866; x_wconf 78' lang='lat' dir='ltr'>magistri</span> 
     </span>
    </p>
   </div>
   <div class='ocr_carea' id='block_1_3' title="bbox 141 874 841 965">
    <p class='ocr_par' dir='ltr' id='par_1_3' title="bbox 141 874 841 965">
     <span class='ocr_line' id='line_1_14' title="bbox 141 874 841 917; baseline 0.001 -10"><span class='ocrx_word' id='word_1_135' title='bbox 141 874 202 907; x_wconf 89' lang='lat' dir='ltr'>merito</span> <span class='ocrx_word' id='word_1_136' title='bbox 210 875 255 907; x_wconf 92' lang='lat' dir='ltr'>hanc</span> <span class='ocrx_word' id='word_1_137' title='bbox 263 875 347 913; x_wconf 85' lang='lat' dir='ltr'>virtutem,</span> <span class='ocrx_word' id='word_1_138' title='bbox 355 875 394 907; x_wconf 89' lang='lat' dir='ltr'>licet</span> <span class='ocrx_word' id='word_1_139' title='bbox 403 885 433 917; x_wconf 92' lang='lat' dir='ltr'>per</span> <span class='ocrx_word' id='word_1_140' title='bbox 443 875 490 907; x_wconf 90' lang='lat' dir='ltr'>illum</span> <span class='ocrx_word' id='word_1_141' title='bbox 501 880 571 908; x_wconf 86' lang='lat' dir='ltr'>ostensa</span> <span class='ocrx_word' id='word_1_142' title='bbox 580 874 644 915; x_wconf 84' lang='lat' dir='ltr'>suisset,</span> <span class='ocrx_word' id='word_1_143' title='bbox 653 874 766 908; x_wconf 86' lang='lat' dir='ltr'>ascriberetur</span> <span class='ocrx_word' id='word_1_144' title='bbox 774 874 841 916; x_wconf 85' lang='lat' dir='ltr'>factam,</span> 
     </span>
     <span class='ocr_line' id='line_1_15' title="bbox 141 924 841 965; baseline 0.001 -10"><span class='ocrx_word' id='word_1_145' title='bbox 141 924 198 956; x_wconf 89' lang='lat' dir='ltr'>cordis</span> <span class='ocrx_word' id='word_1_146' title='bbox 210 925 268 956; x_wconf 92' lang='lat' dir='ltr'>dolore</span> <span class='ocrx_word' id='word_1_147' title='bbox 281 930 392 965; x_wconf 88' lang='lat' dir='ltr'>compunctus</span> <span class='ocrx_word' id='word_1_148' title='bbox 403 924 454 956; x_wconf 89' lang='lat' dir='ltr'>nimis</span> <span class='ocrx_word' id='word_1_149' title='bbox 468 925 545 965; x_wconf 89' lang='lat' dir='ltr'>rogabat.</span> <span class='ocrx_word' id='word_1_150' title='bbox 573 925 658 965; x_wconf 86' lang='lat' dir='ltr'>Magister</span> <span class='ocrx_word' id='word_1_151' title='bbox 670 925 693 956; x_wconf 90' lang='lat' dir='ltr'>ad</span> <span class='ocrx_word' id='word_1_152' title='bbox 706 925 742 965; x_wconf 84' lang='lat' dir='ltr'>hec,</span> <span class='ocrx_word' id='word_1_153' title='bbox 755 924 841 957; x_wconf 82' lang='lat' dir='ltr'>continens</span> 
     </span>
    </p>
   </div>
   <div class='ocr_carea' id='block_1_4' title="bbox 114 974 841 1117">
    <p class='ocr_par' dir='ltr' id='par_1_4' title="bbox 114 974 841 1117">
     <span class='ocr_line' id='line_1_16' title="bbox 114 974 841 1015; baseline 0.004 -10"><span class='ocrx_word' id='word_1_154' title='bbox 114 984 132 1014; x_wconf 84' lang='lat'>15</span> <span class='ocrx_word' id='word_1_155' title='bbox 141 974 188 1006; x_wconf 89' lang='lat' dir='ltr'>ilium</span> <span class='ocrx_word' id='word_1_156' title='bbox 193 984 215 1006; x_wconf 88' lang='lat' dir='ltr'>ne</span> <span class='ocrx_word' id='word_1_157' title='bbox 221 974 293 1006; x_wconf 89' lang='lat' dir='ltr'>nimium</span> <span class='ocrx_word' id='word_1_158' title='bbox 299 974 335 1006; x_wconf 91' lang='lat' dir='ltr'>eius</span> <span class='ocrx_word' id='word_1_159' title='bbox 341 974 455 1007; x_wconf 88' lang='lat' dir='ltr'>inflecteretur</span> <span class='ocrx_word' id='word_1_160' title='bbox 460 974 528 1007; x_wconf 88' lang='lat' dir='ltr'>animus</span> <span class='ocrx_word' id='word_1_161' title='bbox 535 986 539 1008; x_wconf 89' lang='lat'>:</span> <span class='ocrx_word' id='word_1_162' title='bbox 552 974 557 991; x_wconf 90' lang='lat'><em>‘</em></span> <span class='ocrx_word' id='word_1_163' title='bbox 564 975 616 1014; x_wconf 83' lang='lat' dir='ltr'>Caue,</span> <span class='ocrx_word' id='word_1_164' title='bbox 622 974 685 1014; x_wconf 83' lang='lat' dir='ltr'>aiebat,</span> <span class='ocrx_word' id='word_1_165' title='bbox 691 974 720 1015; x_wconf 90' lang='lat' dir='ltr'>tili,</span> <span class='ocrx_word' id='word_1_166' title='bbox 727 985 749 1006; x_wconf 90' lang='lat' dir='ltr'>ne</span> <span class='ocrx_word' id='word_1_167' title='bbox 756 974 841 1008; x_wconf 87' lang='lat' dir='ltr'>lucernam</span> 
     </span>
     <span class='ocr_line' id='line_1_17' title="bbox 140 1023 840 1068; baseline 0.003 -13"><span class='ocrx_word' id='word_1_168' title='bbox 140 1034 192 1067; x_wconf 88' lang='lat' dir='ltr'>quam</span> <span class='ocrx_word' id='word_1_169' title='bbox 200 1024 243 1056; x_wconf 90' lang='lat' dir='ltr'>deus</span> <span class='ocrx_word' id='word_1_170' title='bbox 251 1024 287 1066; x_wconf 90' lang='lat' dir='ltr'>ipse</span> <span class='ocrx_word' id='word_1_171' title='bbox 296 1024 374 1056; x_wconf 88' lang='lat' dir='ltr'>accendit</span> <span class='ocrx_word' id='word_1_172' title='bbox 384 1025 482 1066; x_wconf 86' lang='lat' dir='ltr'>extinguere</span> <span class='ocrx_word' id='word_1_173' title='bbox 493 1024 558 1057; x_wconf 85' lang='lat' dir='ltr'>nitaris.</span> <span class='ocrx_word' id='word_1_174' title='bbox 581 1026 628 1057; x_wconf 89' lang='lat' dir='ltr'>Cane</span> <span class='ocrx_word' id='word_1_175' title='bbox 638 1034 660 1057; x_wconf 93' lang='lat' dir='ltr'>ne</span> <span class='ocrx_word' id='word_1_176' title='bbox 670 1024 730 1057; x_wconf 91' lang='lat' dir='ltr'>talenti</span> <span class='ocrx_word' id='word_1_177' title='bbox 736 1023 786 1056; x_wconf 93' lang='lat' dir='ltr'>vnius</span> <span class='ocrx_word' id='word_1_178' title='bbox 794 1025 840 1068; x_wconf 84' lang='lat' dir='ltr'>quasi</span> 
     </span>
     <span class='ocr_line' id='line_1_18' title="bbox 140 1074 840 1117; baseline 0 -9"><span class='ocrx_word' id='word_1_179' title='bbox 140 1084 202 1108; x_wconf 86' lang='lat' dir='ltr'>auarus</span> <span class='ocrx_word' id='word_1_180' title='bbox 210 1080 287 1108; x_wconf 87' lang='lat' dir='ltr'>seruator</span> <span class='ocrx_word' id='word_1_181' title='bbox 296 1074 401 1117; x_wconf 86' lang='lat' dir='ltr'>dampneris,</span> <span class='ocrx_word' id='word_1_182' title='bbox 409 1080 426 1108; x_wconf 89' lang='lat' dir='ltr'>et</span> <span class='ocrx_word' id='word_1_183' title='bbox 433 1085 455 1108; x_wconf 93' lang='lat' dir='ltr'>ne</span> <span class='ocrx_word' id='word_1_184' title='bbox 464 1075 510 1108; x_wconf 89' lang='lat' dir='ltr'>dona</span> <span class='ocrx_word' id='word_1_185' title='bbox 521 1075 549 1109; x_wconf 93' lang='lat' dir='ltr'>dei</span> <span class='ocrx_word' id='word_1_186' title='bbox 561 1085 593 1117; x_wconf 90' lang='lat' dir='ltr'>que</span> <span class='ocrx_word' id='word_1_187' title='bbox 603 1075 634 1108; x_wconf 93' lang='lat' dir='ltr'>tibi</span> <span class='ocrx_word' id='word_1_188' title='bbox 646 1074 704 1117; x_wconf 85' lang='lat' dir='ltr'>optaui</span> <span class='ocrx_word' id='word_1_189' title='bbox 716 1075 779 1109; x_wconf 89' lang='lat' dir='ltr'>habere</span> <span class='ocrx_word' id='word_1_190' title='bbox 789 1081 840 1116; x_wconf 82' lang='lat' dir='ltr'>grata,</span> 
     </span>
    </p>
   </div>
   <div class='ocr_carea' id='block_1_5' title="bbox 113 1124 841 2625">
    <p class='ocr_par' dir='ltr' id='par_1_5' title="bbox 113 1124 841 2625">
     <span class='ocr_line' id='line_1_19' title="bbox 140 1124 840 1167; baseline 0.001 -10"><span class='ocrx_word' id='word_1_191' title='bbox 140 1125 189 1167; x_wconf 81' lang='lat' dir='ltr'>quasi</span> <span class='ocrx_word' id='word_1_192' title='bbox 196 1125 427 1167; x_wconf 67' lang='lat' dir='ltr'>supervacuacontempnas!</span> <span class='ocrx_word' id='word_1_193' title='bbox 437 1124 472 1167; x_wconf 82' lang='lat' dir='ltr'>(Cm</span> <span class='ocrx_word' id='word_1_194' title='bbox 480 1125 517 1166; x_wconf 79' lang='lat'>8¹¹¹).</span> <span class='ocrx_word' id='word_1_195' title='bbox 529 1125 535 1167; x_wconf 94' lang='grc' dir='ltr'>ΙΙ</span> <span class='ocrx_word' id='word_1_196' title='bbox 543 1127 571 1159; x_wconf 89' lang='lat' dir='ltr'>Ex</span> <span class='ocrx_word' id='word_1_197' title='bbox 578 1126 611 1159; x_wconf 92' lang='lat' dir='ltr'>hoc</span> <span class='ocrx_word' id='word_1_198' title='bbox 618 1131 695 1166; x_wconf 89' lang='lat' dir='ltr'>tempore</span> <span class='ocrx_word' id='word_1_199' title='bbox 700 1135 762 1166; x_wconf 86' lang='lat' dir='ltr'>magne</span> <span class='ocrx_word' id='word_1_200' title='bbox 770 1126 840 1158; x_wconf 88' lang='lat' dir='ltr'>auctori-</span> 
     </span>
     <span class='ocr_line' id='line_1_20' title="bbox 140 1174 841 1217; baseline 0 -10"><span class='ocrx_word' id='word_1_201' title='bbox 140 1174 181 1207; x_wconf 82' lang='lat' dir='ltr'>tatis</span> <span class='ocrx_word' id='word_1_202' title='bbox 192 1180 261 1207; x_wconf 84' lang='lat' dir='ltr'>sanctus</span> <span class='ocrx_word' id='word_1_203' title='bbox 273 1175 388 1207; x_wconf 86' lang='lat' dir='ltr'>Winwaloeus</span> <span class='ocrx_word' id='word_1_204' title='bbox 400 1175 418 1207; x_wconf 90' lang='lat' dir='ltr'>in</span> <span class='ocrx_word' id='word_1_205' title='bbox 430 1175 489 1207; x_wconf 92' lang='lat' dir='ltr'>diuino</span> <span class='ocrx_word' id='word_1_206' title='bbox 502 1176 549 1208; x_wconf 91' lang='lat' dir='ltr'>cultu</span> <span class='ocrx_word' id='word_1_207' title='bbox 560 1176 605 1217; x_wconf 89' lang='lat' dir='ltr'>cepit</span> <span class='ocrx_word' id='word_1_208' title='bbox 618 1186 661 1216; x_wconf 87' lang='lat' dir='ltr'>esse,</span> <span class='ocrx_word' id='word_1_209' title='bbox 672 1181 689 1207; x_wconf 90' lang='lat' dir='ltr'>et</span> <span class='ocrx_word' id='word_1_210' title='bbox 701 1176 768 1207; x_wconf 86' lang='lat' dir='ltr'>celebre</span> <span class='ocrx_word' id='word_1_211' title='bbox 780 1185 841 1207; x_wconf 90' lang='lat' dir='ltr'>nomen</span> 
     </span>
     <span class='ocr_line' id='line_1_21' title="bbox 113 1223 841 1269; baseline -0.001 -11"><span class='ocrx_word' id='word_1_212' title='bbox 113 1237 132 1258; x_wconf 77' lang='lat' dir='ltr'>zo</span> <span class='ocrx_word' id='word_1_213' title='bbox 140 1234 171 1269; x_wconf 89' lang='lat' dir='ltr'>pre</span> <span class='ocrx_word' id='word_1_214' title='bbox 178 1224 257 1257; x_wconf 89' lang='lat' dir='ltr'>omnibus</span> <span class='ocrx_word' id='word_1_215' title='bbox 266 1224 352 1258; x_wconf 89' lang='lat' dir='ltr'>coetaneis</span> <span class='ocrx_word' id='word_1_216' title='bbox 360 1223 396 1257; x_wconf 92' lang='lat' dir='ltr'>eius</span> <span class='ocrx_word' id='word_1_217' title='bbox 407 1224 468 1258; x_wconf 89' lang='lat' dir='ltr'>meruit</span> <span class='ocrx_word' id='word_1_218' title='bbox 477 1224 546 1258; x_wconf 90' lang='lat' dir='ltr'>hahere.</span> <span class='ocrx_word' id='word_1_219' title='bbox 559 1226 566 1266; x_wconf 70' lang='lat' dir='ltr'>il</span> <span class='ocrx_word' id='word_1_220' title='bbox 580 1225 660 1268; x_wconf 78' lang='lat' dir='ltr'>Quadam</span> <span class='ocrx_word' id='word_1_221' title='bbox 671 1224 704 1267; x_wconf 91' lang='lat' dir='ltr'>die,</span> <span class='ocrx_word' id='word_1_222' title='bbox 713 1224 754 1257; x_wconf 91' lang='lat' dir='ltr'>dum</span> <span class='ocrx_word' id='word_1_223' title='bbox 765 1235 786 1257; x_wconf 92' lang='lat' dir='ltr'>ex</span> <span class='ocrx_word' id='word_1_224' title='bbox 796 1235 841 1258; x_wconf 92' lang='lat' dir='ltr'>more</span> 
     </span>
     <span class='ocr_line' id='line_1_22' title="bbox 140 1275 840 1316; baseline 0.001 -9"><span class='ocrx_word' id='word_1_225' title='bbox 140 1275 209 1308; x_wconf 88' lang='lat' dir='ltr'>leuioris</span> <span class='ocrx_word' id='word_1_226' title='bbox 218 1276 275 1308; x_wconf 88' lang='lat' dir='ltr'>adhuc</span> <span class='ocrx_word' id='word_1_227' title='bbox 286 1280 303 1308; x_wconf 89' lang='lat' dir='ltr'>et</span> <span class='ocrx_word' id='word_1_228' title='bbox 313 1276 423 1308; x_wconf 86' lang='lat' dir='ltr'>instabilioris</span> <span class='ocrx_word' id='word_1_229' title='bbox 435 1276 485 1308; x_wconf 90' lang='lat' dir='ltr'>etatis</span> <span class='ocrx_word' id='word_1_230' title='bbox 498 1286 546 1309; x_wconf 87' lang='lat' dir='ltr'>soror</span> <span class='ocrx_word' id='word_1_231' title='bbox 559 1276 596 1308; x_wconf 92' lang='lat' dir='ltr'>eius</span> <span class='ocrx_word' id='word_1_232' title='bbox 607 1276 663 1315; x_wconf 85' lang='lat' dir='ltr'>unica,</span> <span class='ocrx_word' id='word_1_233' title='bbox 675 1275 756 1308; x_wconf 89' lang='lat' dir='ltr'>Cheiriua</span> <span class='ocrx_word' id='word_1_234' title='bbox 768 1276 840 1316; x_wconf 90' lang='lat' dir='ltr'>nomine,</span> 
     </span>
     <span class='ocr_line' id='line_1_23' title="bbox 140 1326 841 1368; baseline -0.001 -9"><span class='ocrx_word' id='word_1_235' title='bbox 140 1326 212 1368; x_wconf 85' lang='lat' dir='ltr'>paruula</span> <span class='ocrx_word' id='word_1_236' title='bbox 226 1326 283 1358; x_wconf 88' lang='lat' dir='ltr'>adhuc</span> <span class='ocrx_word' id='word_1_237' title='bbox 298 1326 359 1368; x_wconf 86' lang='lat' dir='ltr'>puella,</span> <span class='ocrx_word' id='word_1_238' title='bbox 375 1336 415 1358; x_wconf 91' lang='lat' dir='ltr'>cum</span> <span class='ocrx_word' id='word_1_239' title='bbox 429 1326 467 1359; x_wconf 91' lang='lat' dir='ltr'>aliis</span> <span class='ocrx_word' id='word_1_240' title='bbox 481 1327 547 1359; x_wconf 87' lang='lat' dir='ltr'>luderet</span> <span class='ocrx_word' id='word_1_241' title='bbox 562 1326 627 1368; x_wconf 88' lang='lat' dir='ltr'>puellis,</span> <span class='ocrx_word' id='word_1_242' title='bbox 642 1326 686 1358; x_wconf 81' lang='lat' dir='ltr'>forte</span> <span class='ocrx_word' id='word_1_243' title='bbox 700 1326 763 1359; x_wconf 87' lang='lat' dir='ltr'>accidit</span> <span class='ocrx_word' id='word_1_244' title='bbox 778 1332 796 1359; x_wconf 91' lang='lat' dir='ltr'>vt</span> <span class='ocrx_word' id='word_1_245' title='bbox 810 1336 841 1367; x_wconf 85' lang='lat' dir='ltr'>oga</span> 
     </span>
     <span class='ocr_line' id='line_1_24' title="bbox 140 1375 841 1420; baseline 0 -11"><span class='ocrx_word' id='word_1_246' title='bbox 140 1375 235 1409; x_wconf 86' lang='lat' dir='ltr'>transeunti</span> <span class='ocrx_word' id='word_1_247' title='bbox 247 1375 299 1409; x_wconf 88' lang='lat' dir='ltr'>obuia</span> <span class='ocrx_word' id='word_1_248' title='bbox 311 1383 407 1410; x_wconf 89' lang='lat' dir='ltr'>occurreret</span> <span class='ocrx_word' id='word_1_249' title='bbox 419 1377 521 1420; x_wconf 87' lang='lat' dir='ltr'>oculumque</span> <span class='ocrx_word' id='word_1_250' title='bbox 536 1377 618 1420; x_wconf 85' lang='lat' dir='ltr'>diripiens</span> <span class='ocrx_word' id='word_1_251' title='bbox 631 1376 699 1420; x_wconf 85' lang='lat' dir='ltr'>penitus</span> <span class='ocrx_word' id='word_1_252' title='bbox 712 1382 778 1410; x_wconf 88' lang='lat' dir='ltr'>erueret</span> <span class='ocrx_word' id='word_1_253' title='bbox 792 1382 841 1419; x_wconf 85' lang='lat' dir='ltr'>atque</span> 
     </span>
     <span class='ocr_line' id='line_1_25' title="bbox 140 1426 840 1469; baseline -0.001 -9"><span class='ocrx_word' id='word_1_254' title='bbox 140 1427 174 1460; x_wconf 89' lang='lat' dir='ltr'>cito</span> <span class='ocrx_word' id='word_1_255' title='bbox 186 1427 290 1460; x_wconf 82' lang='lat' dir='ltr'>absorberet.</span> <span class='ocrx_word' id='word_1_256' title='bbox 318 1426 386 1459; x_wconf 90' lang='lat' dir='ltr'>Dehinc</span> <span class='ocrx_word' id='word_1_257' title='bbox 400 1427 462 1468; x_wconf 87' lang='lat' dir='ltr'>puella,</span> <span class='ocrx_word' id='word_1_258' title='bbox 477 1427 521 1460; x_wconf 87' lang='lat' dir='ltr'>facie</span> <span class='ocrx_word' id='word_1_259' title='bbox 534 1437 593 1460; x_wconf 90' lang='lat' dir='ltr'>cruore</span> <span class='ocrx_word' id='word_1_260' title='bbox 606 1427 696 1469; x_wconf 85' lang='lat' dir='ltr'>pertincta,</span> <span class='ocrx_word' id='word_1_261' title='bbox 710 1426 790 1460; x_wconf 79' lang='lat' dir='ltr'>deformis</span> <span class='ocrx_word' id='word_1_262' title='bbox 803 1437 840 1459; x_wconf 93' lang='lat' dir='ltr'>cum</span> 
     </span>
     <span class='ocr_line' id='line_1_26' title="bbox 114 1476 840 1520; baseline -0.001 -11"><span class='ocrx_word' id='word_1_263' title='bbox 114 1490 131 1520; x_wconf 82' lang='lat'>25</span> <span class='ocrx_word' id='word_1_264' title='bbox 140 1477 210 1518; x_wconf 88' lang='lat' dir='ltr'>planctu</span> <span class='ocrx_word' id='word_1_265' title='bbox 218 1476 316 1517; x_wconf 81' lang='lat' dir='ltr'>regreditur,</span> <span class='ocrx_word' id='word_1_266' title='bbox 322 1482 363 1509; x_wconf 85' lang='lat' dir='ltr'>tunc</span> <span class='ocrx_word' id='word_1_267' title='bbox 371 1476 471 1509; x_wconf 89' lang='lat' dir='ltr'>miserorum</span> <span class='ocrx_word' id='word_1_268' title='bbox 477 1477 550 1509; x_wconf 90' lang='lat' dir='ltr'>exoritur</span> <span class='ocrx_word' id='word_1_269' title='bbox 556 1477 621 1510; x_wconf 89' lang='lat' dir='ltr'>elamor</span> <span class='ocrx_word' id='word_1_270' title='bbox 628 1477 740 1519; x_wconf 86' lang='lat' dir='ltr'>planctusque</span> <span class='ocrx_word' id='word_1_271' title='bbox 748 1481 840 1518; x_wconf 90' lang='lat' dir='ltr'>parentum.</span> 
     </span>
     <span class='ocr_line' id='line_1_27' title="bbox 141 1524 840 1570; baseline 0 -11"><span class='ocrx_word' id='word_1_272' title='bbox 141 1527 188 1560; x_wconf 89' lang='lat' dir='ltr'>Ecce</span> <span class='ocrx_word' id='word_1_273' title='bbox 199 1536 244 1568; x_wconf 91' lang='lat' dir='ltr'>vero,</span> <span class='ocrx_word' id='word_1_274' title='bbox 256 1527 297 1560; x_wconf 83' lang='lat' dir='ltr'>duni</span> <span class='ocrx_word' id='word_1_275' title='bbox 309 1526 342 1559; x_wconf 89' lang='lat' dir='ltr'>hec</span> <span class='ocrx_word' id='word_1_276' title='bbox 352 1531 448 1569; x_wconf 87' lang='lat' dir='ltr'>agerentur,</span> <span class='ocrx_word' id='word_1_277' title='bbox 459 1527 529 1569; x_wconf 86' lang='lat' dir='ltr'>angelus</span> <span class='ocrx_word' id='word_1_278' title='bbox 540 1526 605 1560; x_wconf 91' lang='lat' dir='ltr'>domini</span> <span class='ocrx_word' id='word_1_279' title='bbox 617 1526 634 1560; x_wconf 94' lang='lat' dir='ltr'>in</span> <span class='ocrx_word' id='word_1_280' title='bbox 646 1526 722 1570; x_wconf 90' lang='lat' dir='ltr'>sompnis</span> <span class='ocrx_word' id='word_1_281' title='bbox 734 1524 840 1570; x_wconf 90' lang='lat' dir='ltr'>subsequenti</span> 
     </span>
     <span class='ocr_line' id='line_1_28' title="bbox 140 1577 840 1619; baseline 0 -10"><span class='ocrx_word' id='word_1_282' title='bbox 140 1583 191 1610; x_wconf 90' lang='lat' dir='ltr'>nocte</span> <span class='ocrx_word' id='word_1_283' title='bbox 199 1577 278 1619; x_wconf 89' lang='lat' dir='ltr'>apparuit</span> <span class='ocrx_word' id='word_1_284' title='bbox 286 1584 346 1610; x_wconf 83' lang='lat' dir='ltr'>sancto</span> <span class='ocrx_word' id='word_1_285' title='bbox 353 1578 464 1617; x_wconf 86' lang='lat' dir='ltr'>Winwaloeo‚</span> <span class='ocrx_word' id='word_1_286' title='bbox 472 1578 542 1611; x_wconf 86' lang='lat' dir='ltr'>dicens:</span> <span class='ocrx_word' id='word_1_287' title='bbox 555 1578 629 1611; x_wconf 87' lang='lat' dir='ltr'>‘Sancte</span> <span class='ocrx_word' id='word_1_288' title='bbox 636 1578 664 1610; x_wconf 92' lang='lat' dir='ltr'>dei</span> <span class='ocrx_word' id='word_1_289' title='bbox 672 1577 788 1611; x_wconf 84' lang='lat' dir='ltr'>Winwaloee.&#39;</span> <span class='ocrx_word' id='word_1_290' title='bbox 804 1578 840 1619; x_wconf 80' lang='lat' dir='ltr'>Quo</span> 
     </span>
     <span class='ocr_line' id='line_1_29' title="bbox 141 1628 840 1670; baseline -0.001 -10"><span class='ocrx_word' id='word_1_291' title='bbox 141 1628 255 1669; x_wconf 85' lang='lat' dir='ltr'>respondente</span> <span class='ocrx_word' id='word_1_292' title='bbox 267 1628 337 1660; x_wconf 89' lang='lat' dir='ltr'>‘Presto</span> <span class='ocrx_word' id='word_1_293' title='bbox 347 1628 396 1668; x_wconf 87' lang='lat' dir='ltr'>sum,’</span> <span class='ocrx_word' id='word_1_294' title='bbox 408 1628 442 1661; x_wconf 87' lang='lat' dir='ltr'>ait:</span> <span class='ocrx_word' id='word_1_295' title='bbox 455 1628 525 1669; x_wconf 65' lang='lat' dir='ltr'>‘Surge</span> <span class='ocrx_word' id='word_1_296' title='bbox 535 1628 602 1669; x_wconf 88' lang='lat' dir='ltr'>festina,</span> <span class='ocrx_word' id='word_1_297' title='bbox 611 1629 663 1661; x_wconf 90' lang='lat' dir='ltr'>corda</span> <span class='ocrx_word' id='word_1_298' title='bbox 674 1633 764 1670; x_wconf 88' lang='lat' dir='ltr'>parentum</span> <span class='ocrx_word' id='word_1_299' title='bbox 775 1633 840 1660; x_wconf 90' lang='lat' dir='ltr'>tuorum</span> 
     </span>
     <span class='ocr_line' id='line_1_30' title="bbox 141 1677 840 1719; baseline -0.001 -10"><span class='ocrx_word' id='word_1_300' title='bbox 141 1677 202 1718; x_wconf 88' lang='lat' dir='ltr'>releua,</span> <span class='ocrx_word' id='word_1_301' title='bbox 221 1688 261 1708; x_wconf 91' lang='lat' dir='ltr'>nam</span> <span class='ocrx_word' id='word_1_302' title='bbox 279 1677 333 1709; x_wconf 90' lang='lat' dir='ltr'>nimia</span> <span class='ocrx_word' id='word_1_303' title='bbox 352 1677 405 1709; x_wconf 89' lang='lat' dir='ltr'>modo</span> <span class='ocrx_word' id='word_1_304' title='bbox 423 1683 557 1719; x_wconf 84' lang='lat' dir='ltr'>coangustantur</span> <span class='ocrx_word' id='word_1_305' title='bbox 571 1677 652 1719; x_wconf 87' lang='lat' dir='ltr'>tristicia;</span> <span class='ocrx_word' id='word_1_306' title='bbox 671 1689 707 1710; x_wconf 88' lang='lat' dir='ltr'>non</span> <span class='ocrx_word' id='word_1_307' title='bbox 721 1678 752 1710; x_wconf 91' lang='lat' dir='ltr'>des</span> <span class='ocrx_word' id='word_1_308' title='bbox 767 1677 840 1719; x_wconf 87' lang='lat' dir='ltr'>requiem</span> 
     </span>
     <span class='ocr_line' id='line_1_31' title="bbox 114 1725 840 1770; baseline -0.003 -11"><span class='ocrx_word' id='word_1_309' title='bbox 114 1741 133 1770; x_wconf 75' lang='lat'>50</span> <span class='ocrx_word' id='word_1_310' title='bbox 141 1726 228 1769; x_wconf 83' lang='lat' dir='ltr'>palpebris</span> <span class='ocrx_word' id='word_1_311' title='bbox 241 1726 280 1767; x_wconf 92' lang='lat' dir='ltr'>tuis,</span> <span class='ocrx_word' id='word_1_312' title='bbox 295 1737 328 1758; x_wconf 91' lang='lat' dir='ltr'>nec</span> <span class='ocrx_word' id='word_1_313' title='bbox 339 1727 383 1758; x_wconf 88' lang='lat' dir='ltr'>oculi</span> <span class='ocrx_word' id='word_1_314' title='bbox 397 1727 466 1768; x_wconf 85' lang='lat' dir='ltr'>capiant</span> <span class='ocrx_word' id='word_1_315' title='bbox 479 1737 576 1769; x_wconf 90' lang='lat' dir='ltr'>sompnum,</span> <span class='ocrx_word' id='word_1_316' title='bbox 589 1728 643 1760; x_wconf 87' lang='lat' dir='ltr'>donec</span> <span class='ocrx_word' id='word_1_317' title='bbox 656 1727 687 1760; x_wconf 91' lang='lat' dir='ltr'>tibi</span> <span class='ocrx_word' id='word_1_318' title='bbox 699 1728 765 1760; x_wconf 88' lang='lat' dir='ltr'>iussum</span> <span class='ocrx_word' id='word_1_319' title='bbox 780 1725 840 1759; x_wconf 88' lang='lat' dir='ltr'>Christi</span> 
     </span>
     <span class='ocr_line' id='line_1_32' title="bbox 141 1777 841 1819; baseline -0.001 -10"><span class='ocrx_word' id='word_1_320' title='bbox 141 1777 238 1818; x_wconf 90' lang='lat' dir='ltr'>impleueris</span> <span class='ocrx_word' id='word_1_321' title='bbox 249 1778 355 1809; x_wconf 88' lang='lat' dir='ltr'>mandatum.</span> <span class='ocrx_word' id='word_1_322' title='bbox 378 1779 424 1810; x_wconf 88' lang='lat' dir='ltr'>Nam</span> <span class='ocrx_word' id='word_1_323' title='bbox 435 1777 492 1818; x_wconf 89' lang='lat' dir='ltr'>hodie,</span> <span class='ocrx_word' id='word_1_324' title='bbox 504 1787 537 1819; x_wconf 86' lang='lat' dir='ltr'>oga</span> <span class='ocrx_word' id='word_1_325' title='bbox 548 1778 594 1819; x_wconf 91' lang='lat' dir='ltr'>gallo</span> <span class='ocrx_word' id='word_1_326' title='bbox 605 1778 689 1819; x_wconf 86' lang='lat' dir='ltr'>trahente,</span> <span class='ocrx_word' id='word_1_327' title='bbox 700 1778 751 1810; x_wconf 85' lang='lat' dir='ltr'>vnica</span> <span class='ocrx_word' id='word_1_328' title='bbox 761 1786 841 1819; x_wconf 87' lang='lat' dir='ltr'>germana</span> 
     </span>
     <span class='ocr_line' id='line_1_33' title="bbox 140 1827 840 1870; baseline -0.003 -10"><span class='ocrx_word' id='word_1_329' title='bbox 140 1834 170 1861; x_wconf 88' lang='lat' dir='ltr'>tua</span> <span class='ocrx_word' id='word_1_330' title='bbox 177 1827 252 1869; x_wconf 89' lang='lat' dir='ltr'>perdidit</span> <span class='ocrx_word' id='word_1_331' title='bbox 259 1827 327 1860; x_wconf 88' lang='lat' dir='ltr'>oculum</span> <span class='ocrx_word' id='word_1_332' title='bbox 335 1838 389 1866; x_wconf 86' lang='lat' dir='ltr'>suum,</span> <span class='ocrx_word' id='word_1_333' title='bbox 398 1833 424 1860; x_wconf 91' lang='lat' dir='ltr'>set</span> <span class='ocrx_word' id='word_1_334' title='bbox 434 1827 481 1860; x_wconf 92' lang='lat' dir='ltr'>locus</span> <span class='ocrx_word' id='word_1_335' title='bbox 491 1827 508 1860; x_wconf 92' lang='lat' dir='ltr'>in</span> <span class='ocrx_word' id='word_1_336' title='bbox 520 1838 554 1870; x_wconf 92' lang='lat' dir='ltr'>quo</span> <span class='ocrx_word' id='word_1_337' title='bbox 564 1833 591 1860; x_wconf 89' lang='lat' dir='ltr'>est</span> <span class='ocrx_word' id='word_1_338' title='bbox 602 1827 698 1861; x_wconf 86' lang='lat' dir='ltr'>reconditus</span> <span class='ocrx_word' id='word_1_339' title='bbox 706 1834 765 1861; x_wconf 90' lang='lat' dir='ltr'>venter</span> <span class='ocrx_word' id='word_1_340' title='bbox 772 1838 804 1869; x_wconf 85' lang='lat' dir='ltr'>oge</span> <span class='ocrx_word' id='word_1_341' title='bbox 811 1831 840 1859; x_wconf 90' lang='lat' dir='ltr'>est.</span> 
     </span>
     <span class='ocr_line' id='line_1_34' title="bbox 140 1875 841 1920; baseline -0.003 -10"><span class='ocrx_word' id='word_1_342' title='bbox 140 1879 179 1911; x_wconf 87' lang='lat' dir='ltr'>Nec</span> <span class='ocrx_word' id='word_1_343' title='bbox 194 1877 225 1910; x_wconf 88' lang='lat' dir='ltr'>tibi</span> <span class='ocrx_word' id='word_1_344' title='bbox 240 1877 257 1910; x_wconf 89' lang='lat' dir='ltr'>in</span> <span class='ocrx_word' id='word_1_345' title='bbox 269 1878 361 1910; x_wconf 86' lang='lat' dir='ltr'>cordetuo</span> <span class='ocrx_word' id='word_1_346' title='bbox 373 1878 449 1910; x_wconf 89' lang='lat' dir='ltr'>hesitans</span> <span class='ocrx_word' id='word_1_347' title='bbox 461 1883 487 1910; x_wconf 91' lang='lat' dir='ltr'>set</span> <span class='ocrx_word' id='word_1_348' title='bbox 498 1888 566 1920; x_wconf 89' lang='lat' dir='ltr'>semper</span> <span class='ocrx_word' id='word_1_349' title='bbox 580 1878 635 1910; x_wconf 90' lang='lat' dir='ltr'>fidens</span> <span class='ocrx_word' id='word_1_350' title='bbox 648 1878 670 1911; x_wconf 91' lang='lat' dir='ltr'>de</span> <span class='ocrx_word' id='word_1_351' title='bbox 685 1878 712 1911; x_wconf 91' lang='lat' dir='ltr'>dei</span> <span class='ocrx_word' id='word_1_352' title='bbox 727 1875 841 1910; x_wconf 87' lang='lat' dir='ltr'>misericordia</span> 
     </span>
     <span class='ocr_line' id='line_1_35' title="bbox 140 1926 840 1972; baseline -0.003 -11"><span class='ocrx_word' id='word_1_353' title='bbox 140 1928 169 1972; x_wconf 94' lang='lat' dir='ltr'>qui</span> <span class='ocrx_word' id='word_1_354' title='bbox 183 1938 234 1971; x_wconf 91' lang='lat' dir='ltr'>opem</span> <span class='ocrx_word' id='word_1_355' title='bbox 243 1929 287 1962; x_wconf 87' lang='lat' dir='ltr'>ferre</span> <span class='ocrx_word' id='word_1_356' title='bbox 297 1928 386 1962; x_wconf 90' lang='lat' dir='ltr'>consueuit</span> <span class='ocrx_word' id='word_1_357' title='bbox 397 1933 442 1961; x_wconf 91' lang='lat' dir='ltr'>recte</span> <span class='ocrx_word' id='word_1_358' title='bbox 452 1928 582 1971; x_wconf 86' lang='lat' dir='ltr'>postulantibus,</span> <span class='ocrx_word' id='word_1_359' title='bbox 595 1928 636 1962; x_wconf 90' lang='lat' dir='ltr'>dum</span> <span class='ocrx_word' id='word_1_360' title='bbox 646 1929 669 1962; x_wconf 90' lang='lat' dir='ltr'>ad</span> <span class='ocrx_word' id='word_1_361' title='bbox 676 1929 732 1962; x_wconf 85' lang='lat' dir='ltr'>locum</span> <span class='ocrx_word' id='word_1_362' title='bbox 746 1926 840 1971; x_wconf 87' lang='lat' dir='ltr'>perueneris</span> 
     </span>
     <span class='ocr_line' id='line_1_36' title="bbox 113 1979 840 2024; baseline -0.004 -12"><span class='ocrx_word' id='word_1_363' title='bbox 113 1994 131 2024; x_wconf 77' lang='lat'>35</span> <span class='ocrx_word' id='word_1_364' title='bbox 141 1979 249 2019; x_wconf 88' lang='lat' dir='ltr'>destinatum,</span> <span class='ocrx_word' id='word_1_365' title='bbox 261 1980 311 2012; x_wconf 90' lang='lat' dir='ltr'>tolles</span> <span class='ocrx_word' id='word_1_366' title='bbox 324 1990 374 2012; x_wconf 89' lang='lat' dir='ltr'>auem</span> <span class='ocrx_word' id='word_1_367' title='bbox 387 1979 538 2021; x_wconf 89' lang='lat' dir='ltr'>predictam—non</span> <span class='ocrx_word' id='word_1_368' title='bbox 552 1979 598 2012; x_wconf 91' lang='lat' dir='ltr'>enim</span> <span class='ocrx_word' id='word_1_369' title='bbox 610 1979 642 2012; x_wconf 91' lang='lat' dir='ltr'>erit</span> <span class='ocrx_word' id='word_1_370' title='bbox 654 1980 684 2013; x_wconf 91' lang='lat' dir='ltr'>tibi</span> <span class='ocrx_word' id='word_1_371' title='bbox 697 1979 767 2013; x_wconf 91' lang='lat' dir='ltr'>omnino</span> <span class='ocrx_word' id='word_1_372' title='bbox 779 1979 840 2021; x_wconf 83' lang='lat' dir='ltr'>ignota,</span> 
     </span>
     <span class='ocr_line' id='line_1_37' title="bbox 140 2028 840 2070; baseline -0.004 -9"><span class='ocrx_word' id='word_1_373' title='bbox 140 2039 181 2062; x_wconf 85' lang='lat' dir='ltr'>nam</span> <span class='ocrx_word' id='word_1_374' title='bbox 197 2030 231 2062; x_wconf 89' lang='lat' dir='ltr'>alta</span> <span class='ocrx_word' id='word_1_375' title='bbox 244 2030 288 2062; x_wconf 87' lang='lat' dir='ltr'>alias</span> <span class='ocrx_word' id='word_1_376' title='bbox 302 2030 427 2070; x_wconf 89' lang='lat' dir='ltr'>supereminet:</span> <span class='ocrx_word' id='word_1_377' title='bbox 447 2035 464 2061; x_wconf 90' lang='lat' dir='ltr'>et</span> <span class='ocrx_word' id='word_1_378' title='bbox 479 2030 576 2062; x_wconf 87' lang='lat' dir='ltr'>euiscerans</span> <span class='ocrx_word' id='word_1_379' title='bbox 591 2031 703 2062; x_wconf 90' lang='lat' dir='ltr'>uentriculum</span> <span class='ocrx_word' id='word_1_380' title='bbox 718 2030 759 2070; x_wconf 90' lang='lat' dir='ltr'>eius,</span> <span class='ocrx_word' id='word_1_381' title='bbox 771 2028 840 2069; x_wconf 86' lang='lat' dir='ltr'>recipies</span> 
     </span>
     <span class='ocr_line' id='line_1_38' title="bbox 141 2076 840 2122; baseline -0.006 -10"><span class='ocrx_word' id='word_1_382' title='bbox 141 2079 209 2112; x_wconf 92' lang='lat' dir='ltr'>oculum</span> <span class='ocrx_word' id='word_1_383' title='bbox 217 2078 279 2112; x_wconf 90' lang='lat' dir='ltr'>sororis</span> <span class='ocrx_word' id='word_1_384' title='bbox 287 2084 327 2112; x_wconf 90' lang='lat' dir='ltr'>tue:</span> <span class='ocrx_word' id='word_1_385' title='bbox 339 2090 360 2111; x_wconf 92' lang='lat' dir='ltr'>ac</span> <span class='ocrx_word' id='word_1_386' title='bbox 368 2089 429 2112; x_wconf 91' lang='lat' dir='ltr'>sanum</span> <span class='ocrx_word' id='word_1_387' title='bbox 440 2078 577 2122; x_wconf 89' lang='lat' dir='ltr'>incolumemque</span> <span class='ocrx_word' id='word_1_388' title='bbox 587 2078 605 2111; x_wconf 89' lang='lat' dir='ltr'>in</span> <span class='ocrx_word' id='word_1_389' title='bbox 613 2080 651 2112; x_wconf 90' lang='lat' dir='ltr'>loco</span> <span class='ocrx_word' id='word_1_390' title='bbox 662 2078 734 2122; x_wconf 87' lang='lat' dir='ltr'>pristino</span> <span class='ocrx_word' id='word_1_391' title='bbox 745 2076 840 2112; x_wconf 86' lang='lat' dir='ltr'>collocabis.</span> 
     </span>
     <span class='ocr_line' id='line_1_39' title="bbox 141 2128 840 2173; baseline -0.004 -10"><span class='ocrx_word' id='word_1_392' title='bbox 141 2130 227 2164; x_wconf 88' lang='lat' dir='ltr'>Dominus</span> <span class='ocrx_word' id='word_1_393' title='bbox 239 2131 289 2171; x_wconf 90' lang='lat' dir='ltr'>enim,</span> <span class='ocrx_word' id='word_1_394' title='bbox 298 2130 324 2164; x_wconf 90' lang='lat' dir='ltr'>cui</span> <span class='ocrx_word' id='word_1_395' title='bbox 336 2140 371 2164; x_wconf 92' lang='lat' dir='ltr'>non</span> <span class='ocrx_word' id='word_1_396' title='bbox 383 2130 482 2173; x_wconf 87' lang='lat' dir='ltr'>inpossibile</span> <span class='ocrx_word' id='word_1_397' title='bbox 493 2136 519 2164; x_wconf 87' lang='lat' dir='ltr'>est</span> <span class='ocrx_word' id='word_1_398' title='bbox 530 2131 582 2164; x_wconf 90' lang='lat' dir='ltr'>vllum</span> <span class='ocrx_word' id='word_1_399' title='bbox 593 2131 669 2171; x_wconf 89' lang='lat' dir='ltr'>verbum,</span> <span class='ocrx_word' id='word_1_400' title='bbox 678 2132 711 2165; x_wconf 88' lang='lat' dir='ltr'>hoc</span> <span class='ocrx_word' id='word_1_401' title='bbox 722 2141 753 2173; x_wconf 89' lang='lat' dir='ltr'>per</span> <span class='ocrx_word' id='word_1_402' title='bbox 764 2136 781 2164; x_wconf 87' lang='lat' dir='ltr'>te</span> <span class='ocrx_word' id='word_1_403' title='bbox 791 2128 840 2163; x_wconf 82' lang='lat' dir='ltr'>faciet</span> 
     </span>
     <span class='ocr_line' id='line_1_40' title="bbox 142 2179 840 2223; baseline -0.004 -10"><span class='ocrx_word' id='word_1_404' title='bbox 142 2181 214 2222; x_wconf 85' lang='lat' dir='ltr'>signum,</span> <span class='ocrx_word' id='word_1_405' title='bbox 222 2191 243 2214; x_wconf 92' lang='lat' dir='ltr'>ac</span> <span class='ocrx_word' id='word_1_406' title='bbox 250 2187 297 2214; x_wconf 88' lang='lat' dir='ltr'>tuam</span> <span class='ocrx_word' id='word_1_407' title='bbox 307 2191 338 2223; x_wconf 91' lang='lat' dir='ltr'>per</span> <span class='ocrx_word' id='word_1_408' title='bbox 349 2186 366 2214; x_wconf 90' lang='lat' dir='ltr'>te</span> <span class='ocrx_word' id='word_1_409' title='bbox 377 2191 453 2214; x_wconf 89' lang='lat' dir='ltr'>sororem</span> <span class='ocrx_word' id='word_1_410' title='bbox 463 2181 562 2223; x_wconf 89' lang='lat' dir='ltr'>parentibus</span> <span class='ocrx_word' id='word_1_411' title='bbox 573 2181 632 2214; x_wconf 87' lang='lat' dir='ltr'>vestris</span> <span class='ocrx_word' id='word_1_412' title='bbox 644 2181 704 2215; x_wconf 90' lang='lat' dir='ltr'>reddet</span> <span class='ocrx_word' id='word_1_413' title='bbox 716 2191 782 2215; x_wconf 89' lang='lat' dir='ltr'>sanam.</span> <span class='ocrx_word' id='word_1_414' title='bbox 804 2179 840 2211; x_wconf 86' lang='lat' dir='ltr'>Nec</span> 
     </span>
     <span class='ocr_line' id='line_1_41' title="bbox 113 2230 840 2275; baseline -0.007 -9"><span class='ocrx_word' id='word_1_415' title='bbox 113 2246 134 2275; x_wconf 85' lang='lat'>40</span> <span class='ocrx_word' id='word_1_416' title='bbox 141 2230 172 2264; x_wconf 89' lang='lat' dir='ltr'>tibi</span> <span class='ocrx_word' id='word_1_417' title='bbox 180 2241 233 2272; x_wconf 87' lang='lat' dir='ltr'>parua</span> <span class='ocrx_word' id='word_1_418' title='bbox 240 2232 310 2274; x_wconf 90' lang='lat' dir='ltr'>quidem</span> <span class='ocrx_word' id='word_1_419' title='bbox 320 2231 409 2264; x_wconf 89' lang='lat' dir='ltr'>adherebit</span> <span class='ocrx_word' id='word_1_420' title='bbox 417 2232 434 2264; x_wconf 91' lang='lat' dir='ltr'>in</span> <span class='ocrx_word' id='word_1_421' title='bbox 443 2232 541 2264; x_wconf 90' lang='lat' dir='ltr'>excusando</span> <span class='ocrx_word' id='word_1_422' title='bbox 550 2231 638 2274; x_wconf 88' lang='lat' dir='ltr'>cogitacio,</span> <span class='ocrx_word' id='word_1_423' title='bbox 647 2231 731 2265; x_wconf 91' lang='lat' dir='ltr'>dicendo:</span> <span class='ocrx_word' id='word_1_424' title='bbox 743 2231 753 2249; x_wconf 81' lang='lat'><em>“</em></span> <span class='ocrx_word' id='word_1_425' title='bbox 760 2230 840 2272; x_wconf 86' lang='lat' dir='ltr'>Egiptum</span> 
     </span>
     <span class='ocr_line' id='line_1_42' title="bbox 140 2278 840 2322; baseline -0.006 -10"><span class='ocrx_word' id='word_1_426' title='bbox 140 2281 201 2321; x_wconf 87' lang='lat' dir='ltr'>reliqui</span> <span class='ocrx_word' id='word_1_427' title='bbox 214 2291 245 2312; x_wconf 91' lang='lat' dir='ltr'>nec</span> <span class='ocrx_word' id='word_1_428' title='bbox 257 2283 296 2312; x_wconf 93' lang='lat' dir='ltr'>volo</span> <span class='ocrx_word' id='word_1_429' title='bbox 307 2282 374 2321; x_wconf 86' lang='lat' dir='ltr'>regredi</span> <span class='ocrx_word' id='word_1_430' title='bbox 386 2283 409 2312; x_wconf 91' lang='lat' dir='ltr'>ad</span> <span class='ocrx_word' id='word_1_431' title='bbox 421 2282 482 2320; x_wconf 86' lang='lat' dir='ltr'>illam,’&#39;</span> <span class='ocrx_word' id='word_1_432' title='bbox 494 2287 511 2313; x_wconf 90' lang='lat' dir='ltr'>et</span> <span class='ocrx_word' id='word_1_433' title='bbox 523 2282 631 2322; x_wconf 87' lang='lat' dir='ltr'>euangelium</span> <span class='ocrx_word' id='word_1_434' title='bbox 642 2282 759 2313; x_wconf 84' lang='lat' dir='ltr'>recordando:</span> <span class='ocrx_word' id='word_1_435' title='bbox 772 2278 840 2312; x_wconf 74' lang='lat' dir='ltr'>“Sinite</span> 
     </span>
     <span class='ocr_line' id='line_1_43' title="bbox 141 2326 841 2371; baseline -0.001 -10"><span class='ocrx_word' id='word_1_436' title='bbox 141 2335 217 2362; x_wconf 84' lang='lat' dir='ltr'>mortuos</span> <span class='ocrx_word' id='word_1_437' title='bbox 228 2329 299 2371; x_wconf 85' lang='lat' dir='ltr'>sepelire</span> <span class='ocrx_word' id='word_1_438' title='bbox 309 2336 384 2362; x_wconf 91' lang='lat' dir='ltr'>mortuos</span> <span class='ocrx_word' id='word_1_439' title='bbox 394 2330 449 2363; x_wconf 87' lang='lat' dir='ltr'>suos.’¹</span> <span class='ocrx_word' id='word_1_440' title='bbox 472 2330 490 2363; x_wconf 89' lang='lat' dir='ltr'>Si</span> <span class='ocrx_word' id='word_1_441' title='bbox 499 2330 545 2363; x_wconf 90' lang='lat' dir='ltr'>enim</span> <span class='ocrx_word' id='word_1_442' title='bbox 553 2331 585 2363; x_wconf 90' lang='lat' dir='ltr'>hec</span> <span class='ocrx_word' id='word_1_443' title='bbox 593 2330 623 2363; x_wconf 88' lang='lat' dir='ltr'>tibi</span> <span class='ocrx_word' id='word_1_444' title='bbox 632 2331 708 2363; x_wconf 89' lang='lat' dir='ltr'>humana</span> <span class='ocrx_word' id='word_1_445' title='bbox 716 2326 841 2371; x_wconf 87' lang='lat' dir='ltr'>suadere[n]tur</span> 
     </span>
     <span class='ocr_line' id='line_1_44' title="bbox 141 2375 839 2424; baseline -0.006 -12"><span class='ocrx_word' id='word_1_446' title='bbox 141 2381 214 2423; x_wconf 89' lang='lat' dir='ltr'>loquela,</span> <span class='ocrx_word' id='word_1_447' title='bbox 226 2380 314 2413; x_wconf 87' lang='lat' dir='ltr'>verissime</span> <span class='ocrx_word' id='word_1_448' title='bbox 326 2381 479 2422; x_wconf 85' lang='lat' dir='ltr'>congruentissima</span> <span class='ocrx_word' id='word_1_449' title='bbox 490 2382 551 2413; x_wconf 89' lang='lat' dir='ltr'>eadem</span> <span class='ocrx_word' id='word_1_450' title='bbox 564 2388 603 2414; x_wconf 88' lang='lat' dir='ltr'>ate</span> <span class='ocrx_word' id='word_1_451' title='bbox 616 2383 717 2424; x_wconf 85' lang='lat' dir='ltr'>proferenda</span> <span class='ocrx_word' id='word_1_452' title='bbox 728 2387 785 2415; x_wconf 90' lang='lat' dir='ltr'>essent</span> <span class='ocrx_word' id='word_1_453' title='bbox 796 2375 839 2411; x_wconf 91' lang='lat' dir='ltr'>testi-</span> 
     </span>
     <span class='ocr_line' id='line_1_45' title="bbox 140 2430 840 2476; baseline -0.003 -12"><span class='ocrx_word' id='word_1_454' title='bbox 140 2431 204 2465; x_wconf 84' lang='lat' dir='ltr'>monia.</span> <span class='ocrx_word' id='word_1_455' title='bbox 226 2431 245 2464; x_wconf 88' lang='lat' dir='ltr'>Si</span> <span class='ocrx_word' id='word_1_456' title='bbox 258 2441 298 2464; x_wconf 90' lang='lat' dir='ltr'>vero</span> <span class='ocrx_word' id='word_1_457' title='bbox 310 2431 369 2464; x_wconf 91' lang='lat' dir='ltr'>diuina</span> <span class='ocrx_word' id='word_1_458' title='bbox 380 2437 409 2464; x_wconf 91' lang='lat' dir='ltr'>aut</span> <span class='ocrx_word' id='word_1_459' title='bbox 420 2431 476 2464; x_wconf 88' lang='lat' dir='ltr'>eciam</span> <span class='ocrx_word' id='word_1_460' title='bbox 486 2431 530 2464; x_wconf 89' lang='lat' dir='ltr'>sicut</span> <span class='ocrx_word' id='word_1_461' title='bbox 540 2437 558 2464; x_wconf 93' lang='lat' dir='ltr'>tu</span> <span class='ocrx_word' id='word_1_462' title='bbox 569 2432 619 2465; x_wconf 89' lang='lat' dir='ltr'>audis</span> <span class='ocrx_word' id='word_1_463' title='bbox 630 2433 713 2475; x_wconf 83' lang='lat' dir='ltr'>angelica,</span> <span class='ocrx_word' id='word_1_464' title='bbox 724 2430 811 2476; x_wconf 87' lang='lat' dir='ltr'>quomodo</span> <span class='ocrx_word' id='word_1_465' title='bbox 821 2435 840 2460; x_wconf 77' lang='lat' dir='ltr'>ea</span> 
     </span>
     <span class='ocr_line' id='line_1_46' title="bbox 113 2475 840 2527; baseline -0.004 -13"><span class='ocrx_word' id='word_1_466' title='bbox 113 2495 131 2527; x_wconf 77' lang='lat'>45</span> <span class='ocrx_word' id='word_1_467' title='bbox 140 2481 239 2526; x_wconf 83' lang='lat' dir='ltr'>parentibus</span> <span class='ocrx_word' id='word_1_468' title='bbox 247 2481 281 2515; x_wconf 90' lang='lat' dir='ltr'>tuis</span> <span class='ocrx_word' id='word_1_469' title='bbox 293 2481 369 2524; x_wconf 87' lang='lat' dir='ltr'>inpertiri</span> <span class='ocrx_word' id='word_1_470' title='bbox 379 2482 474 2524; x_wconf 91' lang='lat' dir='ltr'>denegabis</span> <span class='ocrx_word' id='word_1_471' title='bbox 483 2492 517 2525; x_wconf 89' lang='lat' dir='ltr'>que</span> <span class='ocrx_word' id='word_1_472' title='bbox 527 2483 582 2516; x_wconf 91' lang='lat' dir='ltr'>cuntis</span> <span class='ocrx_word' id='word_1_473' title='bbox 595 2483 612 2516; x_wconf 90' lang='lat' dir='ltr'>in</span> <span class='ocrx_word' id='word_1_474' title='bbox 623 2493 714 2516; x_wconf 89' lang='lat' dir='ltr'>commune</span> <span class='ocrx_word' id='word_1_475' title='bbox 726 2475 840 2526; x_wconf 75' lang='lat' dir='ltr'>prestitenst’</span> 
     </span>
     <span class='ocr_line' id='line_1_47' title="bbox 140 2526 840 2577; baseline -0.006 -10"><span class='ocrx_word' id='word_1_476' title='bbox 140 2535 214 2567; x_wconf 84' lang='lat' dir='ltr'>Sanctus</span> <span class='ocrx_word' id='word_1_477' title='bbox 225 2533 248 2566; x_wconf 90' lang='lat' dir='ltr'>ad</span> <span class='ocrx_word' id='word_1_478' title='bbox 259 2533 292 2566; x_wconf 90' lang='lat' dir='ltr'>hec</span> <span class='ocrx_word' id='word_1_479' title='bbox 303 2532 418 2566; x_wconf 88' lang='lat' dir='ltr'>Winwaloeus</span> <span class='ocrx_word' id='word_1_480' title='bbox 430 2532 516 2566; x_wconf 88' lang='lat' dir='ltr'>inmobilis</span> <span class='ocrx_word' id='word_1_481' title='bbox 528 2539 580 2575; x_wconf 90' lang='lat' dir='ltr'>stans,</span> <span class='ocrx_word' id='word_1_482' title='bbox 592 2533 693 2575; x_wconf 69' lang='lat' dir='ltr'>‘Omnibus</span> <span class='ocrx_word' id='word_1_483' title='bbox 705 2533 765 2577; x_wconf 91' lang='lat' dir='ltr'>inquit,</span> <span class='ocrx_word' id='word_1_484' title='bbox 777 2526 840 2565; x_wconf 79' lang='lat' dir='ltr'>nebulis</span> 
     </span>
     <span class='ocr_line' id='line_1_48' title="bbox 141 2578 839 2625; baseline -0.006 -11"><span class='ocrx_word' id='word_1_485' title='bbox 141 2582 202 2625; x_wconf 91' lang='lat' dir='ltr'>quibus</span> <span class='ocrx_word' id='word_1_486' title='bbox 214 2582 318 2625; x_wconf 89' lang='lat' dir='ltr'>prohibebar</span> <span class='ocrx_word' id='word_1_487' title='bbox 325 2593 336 2615; x_wconf 89' lang='lat' dir='ltr'>a</span> <span class='ocrx_word' id='word_1_488' title='bbox 343 2588 360 2615; x_wconf 91' lang='lat' dir='ltr'>te</span> <span class='ocrx_word' id='word_1_489' title='bbox 368 2583 426 2624; x_wconf 88' lang='lat' dir='ltr'>procul</span> <span class='ocrx_word' id='word_1_490' title='bbox 437 2583 509 2616; x_wconf 91' lang='lat' dir='ltr'>euolutis</span> <span class='ocrx_word' id='word_1_491' title='bbox 514 2582 525 2624; x_wconf 75' lang='lat'>²,</span> <span class='ocrx_word' id='word_1_492' title='bbox 533 2593 572 2616; x_wconf 90' lang='lat' dir='ltr'>ecce</span> <span class='ocrx_word' id='word_1_493' title='bbox 580 2594 639 2616; x_wconf 92' lang='lat' dir='ltr'>seruus</span> <span class='ocrx_word' id='word_1_494' title='bbox 646 2594 681 2617; x_wconf 91' lang='lat' dir='ltr'>non</span> <span class='ocrx_word' id='word_1_495' title='bbox 689 2584 744 2616; x_wconf 88' lang='lat' dir='ltr'>solum</span> <span class='ocrx_word' id='word_1_496' title='bbox 751 2578 816 2616; x_wconf 86' lang='lat' dir='ltr'>domini</span> <span class='ocrx_word' id='word_1_497' title='bbox 823 2580 839 2608; x_wconf 83' lang='lat' dir='ltr'>et</span> 
     </span>
    </p>
   </div>
   <div class='ocr_carea' id='block_1_6' title="bbox 260 2649 723 2683">
    <p class='ocr_par' dir='ltr' id='par_1_6' title="bbox 260 2649 723 2683">
     <span class='ocr_line' id='line_1_49' title="bbox 260 2649 723 2683; baseline 0.004 -3"><span class='ocrx_word' id='word_1_498' title='bbox 260 2650 266 2668; x_wconf 86' lang='lat'><em>¹</em></span> <span class='ocrx_word' id='word_1_499' title='bbox 277 2650 311 2682; x_wconf 87' lang='lat' dir='ltr'>MS.</span> <span class='ocrx_word' id='word_1_500' title='bbox 319 2661 351 2681; x_wconf 87' lang='lat' dir='ltr'>sua.</span> <span class='ocrx_word' id='word_1_501' title='bbox 590 2649 597 2668; x_wconf 64' lang='lat'><em>⁹</em></span> <span class='ocrx_word' id='word_1_502' title='bbox 607 2651 640 2682; x_wconf 86' lang='lat' dir='ltr'>MS.</span> <span class='ocrx_word' id='word_1_503' title='bbox 648 2651 723 2683; x_wconf 87' lang='lat' dir='ltr'>euolutus.</span> 
     </span>
    </p>
   </div>
   <div class='ocr_carea' id='block_1_7' title="bbox 0 0 886 2803">
    <p class='ocr_par' dir='ltr' id='par_1_7' title="bbox 0 0 886 2803">
     <span class='ocr_line' id='line_1_50' title="bbox 0 0 886 2803; baseline 0 0"><span class='ocrx_word' id='word_1_504' title='bbox 0 0 886 2803; x_wconf 95' lang='lat' dir='ltr'> </span> 
     </span>
    </p>
   </div>
  </div>
 </body>
</html>
