1762 2803
112 112 157 167 bt
172 110 331 174 trumuine,
347 110 507 174 tantamne,
524 113 548 162 et
563 108 656 162 ailbe.
695 123 734 166 131

34 233 135 269 dominum.
158 224 159 228 Ἰ
169 227 270 269 Translata
281 246 327 269 vero
338 235 361 269 ad
374 234 435 268 celum
444 238 507 267 sancta
518 227 636 275 Kyneburga,
650 231 692 265 Offa
703 241 736 264 rex

35 285 157 321 Orientalium
169 287 263 321 Saxonum
276 286 409 330 Kyneswidam
420 284 511 319 affectauit
522 285 541 318 in
552 295 640 318 vxorem:
652 289 670 317 et
682 283 737 318 minis

35 342 53 373 el
58 338 211 383 promissionibus
216 340 293 375 fratrum
298 350 373 375 suorum
380 339 454 382 coacta¹,
459 338 557 384 gloriosam
563 337 653 382 virginem
659 336 737 372 Mariam

35 392 119 437 suspiriis
131 400 149 429 et
164 393 246 429 oratione
260 395 325 438 iugiter
338 393 428 438 implorat,
441 398 460 427 et
474 392 566 437 quomodo
579 392 626 426 hane
641 391 737 426 cathenam

35 446 115 480 excutiat
125 448 221 482 consilium
233 447 313 481 salutare
321 446 343 480 ab
352 457 373 480 ea
381 445 472 490 efflagitat.
495 445 554 479 Adest
564 445 638 478 tandem
649 443 667 478 in
679 444 737 478 extasi
747 449 756 481 5

35 503 88 542 rapte
99 499 151 543 virgo
163 500 221 534 Maria
237 500 329 533 immenso
342 498 441 541 splendore
456 496 572 538 circumfusa,
584 497 658 529 dicens:
678 496 738 536 ‘Tuis,

35 550 98 594 inquit,
107 550 206 594 angoribus
214 562 311 594 compassa
319 555 337 584 et
345 550 443 589 lachrimis,
451 549 510 593 gratia
520 549 650 582 consolationis
657 553 688 582 tue
694 547 737 582 veni

35 603 58 635 ad
66 606 90 636 te.
113 602 181 637 Salutis
190 604 285 637 consilium
296 604 370 644 suadeo,
381 602 473 637 seruande
481 601 591 645 virginitatis
601 599 697 635 consilium
708 600 738 633 do.

36 654 86 688 Nihil
96 655 128 689 tibi
140 657 232 691 salubrius
244 665 299 700 quam
310 655 329 690 in
341 665 377 699 qua
392 659 434 690 nata
443 665 464 689 es
475 654 554 699 puritate
565 663 681 699 permanere,
692 652 738 688 nihil

35 709 131 743 sublimius
143 721 198 753 quam
209 709 267 743 filium
282 719 344 743 meum
359 719 449 752 sponsum
460 709 534 749 habere,
545 707 590 741 nihil
601 707 672 741 beatius
683 716 738 750 quam
748 716 768 739 ro

35 760 65 795 hic
81 762 201 806 corruptionis
216 762 264 796 mala
279 762 350 796 nescire
369 767 387 796 et
404 763 423 795 in
438 761 478 795 celo
495 770 581 794 coronam
597 759 738 804 incorruptionis

36 814 141 858 possidere.¹
165 814 195 849 Aa
207 814 241 850 hec
253 814 305 859 virgo
319 819 382 849 sancta
394 813 510 858 respondens
521 813 557 847 ait:
575 812 661 854 ‘Omnes
673 812 738 857 inquit,

36 867 89 901 amici
104 867 141 902 mei
155 869 254 902 aduersum
269 878 299 901 me
314 866 509 911 appropinquauerunt
523 871 542 900 et
557 870 652 908 steterunt,
667 871 686 899 et
700 866 738 900 vim

36 919 118 953 fecerunt
128 921 159 964 qui
170 926 249 964 querunt
258 920 339 954 animam
347 928 413 953 meam.
436 919 474 953 Sed
483 923 508 958 tu,
516 918 596 958 domina,
603 917 661 951 libera
671 928 739 962 corpus

37 982 99 1007 meum
110 983 121 1007 a
132 972 239 1016 perditione,
248 973 271 1007 de
279 972 319 1006 lacu
327 971 402 1005 miserie
414 976 432 1005 et
440 970 514 1011 deluto,
522 975 541 1004 vt
548 982 586 1004 non
594 970 670 1014 infigam
680 970 739 1004 libera
747 981 766 1013 1⁵

36 1024 117 1063 animam
132 1035 193 1059 meam
208 1025 231 1059 de
246 1024 313 1069 laqueo
326 1023 438 1066 venantium,
450 1029 470 1058 vt
484 1034 521 1058 non
534 1023 607 1068 capiar!
629 1023 681 1058 Talia
696 1033 738 1058 cum

36 1076 145 1121 singultibus
160 1083 178 1113 et
191 1077 275 1123 suspiriis
287 1088 329 1112 cum
341 1077 426 1112 eiulando
437 1077 563 1121 profunderet,
577 1077 644 1111 iterum
659 1076 739 1121 gloriosa

36 1131 88 1173 virgo
101 1131 159 1165 Maria
173 1130 190 1165 ei
203 1131 260 1165 dixit:
276 1130 334 1170 ‘Noli,
346 1131 377 1171 ait,
389 1130 460 1170 timere,
477 1129 515 1163 noli
530 1139 613 1163 merere:
631 1140 666 1171 ego
681 1130 738 1162 lilium

36 1193 99 1216 meum
109 1183 231 1228 interpellabo
238 1193 272 1227 pro
280 1187 304 1222 te,
312 1187 330 1216 et
341 1183 381 1226 ipse
391 1182 443 1216 eitius
453 1181 545 1217 adiuuabit
553 1183 581 1217 te¹
604 1182 645 1225 Quo
655 1181 708 1224 dicto,
716 1184 739 1217 ab

36 1235 93 1270 oculis
105 1236 145 1271 eius
156 1235 235 1270 euanuit.
259 1235 308 1269 Hinc
321 1234 371 1279 virgo
384 1234 498 1280 Kyneswida
509 1236 546 1269 nde
557 1241 633 1278 armata,
640 1237 663 1271 ad
675 1246 738 1280 regem
748 1247 768 1270 ao

37 1287 98 1322 offam
105 1288 183 1323 nuncios
190 1288 251 1323 misit:
263 1288 351 1323 rescindit
356 1289 415 1330 sedus,
421 1293 495 1332 pactum
501 1288 578 1330 abdicat,
582 1289 671 1331 obsecrat,
678 1289 739 1324 obtes-

36 1346 90 1384 tatur,
105 1341 197 1376 interdicit
212 1342 378 1386 pertremendum
397 1351 465 1376 nomen
483 1341 557 1384 domini,
573 1353 597 1376 ne
612 1342 629 1377 ei
642 1342 689 1378 vltra
701 1342 739 1377 uim

37 1394 108 1434 inserat,
116 1406 140 1428 ne
148 1406 188 1429 eam
197 1394 270 1429 Christo
278 1394 348 1428 auferat
355 1394 384 1428 vel
392 1399 456 1428 contra
463 1394 498 1428 celi
505 1394 600 1429 dominum
607 1400 682 1439 pugnet,
690 1401 708 1430 et
715 1406 740 1430 ne

37 1446 144 1490 virginitatis
152 1452 243 1481 amatores
254 1447 330 1491 angelos
340 1447 443 1489 conturbet,
451 1447 484 1482 sed
496 1458 516 1482 se
525 1447 560 1482 deo
571 1458 610 1489 suo,
618 1448 647 1482 eui
655 1459 676 1482 se
684 1449 740 1482 deuo-

37 1500 89 1542 uerit,
101 1501 170 1534 illibata
182 1500 265 1534 libertate
279 1499 349 1534 seruire
363 1499 461 1544 permittat.
485 1500 525 1542 Quo
538 1500 605 1542 audito,
618 1502 769 1542 deoauctore15

38 1554 145 1596 comprobat
156 1564 189 1586 rex
201 1554 236 1586 tale
248 1552 348 1591 consilium,
360 1553 456 1585 remandat
467 1552 534 1597 virgini
549 1559 609 1588 ratum
623 1564 665 1589 esse
676 1559 739 1589 votum

37 1615 98 1639 suum.
120 1604 151 1639 Sic
160 1615 203 1650 ergo
212 1605 298 1649 expedita
303 1605 355 1648 virgo
363 1604 438 1646 Christi,
444 1606 494 1640 omni
500 1605 593 1650 vigilantia
601 1606 636 1642 deo
643 1606 714 1642 seruire
722 1612 741 1642 et

38 1664 120 1692 mentem
135 1668 187 1692 suam
202 1659 221 1692 in
237 1658 287 1693 omni
299 1657 389 1692 munditia
403 1658 495 1694 custodire
510 1659 585 1694 curauit.
608 1659 651 1695 Rex
664 1661 740 1695 tandem

38 1711 85 1752 Offa,
98 1712 142 1745 dum
157 1711 214 1745 oculis
227 1712 266 1745 suis
278 1711 364 1745 sanctitas
375 1712 458 1755 preiueet
470 1713 546 1757 virginis
558 1713 631 1756 inuicta,
642 1714 715 1749 diuitias
729 1724 741 1748 a

38 1768 103 1799 tenera
117 1764 178 1809 puella
191 1764 297 1808 repudiatas
308 1765 430 1799 erubescere²
443 1767 497 1810 cepit,
513 1766 616 1801 subiectum
629 1777 650 1801 se
664 1767 740 1801 vanitati
749 1777 769 1807 ³⁰

40 1818 111 1857 dolens,
118 1822 137 1851 et
148 1828 169 1851 se
180 1827 255 1850 seruum
265 1817 318 1859 regni
330 1816 358 1849 sni
369 1823 463 1860 reputans,
475 1819 542 1853 relictis
553 1820 639 1853 omnibus
650 1824 740 1864 sequutus

39 1875 67 1903 est
79 1870 178 1909 dominum,
186 1873 204 1902 et
212 1868 292 1902 Romam
304 1879 383 1913 peregre
393 1870 520 1914 proficiscens,
527 1871 546 1906 in
557 1873 667 1907 monachum
677 1878 740 1907 tonso·

39 1922 101 1957 ratus³
108 1927 141 1957 est.
164 1920 279 1966 Kyneswida
286 1932 330 1956 vero
337 1922 405 1966 vigiliis
415 1928 433 1958 et
443 1924 556 1959 orationibus
563 1937 584 1959 ac
592 1925 645 1960 bonis
653 1925 740 1970 operibus

38 1986 97 2021 Vsque
104 1977 128 2011 ad
136 1981 214 2010 mortem
221 1974 287 2019 iugiter
295 1976 330 2010 deo
338 1977 428 2019 seruiens,
436 1978 459 2011 de
467 1977 550 2023 corporis
561 1980 636 2013 tandem
648 1980 740 2023 ergastulo

39 2031 109 2072 educta,
124 2028 205 2064 venienti
220 2039 290 2072 sponso
304 2028 353 2063 inter
371 2029 463 2073 angelicos
482 2036 582 2066 concentus
601 2034 680 2066 occurrit
698 2039 769 2071 cumas

38 2083 106 2127 gloria3
115 2087 133 2117 et
139 2083 157 2116 in
163 2081 275 2117 monasterio
281 2082 350 2116 sororis
356 2093 391 2117 sue
399 2088 427 2118 est
435 2084 513 2128 sepulta.
534 2078 594 2120 Anno
601 2091 662 2120 autem
671 2087 741 2121 domini

39 2136 135 2170 millesimo
150 2137 214 2178 quinto
227 2134 305 2178 reliquie
316 2141 421 2169 sanctarum
435 2136 549 2181 Kyneburge
563 2143 581 2172 et
595 2138 709 2182 Kyneswide
722 2144 741 2175 et

39 2186 98 2222 Tibbe
106 2188 129 2222 ad
137 2186 269 2221 monasterium
276 2188 299 2221 de
304 2187 363 2232 burgo
371 2190 428 2224 sancti
437 2189 486 2224 Petri
494 2201 536 2225 cum
543 2201 611 2235 magno
619 2192 689 2227 honore
696 2198 740 2227 sunt

39 2242 132 2276 translate.
154 2240 198 2275 Erat
205 2245 266 2274 autem
275 2241 327 2275 beata
335 2241 394 2275 Tibba
401 2246 507 2277 sanctarum
516 2242 609 2288 virginum
616 2245 740 2289 predictarum

39 2292 180 2338 consanguinea,
188 2303 224 2336 que
232 2292 295 2326 multis
302 2293 356 2327 annis
367 2294 386 2328 in
396 2305 463 2339 magna
474 2297 569 2331 sanctitate
580 2297 661 2332 solitarie
669 2298 741 2340 vinens,
749 2305 770 2335 40

39 2346 74 2381 deo
82 2347 166 2391 spiritum
174 2345 314 2381 commendauit.
337 2346 378 2389 Que
387 2348 458 2383 cuidam
468 2354 532 2383 sancto
540 2349 580 2384 viro
587 2361 686 2394 apparens,
694 2351 742 2385 inter

40 2405 100 2434 cetera
115 2399 172 2433 dixit:
192 2398 241 2442 ‘Ego
255 2409 279 2431 ex
295 2408 376 2442 superna
390 2399 489 2435 sestiuitate
505 2407 567 2435 nostra
582 2402 676 2442 descendi,
691 2404 740 2437 diem

40 2450 204 2496 transmigrationis
212 2461 254 2485 mee
261 2450 294 2484 tibi
302 2452 390 2487 nunciare
398 2452 446 2487 veni,
467 2453 505 2487 Ista
512 2453 561 2488 enim
569 2464 606 2489 nox
614 2461 632 2489 et
640 2456 679 2489 dies
687 2455 741 2491 beate

58 2551 64 2569 ¹
74 2561 87 2582 r,
95 2555 169 2582 coartata.
236 2550 242 2569 ²
253 2550 272 2580 E.
279 2549 379 2581 erubuscere.
440 2552 446 2569 ²
456 2553 474 2583 T.
481 2557 582 2590 tonsoratum
592 2553 610 2584 E.
618 2559 724 2587 consecratus.

377 2608 408 2632 ita
