1762 2803
255 110 301 165 bt
316 109 415 162 &aneto
432 109 532 161 uiuam.
718 127 745 169 23

42 231 154 275 ingrediens,
165 241 233 275 panem
246 230 293 264 mire
306 229 401 265 suauitatis
412 235 430 264 et
443 229 527 265 candoris
539 230 620 273 inuenit;
632 236 650 265 et
661 230 746 272 reiectus,

42 284 109 328 gratias
120 285 155 317 deo
162 284 245 317 reserens
250 283 261 323 ¹,
270 283 293 316 ad
304 282 397 317 orationes
407 288 425 316 et
437 283 531 327 hympnos
541 293 562 317 se
573 283 668 317 conuertit.
691 284 746 317 Cum-

42 348 78 382 que
93 337 116 371 de
131 335 170 371 suis
185 336 255 371 meritis
270 335 343 380 gloriari
355 335 441 380 cepisset,
453 335 539 370 continuo
551 336 660 371 subintrauit
671 336 690 371 in
704 347 746 372 eurn

42 389 112 424 desidia
130 389 209 433 quedam
222 389 280 423 animi
296 389 372 431 modica,
390 394 407 423 et
422 394 464 432 post
477 389 511 429 hec
526 389 584 423 creuit
599 388 714 433 negligentia,
727 395 747 423 vt

41 442 121 477 tardior2
128 443 181 476 fieret
191 443 214 476 ad
223 442 324 477 orationem
332 453 337 483 ς
349 452 428 485 cumque
438 452 503 486 pamm
509 440 516 460 ³
523 442 614 486 psallendi
625 441 747 477 ministerium
756 456 764 484 5

42 495 160 536 exhibuisset,
168 495 229 529 anima
240 495 279 529 eius
290 494 342 538 quasi
350 494 408 528 nimio
416 494 478 529 labore
486 494 565 539 fatigata,
572 496 690 540 requiescere
697 495 747 530 festi-

41 549 100 581 nabat.
124 548 168 581 Erat
181 548 231 581 enim
242 547 279 581 ianr
291 548 405 580 clandestina
417 548 496 590 quedam
507 548 525 581 iu
538 548 593 581 corde
604 547 643 582 eius
655 547 714 592 turpis
726 558 746 582 ac

42 600 140 643 nephanda
155 599 244 643 cogitatio.
274 599 320 634 Curn
335 605 377 644 post
392 599 484 634 orationes
500 599 560 634 cibum
575 604 662 641 sumeret,
677 599 747 635 inuenit

41 653 110 687 tardius
125 652 179 687 solito
191 663 258 697 panem
272 663 337 688 mense
350 652 461 697 appositum,
475 664 509 688 nec
524 653 612 697 paulatim
626 665 647 687 se
660 664 746 688 casurum

41 705 135 740 intellexit.
165 706 248 749 Cumque
261 705 323 750 grauis
338 705 419 740 libidinis
432 706 558 741 stimularetur
570 706 661 748 incendio,
675 706 746 742 inuenit
756 720 775 741 ro

41 761 115 794 demum
127 769 195 803 panem
207 770 261 793 suum
273 758 327 793 solito
338 759 465 794 sordidiorem.
489 759 632 803 Occupauerunt
643 770 685 794 eum
697 760 746 804 cogi-

41 812 118 846 tationes
129 817 147 846 et
156 812 228 846 luxurie
235 811 309 853 stimuli,
317 816 335 846 et
345 811 397 856 quasi
405 811 441 846 iarn
451 822 531 856 presens
538 817 556 846 et
564 823 627 847 secum
635 814 746 848 accumbens

41 876 107 908 ymago
119 865 206 907 mulieris,
214 876 269 909 quam
281 871 299 899 et
310 865 396 909 amplecti
407 865 442 899 sibi
453 865 550 899 videbatur
561 871 579 899 et
590 865 614 899 ad
625 871 690 910 turpes
700 877 746 901 usus

41 918 109 951 habere
119 918 236 952 substratam.
259 918 343 961 Cumque
355 917 416 952 cibum
427 923 514 959 sumeret,
526 918 596 952 inuenit
607 928 675 963 panem
687 918 746 953 sordi-

41 969 136 1005 dissimum
143 975 197 1014 atque
205 971 276 1005 aridum
285 976 303 1005 et
311 970 363 1014 quasi
371 982 383 1004 a
390 970 474 1005 muribus
480 971 562 1015 undique
570 983 671 1006 corrosum.
693 973 745 1006 Tunc
756 983 773 1013 ¹5

40 1022 70 1056 ille
83 1022 172 1066 ingemuit
185 1029 203 1057 et
216 1023 314 1057 lachrimas
328 1023 379 1063 ludit,
391 1024 424 1057 sed
440 1033 477 1057 non
492 1023 517 1056 ita
532 1024 604 1063 uberes,
617 1034 653 1068 que
668 1031 745 1068 possent

40 1075 133 1110 flammam
144 1076 189 1110 tanti
201 1075 250 1120 ignis
259 1076 372 1120 extinguere.
395 1075 418 1110 Et
430 1087 471 1111 cum
483 1076 602 1121 cogitationes
609 1076 690 1121 undique
702 1088 744 1112 eum

40 1129 134 1170 vallarent,
142 1140 235 1173 exurgens
243 1135 302 1170 nocte,
310 1131 333 1163 ad
341 1130 433 1163 ciuitatem
441 1129 476 1163 iter
483 1128 565 1173 arripuit.
581 1129 616 1163 Die
624 1134 685 1163 autern
693 1129 745 1171 iacto,

40 1180 84 1214 vidit
101 1182 193 1225 quandam
209 1181 285 1216 fratrum
305 1182 375 1223 celiam,
390 1181 421 1216 vbi
436 1181 521 1225 fatigatus
536 1181 632 1226 requieuit.
662 1181 745 1228 Cumque

40 1244 105 1278 parum
122 1235 202 1269 refectus
217 1234 323 1279 quieuisset,
339 1247 362 1270 ex
377 1246 429 1270 more
445 1234 497 1280 quasi
513 1236 536 1270 ab
553 1235 677 1271 eruditissimo
693 1243 745 1281 patre
754 1246 774 1269 ao

40 1289 116 1322 verbum
132 1288 252 1322 edificationis
268 1295 356 1332 ceperunt
370 1295 464 1332 expetere,
479 1289 630 1333 interrogantque
645 1299 687 1323 eum
703 1289 745 1333 quis

39 1340 107 1374 diaboli
115 1340 190 1384 laqueos
196 1340 255 1384 possit
261 1340 347 1385 effugere,
353 1346 371 1375 et
379 1341 455 1386 turpes*
462 1340 581 1386 cogitationes
589 1342 612 1375 ab
621 1352 643 1376 eo
651 1341 745 1376 immissas

40 1393 138 1437 depellere.
160 1394 212 1428 Tunc
220 1394 250 1428 ille
258 1395 370 1428 sufficienter
377 1405 409 1429 eos
417 1394 483 1435 docuit,
491 1400 509 1428 et
517 1394 536 1428 in
544 1394 665 1438 semetipsum
673 1405 745 1439 regres-

40 1456 71 1480 sus
79 1447 114 1482 ait:
128 1447 233 1489 ‘Quomodo
241 1447 286 1481 alios
294 1457 360 1482 moneo
365 1452 384 1482 et
393 1447 434 1492 ipse
442 1446 534 1491 decipior?
557 1448 603 1491 Age,
610 1447 674 1491 inquit,
683 1448 745 1488 miser,

39 1510 74 1542 que
81 1499 140 1534 iacere
146 1499 191 1533 alios
197 1502 272 1534 mones?
296 1500 318 1533 Et
323 1500 427 1555 intelligeps
435 1510 456 1535 se
464 1500 594 1534 miserabiliter
602 1499 744 1544 supplantatum,
754 1509 772 1540 25

39 1552 62 1586 ad
71 1553 178 1596 speluncam
189 1552 248 1593 rediit,
256 1552 274 1587 in
285 1553 343 1587 cilicio
353 1559 371 1587 et
382 1553 443 1587 cinere
453 1565 495 1587 cum
505 1553 599 1586 lachrimis
607 1553 660 1587 iacuit
665 1553 678 1595 ⁵,
686 1555 744 1588 donec

38 1606 115 1648 angelus
127 1604 162 1639 sibi
176 1616 268 1649 apparens
281 1605 338 1640 dixit:
358 1606 454 1651 ‘Suscepit
469 1606 515 1641 deus
526 1605 646 1651 penitentiam
660 1611 716 1648 tuam,
726 1612 743 1641 et

39 1658 168 1704 repropitiatus
176 1664 204 1694 est
211 1658 255 1702 tibi,
267 1660 300 1694 sed
308 1670 353 1695 caue
361 1671 385 1695 ne
393 1660 439 1694 vltra
447 1659 506 1695 elatus
514 1659 622 1703 decipiaris!

92 1804 154 1853 ‘tlDr
168 1818 251 1848 saucro
264 1805 355 1847 Aroxuo
369 1819 475 1848 arrscoro
489 1818 517 1847 ar
530 1807 690 1847 courussonri.

41 1899 91 1974 Est
106 1899 165 1932 insula
180 1911 216 1943 que
231 1904 307 1934 vocatur
323 1899 360 1942 Hii,
376 1899 428 1934 cuius
443 1899 581 1941 monasterium,
597 1908 664 1942 magno
679 1909 743 1933 mona·

88 1952 163 1986 chorum
182 1952 254 1996 pollens
273 1952 363 1993 examine,
379 1952 399 1987 in
415 1952 486 1987 cunctis
501 1963 550 1998 pene
572 1951 742 1996 septentrionalium
752 1966 773 1995 30

38 2003 135 2039 Scotorum
152 2011 170 2038 et
186 2006 269 2039 omnium
285 2006 378 2040 Pictorum
397 2005 514 2039 monasteriis
531 2016 568 2039 non
584 2015 641 2049 paruo
658 2011 743 2049 tempore

38 2067 99 2092 arcem
111 2058 190 2099 tenebat,
201 2058 323 2102 regendisque
335 2069 399 2093 eorum
413 2058 486 2103 populis
498 2064 576 2103 preerat.
604 2057 645 2100 Que
658 2057 742 2092 videlicet

38 2109 97 2145 insula
111 2112 133 2146 ad
147 2111 176 2146 ius
191 2110 265 2155 quidem
281 2111 376 2146 Britannie
391 2112 476 2155 pertinet,
492 2123 529 2146 non
543 2121 609 2155 magno
623 2111 646 2145 ab
661 2121 683 2145 ea
695 2111 742 2144 freto

37 2165 121 2205 discreta,
133 2166 167 2198 sed
175 2165 272 2198 donatione
281 2164 379 2205 Pictorum,
385 2164 416 2207 qui
428 2164 469 2198 illas
481 2163 575 2197 Britannie
583 2163 646 2207 plagas
655 2162 741 2204 incolunt,

37 2215 74 2252 iam
85 2218 154 2252 dudum
166 2216 261 2251 monachis
273 2216 369 2251 Scotorum
380 2216 451 2258 tradita,
462 2228 484 2251 eo
496 2217 544 2260 quod
555 2215 592 2249 illis
603 2214 742 2260 predicantibus
751 2227 770 2259 35

38 2270 94 2305 fidem
110 2271 178 2305 Christi
193 2275 321 2314 perceperunt.
351 2270 381 2303 Ab
397 2269 431 2303 hac
446 2269 501 2312 igitur
516 2268 576 2302 insula
588 2269 611 2301 ad
626 2267 741 2311 prouinciam

37 2322 140 2367 Anglorum
159 2323 178 2358 in
197 2322 271 2358 Christo
290 2322 429 2356 instruendam⁷
447 2321 515 2355 missus
533 2326 561 2355 est
577 2319 666 2362 Aidanus,
682 2322 741 2364 gradu

37 2376 137 2419 episcopali
148 2382 228 2421 accepto.
250 2376 310 2417 Vnde,
321 2374 370 2409 inter
381 2374 416 2408 alia
427 2373 501 2408 uiuendi
513 2374 629 2415 documenta,
642 2372 741 2407 saluberri-

38 2438 87 2462 mum
101 2429 210 2462 abstinentie
223 2429 252 2463 vel
268 2427 378 2463 continentie
390 2426 461 2461 clericis
475 2425 581 2469 exemplum
593 2424 671 2470 reliquit.
699 2425 741 2461 Non

56 2532 91 2564 ¹E.
99 2534 182 2564 referrens.
218 2533 328 2564 ¹E.tardeor.
365 2532 398 2561 ὓ’1“.
406 2540 476 2570 paruum.
513 2530 609 2570 ¹E.turpis.
645 2531 740 2562 marcuit.

37 2570 305 2611 ⁵FromBedaH.E.111.3.5ft
365 2572 400 2602 ⁷13.
408 2572 522 2603 instruendum.
583 2605 586 2609 ¹
