1762 2803
104 129 132 169 92
296 115 375 167 mona
391 112 506 175 arumna
522 111 614 175 anulio.

104 234 201 269 imminent
209 246 244 279 que
250 240 304 269 antea
312 246 349 268 non
356 234 439 269 fuerantl
446 247 450 268 :
458 234 543 269 videlicet
549 234 685 268 immutationes
690 232 744 275 aeris,
749 238 806 267 terro·

105 298 172 332 resque
181 288 204 322 de
212 288 257 329 celo,
266 293 284 322 et
294 292 357 321 contra
365 286 500 321 ordinationem
508 293 612 330 temporum
620 291 745 330 tempestates,
753 286 807 326 bella,

105 340 168 382 l'ames,
176 340 286 384 pestilentie,
291 345 401 375 terremotus
408 351 441 384 per
449 340 499 383 loca;
512 351 547 383 que
555 346 617 374 tamen
626 351 663 374 non
671 339 732 374 omnia
740 339 808 374 nostris

106 394 171 427 diebus
178 399 255 426 ventura
263 398 310 432 sunt,
317 394 351 426 sed
358 398 401 436 post
408 398 482 426 nostros
491 393 530 426 dies
538 393 600 426 omnia
607 394 747 436 subsequentur.
769 392 808 426 Vos

89 446 172 489 5itaque,
181 445 196 478 si
208 455 243 488 qua
255 456 278 478 ex
290 444 318 478 his
330 444 405 478 euenire
417 445 436 478 in
448 450 498 478 terra
506 450 568 478 vestra
579 444 694 489 cognoscitis,
702 445 808 478 nullomodo

106 505 188 534 vestrum
199 497 281 532 animum
290 498 412 542 perturbetis;
426 498 468 542 quia
480 498 547 532 idcirco
558 498 592 532 hec
604 499 657 542 signa
668 498 691 532 de
702 499 739 532 fine
751 498 808 532 seculi

107 552 241 595 premittuntur,
254 556 273 584 vt
289 551 311 584 de
327 551 423 584 animabus
438 551 506 585 nostris
522 552 622 585 debeamus
637 562 678 585 esse
694 550 770 593 solliciti,
786 551 809 584 de

107 604 170 638 mortis
182 604 227 637 hora
238 604 324 648 suspecti,
332 608 350 637 et
362 608 439 637 venturo
451 603 506 637 iudici
517 603 536 637 in
548 603 601 638 bonis
613 604 682 638 actibus
694 603 810 638 inueniamur

107 669 148 691 esse
156 656 253 700 preparati.
277 657 317 690 Hec
325 667 379 697 nunc,
388 657 467 699 gloriose
475 657 505 696 fili,
514 659 577 700 paucis
585 657 655 691 locutus
666 669 708 691 sum
715 658 782 699 verbis,
789 662 809 690 vt

81 722 99 744 ιο
107 721 149 743 cum
161 709 260 742 christiana
269 709 315 742 fides
326 709 345 741 in
355 720 412 752 regno
420 714 481 743 vestro
491 709 599 752 exercuerit,
607 715 670 744 nostra
678 721 751 754 quoque
761 711 809 754 apud

107 774 140 796 vos
152 762 218 795 locutio
230 761 283 795 latior
294 767 394 800 excrescat,
404 768 422 796 et
433 767 484 795 tanto
497 763 538 805 plus
550 763 599 805 loqui
611 764 671 804 libeat,
679 768 747 806 quanto
759 774 779 796 se
790 763 809 795 in

108 821 170 848 mente
180 820 243 847 nostra
253 814 319 858 gaudia
326 815 349 848 de
360 815 420 857 gentis
430 819 492 849 vestre
502 815 584 857 perlecta
594 815 714 849 conuersione
725 814 810 858 multipli-

109 871 155 901 cant,
179 865 238 900 Parua
249 871 311 900 autem
323 866 402 900 exennia
412 866 511 908 transmisi,
523 877 558 910 que
570 866 622 901 vobis
633 877 691 911 parua
702 877 739 901 non
751 872 811 908 erunt,

109 931 151 952 cum
162 919 235 952 anobis
248 931 272 952 ex
284 918 333 953 beati
345 918 394 952 Petri
407 919 485 962 apostoli
499 918 566 953 suerint
579 920 706 954 benedictione
720 925 811 964 suscepta.

83 986 100 1016 15
110 971 233 1015 Omnipotens
241 971 301 1015 itaque
309 972 355 1005 deus
363 971 382 1004 in
389 972 441 1005 vobis
450 972 526 1015 gratiam
536 982 593 1013 suam,
600 982 655 1016 quam
663 972 716 1016 cepit,
724 971 811 1016 perficiat,

110 1030 164 1068 atque
177 1024 233 1057 vitam
245 1030 326 1058 vestram
340 1030 358 1058 et
373 1023 402 1058 hic
417 1035 451 1068 per
463 1025 562 1058 multorum
575 1035 665 1058 annorum
678 1024 767 1058 curricula
779 1035 811 1059 ex-

110 1079 178 1119 tendat,
191 1083 209 1111 et
221 1082 262 1121 post
276 1078 331 1120 longa
343 1082 426 1120 tempora
438 1076 457 1110 in
470 1078 543 1111 celestis
554 1088 587 1111 vos
601 1077 659 1121 patrie
671 1079 812 1122 congregatione

110 1130 191 1173 recipiat.
215 1130 328 1163 Incolumem
336 1130 464 1163 excellentiam
472 1134 553 1163 vestram
561 1130 619 1173 gratia
629 1141 710 1173 superna
718 1130 812 1170 custodiat,

110 1182 184 1216 domine
196 1182 227 1215 fili.
251 1181 298 1216 Data
309 1181 339 1216 die
351 1181 421 1216 decima
433 1181 552 1216 kalendarum
564 1181 653 1224 iuliarum,
665 1182 768 1227 imperante
781 1183 812 1216 do·

84 1250 102 1271 20
110 1236 160 1270 mino
165 1241 228 1269 nostro
235 1235 323 1269 Mauricio
327 1235 401 1269 Tiberio
406 1235 489 1279 piissimo
494 1236 579 1279 Augusto
586 1246 634 1269 anno
639 1236 765 1276 nonodecimo,
771 1241 813 1280 post

111 1287 237 1332 consulatum²
248 1288 331 1321 eiusdem
345 1288 414 1321 domini
428 1288 486 1321 nostri
499 1298 548 1321 anno
561 1289 702 1329 octauodecimo,
714 1288 813 1322 indictione

111 1341 185 1384 quarta,¹
229 1333 257 1374 At
267 1340 387 1383 Augustinus,
393 1337 425 1374 ubi
436 1339 454 1373 in
465 1340 516 1384 regia
526 1341 599 1374 ciuitate
609 1343 673 1375 sedem
684 1341 813 1385 episcopalem,

111 1399 130 1426 vt
143 1392 262 1437 prediximus,
275 1392 349 1436 accepit,
362 1394 476 1436 recuperauit
491 1394 510 1426 in
524 1404 550 1434 ea,
563 1394 613 1437 regio
627 1394 683 1427 sultus
698 1394 814 1434 adminiculo,

112 1446 208 1480 ecclesiam
224 1456 278 1489 quam
294 1444 338 1479 inibi
353 1446 427 1489 antiquo
442 1445 568 1480 Romanorum
582 1446 664 1480 fidelium
678 1456 733 1491 opere
748 1446 814 1480 factam

86 1514 104 1543 25
113 1498 169 1532 fuisse
181 1498 274 1539 didicerat,
286 1504 304 1532 et
318 1509 359 1531 eam
371 1498 390 1531 in
403 1498 478 1531 nomine
490 1499 549 1532 sancti
561 1499 658 1533 saluatoris
670 1500 700 1533 dei
713 1505 732 1532 et
745 1499 814 1532 domini

113 1551 171 1584 nostri
184 1550 239 1583 lhesu
247 1549 315 1583 Christi
325 1549 409 1590 sacrauit,
418 1556 472 1593 atque
482 1550 550 1583 ibidem
561 1551 596 1584 sibi
607 1550 736 1585 habitationem
747 1550 814 1592 statuit,

111 1609 132 1637 et
148 1603 218 1637 cunctis
234 1604 371 1637 successoribus
386 1604 429 1637 suis.
454 1603 504 1637 Fecit
520 1608 581 1638 autem
597 1608 615 1637 et
630 1603 762 1638 monasterium
777 1613 814 1637 non

114 1656 168 1699 longe
179 1656 201 1688 ab
211 1657 252 1698 ipsa
261 1655 334 1688 ciuitate
344 1656 367 1688 ad
378 1656 472 1696 orientem,
481 1656 552 1697 inquo,
561 1656 600 1689 eius
610 1656 688 1696 hortatu,
698 1656 815 1689 Ethelbertus

114 1709 211 1742 ecclesiam
223 1708 317 1742 beatorum
328 1708 452 1751 apostolorum
464 1707 513 1742 Petri
525 1713 542 1741 et
554 1707 605 1741 Pauli
616 1718 626 1741 a
637 1707 761 1742 fundamentis
773 1718 815 1742 con-

87 1776 106 1805 30
115 1762 181 1795 struxit
192 1771 213 1794 ac
223 1760 301 1794 diuersis
309 1761 362 1794 donis
373 1753 469 1801 ditauit,in
476 1770 516 1804 qua
526 1761 584 1804 ipsius
592 1760 697 1805 Augustini,
705 1764 723 1795 et
734 1760 816 1794 omnium

114 1814 242 1858 episcoporum
250 1813 414 1847 dorobernensium
419 1813 430 1855 ³,
441 1813 496 1847 simul
506 1818 524 1846 et
535 1824 600 1857 regum
609 1813 675 1847 Cancie
686 1814 730 1857 poni
740 1823 817 1857 corpora

114 1871 195 1910 possent.
219 1866 278 1908 Quam
286 1871 348 1900 tamen
356 1866 453 1900 ecclesiam
461 1877 498 1899 non
506 1866 546 1909 ipse
551 1866 671 1910 Augustinus,
679 1867 712 1900 sed
721 1876 817 1901 successor

114 1919 153 1954 eius
160 1919 269 1953 Laurentius
276 1918 394 1953 consecrauit.
410 1919 483 1954 Primus
489 1924 550 1953 autem
556 1920 640 1954 eiusdem
646 1918 752 1954 monasterii
760 1919 817 1952 abbas

82 2010 83 2013 Ἴ
115 1972 181 2006 Petrus
192 1972 289 2014 presbyter
300 1971 338 2013 fuit,
347 1971 378 2014 qui
391 1972 462 2015 legatus
474 1972 551 2005 Galliam
563 1972 636 2015 missus,
647 1971 750 2005 dimersus⁴
759 1976 788 2005 est
797 1970 817 2003 in

88 2041 106 2071 55
115 2025 156 2059 sinu
163 2024 218 2058 maris
225 2024 255 2067 qui
260 2029 335 2058 vocatur
340 2024 414 2067 Amsset,
420 2030 438 2059 et
446 2026 468 2058 ab
475 2025 539 2058 incolis
547 2024 582 2058 loci
590 2024 665 2068 ignobili
671 2024 749 2058 traditus
755 2024 817 2068 sepul-

115 2084 167 2112 ture:
180 2077 218 2111 Sed
228 2077 345 2120 omnipotens
354 2078 400 2110 deus
408 2083 427 2111 vt
437 2079 496 2120 qualis
506 2078 567 2112 meriti
575 2078 603 2111 vir
613 2077 667 2112 fuerit
677 2078 818 2116 demonstraret,

115 2130 166 2164 omni
173 2135 226 2164 nocte
235 2141 291 2173 supra
299 2129 417 2173 sepulchrum
425 2129 464 2164 eius
475 2131 507 2164 lux
515 2129 587 2164 celestis
596 2130 685 2174 apparuit,
693 2131 752 2164 donec
760 2128 818 2163 anim-

116 2185 233 2217 aduertentes
244 2182 304 2224 vicini,
313 2183 344 2225 qui
351 2183 442 2225 videbant,
454 2189 538 2218 sanctum
550 2183 607 2217 fuisse
618 2183 678 2217 virum
689 2181 721 2226 qui
732 2182 757 2215 ibi
768 2186 818 2216 esset

117 2236 205 2280 sepultus,
214 2241 231 2270 et
243 2236 375 2279 inuestigantes
384 2237 433 2269 vnde
441 2237 470 2270 vel
481 2236 522 2280 quis
533 2241 587 2277 esset,
595 2236 709 2269 abstulerunt
720 2245 792 2278 corpus,
801 2240 819 2267 et

89 2304 108 2334 40
116 2289 135 2322 in
148 2288 230 2323 Bononia
241 2288 314 2321 ciuitate
325 2288 375 2321 iuxta
386 2289 475 2322 honorem
487 2294 537 2322 tanto
549 2289 588 2323 viro
600 2298 701 2332 congruum
712 2287 730 2321 in
741 2287 819 2321 ecclesia

117 2347 222 2386 posuerunt.
265 2334 325 2376 Anno
337 2347 397 2375 autem
409 2342 478 2376 domini
490 2340 689 2385 sexcentesimoquinto
700 2342 765 2375 beatus
773 2340 819 2374 Gre-

117 2396 184 2438 gorius,
196 2399 293 2438 postquam
307 2405 402 2428 romanam
414 2395 478 2429 sedem
491 2395 589 2428 tresdecim
602 2395 660 2435 annis,
672 2393 766 2428 mensibus
780 2403 819 2434 seX,

118 2448 182 2481 diebus
195 2448 258 2481 decem
271 2448 350 2482 rexisset
355 2448 366 2491 ⁵,
375 2448 397 2482 ad
410 2448 497 2482 celestem
505 2447 582 2491 g10riam
592 2446 692 2481 translatus
702 2451 736 2481 est.
759 2445 818 2488 Quem

118 2520 246 2590 5¹Ial.suprunt.
278 2521 311 2551 lT.
320 2522 337 2551 E.
345 2522 449 2559 pontificatus,
481 2520 658 2551 ³T.doruernensium.
689 2519 725 2550 ‘aL
733 2520 819 2549 demersus.

134 2569 207 2591 a.rex1.
