1762 2803
65 121 203 161 aaudiat]
224 110 689 175 momuumuuouttucttmuttptv.
721 116 763 158 621

65 237 118 275 sancti
131 234 218 269 Edmundi
230 234 322 268 festiuitate
333 239 404 276 patruus
415 234 462 277 pueri
473 246 494 268 ac
505 234 549 268 illius
560 244 639 274 nouerca,
646 245 700 277 puero
710 246 768 269 secum

65 287 162 327 comitante,
177 285 244 328 gaudiis
258 284 381 327 sollempnibus
396 291 488 328 properant
503 284 600 319 admisceri.
629 286 683 318 Porro
697 285 715 319 in
730 285 768 329 ipso

65 339 160 381 vigiliarum
171 335 246 377 exordio,
257 335 280 368 de
290 334 371 377 peculiari
382 336 505 369 monachorum
516 335 632 368 familiaritate
643 343 769 377 presumentes,

66 387 147 423 viciniora
154 385 216 418 feretro
224 384 280 418 sancti
288 384 376 417 Edmundi
384 384 422 417 loca
427 384 521 427 pecierunt.
544 384 612 426 Quibus
618 384 718 427 impetratis,
724 385 769 419 circa

66 436 176 474 conticinium
188 435 205 469 in
217 435 255 469 sinu
267 434 322 478 patrui
334 443 376 478 puer
388 434 496 470 obdormiuit.
519 434 552 470 Cui
563 434 590 469 vir
600 435 705 469 clarissimus
713 436 786 484 splen-5

66 488 113 524 denti
124 487 191 529 fulgens
202 485 268 526 habitu,
275 496 343 519 cereum
353 496 405 518 manu
415 492 491 528 gestans,
501 485 585 529 apparuit,
593 486 682 529 tetigitque
692 486 740 519 illurn
751 492 768 519 et

66 541 100 574 ait:
117 537 176 570 ‘Num
186 546 215 569 me
225 536 295 569 videsl’
318 534 352 577 Qui
362 535 460 577 respondit:
473 535 545 576 ‘Video,
557 534 626 569 domine
637 535 672 569 mi'
695 536 768 570 Etille:

67 588 123 629 ‘Quid
138 592 164 620 est
179 587 226 628 quod
240 596 293 618 manu
308 587 383 617 teneot’
405 585 505 624 ‘Candela,’
518 585 578 626 inquit.
600 585 640 618 Hiis
657 586 708 618 dictis
726 596 770 628 puer

67 637 154 678 euigilans,
165 635 211 676 cepit
222 634 321 667 vociferari:
334 634 383 666 ‘Deo
392 633 464 675 gracias,
471 645 504 675 ego
514 633 575 673 video,¹
587 640 604 666 et
616 634 674 675 sepius
683 634 701 667 id
713 634 769 676 ipsum

67 687 155 731 replicans,
163 691 238 719 attentos
246 684 320 719 reddidit
328 683 422 717 uniuersos.
445 685 483 718 Nec
490 694 539 717 mora
549 683 673 717 alternantibus
681 683 770 727 campanis
780 693 798 716 ro

67 736 159 772 matutinas
167 735 268 769 celebraturi
280 734 361 781 monachi
370 734 479 776 conueniunt,
487 733 641 778 reboantibusque¹
648 734 730 776 camenis,
739 745 770 779 pro

67 788 148 822 miraculo
156 788 194 819 laus
201 786 272 819 trinitati
280 786 385 819 decantatur.

91 879 93 881 Ι
135 881 186 915 'lDE
197 889 281 916 VLCIONE
293 888 352 915 FACTA
364 890 385 915 IN
397 889 520 917 Puuunsonns
532 890 602 916 RERUM
614 890 700 917 SUARUM.

305 951 361 985 Odem
381 958 463 995 tempore,
481 951 537 996 primo
557 951 637 987 videlicet
655 964 702 987 anno
725 951 771 996 regis

89 980 174 1021 Sa'lfiffln
185 979 241 1013 ‘²le·
267 951 302 1028 E
327 1002 407 1036 uuam
419 1003 555 1044 secundamus
567 1003 637 1046 quidam
649 1004 736 1039 nonestus
748 1005 771 1038 ue

69 1056 133 1087 Curzun
141 1064 152 1084 a
160 1052 230 1085 domino
239 1054 307 1094 Rogero
316 1052 366 1093 Bigot
374 1053 432 1085 villam
438 1055 525 1094 quandam
533 1054 603 1087 nomine
611 1055 729 1087 Suthwuldam
738 1054 770 1088 sibi
781 1067 798 1096 15

68 1101 104 1136 dari
112 1101 210 1144 postulauit.
226 1101 257 1135 Cui
264 1101 297 1142 ille,
303 1102 349 1134 hanc
355 1112 393 1134 esse
399 1101 454 1134 sancti
460 1102 548 1135 Edmundi
555 1102 643 1145 respondit
650 1113 655 1143 ;
667 1109 693 1136 set
701 1103 771 1137 blandis

68 1152 197 1186 adulacionibus
206 1151 250 1185 illius
262 1152 348 1192 delinitus,
356 1151 453 1195 aliquando,
462 1152 501 1186 licet
511 1152 580 1193 inuitus
588 1159 671 1196 quantum
682 1154 705 1187 ad
714 1155 771 1197 ipsum

69 1204 156 1246 spectabat
168 1203 235 1245 prebuit
248 1213 343 1236 assensum.
367 1204 445 1245 Cumque
459 1204 482 1236 ad
497 1204 570 1237 eandem
584 1203 648 1244 villam,
664 1204 732 1238 duobus
746 1215 772 1238 as·

69 1252 141 1295 sumptis
148 1252 230 1286 militibus
238 1253 275 1296 pari
286 1252 375 1287 demencia
386 1253 528 1294 debachantibus,
537 1252 653 1287 inuadendum
661 1260 771 1298 properaret:

70 1303 125 1336 subito
133 1303 164 1335 celi
171 1304 223 1336 facies
231 1303 334 1343 immutatur,
340 1302 385 1335 aeris
392 1303 501 1345 intemperies
507 1304 600 1344 excitatum
608 1304 686 1347 mugiunt
692 1305 772 1344 tonitrua,
781 1316 801 1337 ao

68 1354 135 1395 fulgura
146 1353 254 1394 choruscant,
266 1352 312 1387 venti
324 1352 430 1393 deseuiunt'2,
438 1354 523 1388 elementa
535 1359 621 1388 commota
633 1354 697 1388 nemini
709 1354 772 1389 securi·

69 1408 121 1438 tatem
129 1403 236 1446 pollicentur.
258 1405 308 1437 Tunc
316 1402 340 1436 rei
348 1403 437 1437 veritatem
445 1403 494 1437 fateri
505 1404 593 1447 compulsi,
602 1415 621 1438 se
629 1404 720 1438 scelestum
728 1415 772 1448 opus

69 1454 160 1497 arripuisse
171 1460 322 1488 summurmurant.
344 1455 431 1487 Robertus
443 1454 495 1496 igitur
505 1455 551 1487 male
563 1461 631 1497 ceptum
643 1456 675 1488 iter
690 1456 772 1489 deserens

70 1505 138 1538 domum
151 1505 211 1545 rediit3
227 1505 290 1538 milites
304 1514 350 1544 vero,
365 1504 428 1538 mentis
441 1505 559 1538 obstinacione
573 1505 632 1546 cecati,
645 1506 772 1548 possessionem

70 1554 115 1586 illam
126 1564 165 1586 cum
181 1555 269 1596 armigeris
284 1554 319 1587 suis
334 1553 422 1594 inuadunt,
434 1554 481 1587 vices
492 1555 528 1588 eius
540 1555 630 1596 peracturi.
660 1556 699 1596 Quo
711 1566 772 1598 perue-
781 1562 799 1593 ²5

69 1603 141 1643 aientes,
146 1603 210 1645 rapinis
216 1603 302 1643 insistunt,
308 1602 375 1645 quietos
384 1604 488 1644 perturbant,
493 1604 593 1637 resistentes
601 1604 684 1646 affligunt,
689 1610 772 1648 usurpant

70 1652 150 1694 indebita,
158 1659 243 1697 occupant
250 1653 310 1688 aliena.
330 1652 363 1695 Qui
371 1663 410 1686 eum
418 1653 476 1687 omnia
483 1653 553 1688 viriliter
560 1665 579 1688 se
587 1653 643 1697 egisse
650 1654 773 1698 gloriarentur:

71 1703 128 1737 statim
142 1704 187 1738 vlcio
202 1715 231 1738 eos
245 1704 303 1738 diuina
316 1703 431 1746 consequitur.
454 1705 500 1738 Nam
513 1715 556 1738 vnus
569 1704 587 1737 in
600 1706 691 1748 reprobum
703 1717 773 1740 sensum

70 1765 128 1786 versus
136 1765 196 1786 amens
203 1755 274 1786 effectus
282 1759 313 1792 est,
321 1754 364 1784 alter
370 1753 433 1785 frenesi
441 1761 533 1797 correptus.
556 1755 628 1797 Talique
635 1755 695 1787 ordine
703 1762 773 1788 sanctus

71 1803 173 1837 Edmundus
181 1803 242 1845 impios
250 1808 267 1836 et
277 1802 338 1836 auidos
346 1801 372 1834 sui
379 1801 420 1835 iuris
428 1813 528 1845 peruasores
536 1813 547 1836 a
554 1804 700 1845 presumpcionis³
711 1803 774 1838 deiecit
782 1810 802 1840 30

71 1852 147 1895 audacia,
159 1853 237 1887 iniuriam
248 1851 346 1892 vindicabit,
358 1856 374 1885 et
386 1851 411 1885 ius
423 1853 510 1896 proprium
521 1853 624 1887 vendicauit.
646 1855 743 1888 illarimms
753 1855 774 1888 in

71 1905 147 1936 cronicis.
170 1906 254 1937 Processu
268 1914 309 1936 vero
324 1902 406 1944 temporis
423 1902 464 1936 dum
483 1904 528 1937 idern
545 1906 624 1945 Rogerus
643 1906 694 1948 Bigot
713 1911 774 1939 sancto

71 1953 163 1987 Edmundo
174 1954 261 1997 quandam
272 1958 334 1986 terram
344 1951 378 1985 alia
385 1952 422 1986 vice
433 1959 524 1987 conaretur
532 1954 609 1988 auferre:
622 1954 650 1988 die
660 1965 693 1998 quo
703 1956 773 1998 placita·

71 2008 117 2036 turus
129 2011 166 2037 erat
179 2015 218 2037 cum
231 2004 308 2045 dompno
321 2002 397 2034 Roberto
409 2002 486 2036 eiusdem
499 2003 531 2037 loci
544 2004 612 2043 abbate,
624 2005 657 2038 deo
670 2012 689 2038 vt
700 2006 775 2039 creditur

71 2053 167 2086 vindicante
175 2064 245 2086 causam
252 2051 298 2085 beati
305 2050 379 2083 martiris
387 2050 413 2083 sui
421 2052 516 2090 Edmundi,
524 2052 581 2086 subita
588 2059 643 2086 morte
650 2064 702 2087 mane
710 2054 775 2096 perisse
783 2064 803 2096 35

72 2102 150 2136 inuentus
165 2109 202 2143 est3
220 2108 271 2145 atque
285 2100 352 2134 delatus
364 2101 468 2142 Norwicum,
481 2103 504 2135 ab
517 2103 604 2135 Herberto
617 2103 699 2147 episcopo
712 2104 775 2137 ibidem

72 2154 147 2195 sepultus
155 2159 186 2196 est,
194 2153 239 2188 circa
246 2162 310 2187 annum
318 2149 383 2184 domini
391 2152 430 2185 ΜΝ.
439 2152 496 2195 Cvijffl.

123 2249 153 2281 DE
164 2255 251 2281 utnurlcn
262 2253 303 2280 CUM
315 2251 413 2282 RELIQUIIS
424 2253 492 2279 SANCTI
504 2247 601 2280 EDMUNDI
613 2255 690 2281 FURATA
701 2256 726 2281 ET

268 2301 339 2329 Postea
350 2301 474 2329 MIRACULOSE
485 2304 578 2331 INUENTA.

343 2359 388 2391 Dem
396 2359 508 2393 Normannus
516 2365 565 2403 portu
572 2359 600 2404 qui
607 2361 705 2395 Barbefleot
713 2361 776 2395 dicitur

364 2409 442 2452 appulso,
450 2410 499 2453 quasi
511 2410 545 2444 iam
555 2409 573 2444 in
583 2416 620 2444 tuto
630 2421 669 2444 cum
678 2411 713 2445 suis
724 2411 775 2445 rebus

73 2457 138 2498 positus
146 2460 187 2492 dum
194 2460 254 2493 falerat
261 2460 404 2503 equum,cupiens
409 2460 449 2493 inde
454 2461 510 2494 facere
516 2460 612 2502 digressum
619 2471 623 2493 :
631 2461 677 2493 fures
682 2461 775 2494 manticam
783 2472 804 2502 40

85 2384 199 2419 Hermvnnus
205 2385 294 2419 archidiac
298 2383 310 2419 ⁴.
322 2355 338 2432 Ι

112 2529 117 2547 ¹
128 2531 303 2571 flammantibusque.
354 2530 361 2549 ²
371 2531 404 2562 MS.
411 2532 500 2563 dlsseuiunt.
556 2531 562 2549 ³
573 2531 607 2561 MS.
614 2532 737 2572 presumpcione.

180 2571 185 2589 ⁴
195 2572 220 2603 Cf„
225 2572 261 2602 Tib.
269 2573 279 2603 f.
286 2572 311 2611 65.
332 2571 370 2602 This
377 2572 410 2602 mir.
418 2572 465 2611 ought
473 2576 489 2603 to
496 2571 559 2613 precede
567 2571 592 2602 the
599 2576 630 2602 tvo
637 2571 671 2603 last.
