1762 2803
161 114 207 172 Dc
221 114 323 169 &aucto
339 113 441 173 diuma
457 113 639 177 archiepiscopo.
706 117 750 174 385

50 241 120 278 Bertini
132 242 233 287 nauigaret‚
242 241 299 288 piscis
310 242 420 287 pergrandis
430 242 506 286 proiecit
516 253 537 277 se
546 252 588 277 eum
599 241 670 287 impetu
681 241 700 276 in
710 251 752 286 gre·

49 294 118 330 mium¹
131 295 166 330 viri
178 295 218 337 dei;
229 300 248 329 et
259 295 319 330 factus
330 300 359 330 est
370 295 458 329 transitus
471 294 510 329 eius
520 294 610 329 iocundus
618 294 638 327 in
651 294 704 327 laude
717 293 753 326 dei.

51 340 123 383 Nuncii
134 356 179 381 vero
191 348 242 391 regis
253 346 357 392 Anglorum
366 346 389 381 ad
399 356 463 392 regem
474 345 587 381 Francorum
599 344 713 381 Ludouicum
720 355 754 381 ue·

50 401 127 443 nientes,
139 400 208 434 litteras
219 399 288 435 domini
300 400 328 435 sui
340 399 369 435 ei'
379 404 507 445 porrexerunt,
518 400 537 435 in
549 400 616 445 quibus
627 399 755 435 continebatur

49 454 99 499 quod
110 453 197 496 Thomas,
205 453 297 498 quondam
309 453 442 489 cantuariensis
453 452 608 498 archiepiscopus,
617 454 641 488 de
650 463 708 498 regno
718 463 753 487 suo
761 463 770 494 5

49 512 137 552 tanquam
148 506 231 551 proditor
241 506 313 551 sugerit,
321 511 339 541 et
350 517 374 541 ne
385 506 446 551 ipsum
457 506 477 541 in
488 512 537 541 terra
547 518 581 541 sua
589 506 681 551 reciperet
691 516 754 551 preca·

50 561 109 594 batur.
132 559 175 593 Rex
186 564 248 593 autem
259 559 333 603 sapiens
345 558 412 602 statim,
423 559 465 603 quis
476 569 519 594 eum
530 560 647 603 deposuisset
658 559 725 594 iterum
735 563 754 593 et

50 611 118 646 iterum
129 612 232 646 sciscitatus
243 618 277 646 est.
300 611 323 647 Et
334 611 410 647 adiecit:
426 611 496 653 ‘Certe
508 612 554 647 sicut
564 622 597 647 rex
608 611 718 656 Anglorum,
729 610 755 645 ita

51 670 70 699 et
78 675 112 698 rex
124 674 165 699 sum
177 674 222 710 ego:
234 669 374 709 verumptamen
383 663 480 700 minimum
491 664 515 700 de
526 663 598 700 clericis
609 663 662 709 regni
673 663 710 699 mei
723 664 756 700 de·

51 727 121 762 ponere
132 728 170 752 non
180 718 273 752 valerem*
297 717 336 753 Neo
348 717 397 752 enim
409 719 432 752 ad
445 717 552 761 petitionem
567 716 632 751 suam³
643 726 755 762 responsum
764 727 783 749 ro

52 781 86 815 pro
93 775 136 805 voto
143 769 206 805 nuncii
216 770 322 806 retulerunt.
368 763 424 805 Misit
434 780 507 815 quoque
518 769 667 814 archiepiscopus
678 769 755 805 nuncios

52 824 75 858 ad
87 833 150 867 regern
163 822 288 865 Francorum
303 834 349 867 quos
361 822 442 867 benigne
453 823 522 857 audiuit
535 828 554 857 et
567 823 591 856 ad
603 823 666 856 oscula
677 823 756 856 admisit.

53 876 99 910 Cum
111 881 172 910 autem
183 875 256 910 labores
266 874 400 919 archiepiscopi
409 880 428 910 et
438 874 519 919 pericula
529 874 610 909 seriatim
621 874 756 920 exposuissent,

53 933 144 964 commota
158 934 201 964 sunt
215 928 286 963 viscera
297 928 342 971 eius,
353 933 372 963 et
383 927 402 963 in
413 939 472 974 regno
485 939 519 963 suo
530 939 595 973 pacem
606 934 625 965 et
638 929 755 964 securitatem

53 981 191 1026 archiepiscopo
202 983 282 1026 benigne
293 982 389 1016 concessit.
412 982 436 1015 Et
447 981 517 1024 adiecit,
530 981 565 1016 hoc
576 982 599 1017 de
609 981 686 1027 pristina
697 981 756 1026 digni-
766 990 784 1022 15

53 1040 90 1070 tate
105 1035 157 1081 regni
171 1035 284 1071 Francorum
298 1036 337 1071 sore
348 1041 367 1070 vt
380 1035 450 1077 exules,
462 1040 481 1070 et
494 1035 593 1080 presertim
605 1045 686 1080 persone
698 1034 757 1070 eccle·

54 1088 133 1131 siastice,
144 1099 190 1133 pace
204 1089 324 1132 perfruantur
335 1094 354 1122 et
365 1099 376 1121 a
387 1093 541 1132 persequutorum
552 1088 618 1121 iniuria
629 1088 757 1122 defendantur.

56 1133 183 1175 Procedentes
190 1140 234 1174 inde
241 1140 308 1182 nuncii,
314 1140 393 1174 Senonis
401 1140 424 1173 ad
431 1149 499 1184 papam
507 1139 636 1182 accelerarunt,
642 1144 660 1175 et
667 1148 757 1183 eousque

54 1192 146 1236 preualuit
156 1192 263 1227 nunciorum
274 1192 325 1236 regis
332 1193 400 1236 Anglie
410 1192 508 1236 suggestio,
516 1193 565 1237 quod
573 1202 608 1226 nec
616 1202 627 1227 a
634 1190 757 1227 cardinalibus

55 1250 98 1280 sunt
113 1244 186 1280 salutati
200 1257 235 1280 nec
248 1246 271 1280 ad
284 1245 347 1281 oscula
360 1247 434 1289 recepti.
457 1244 527 1279 Eadem
539 1250 601 1279 tamen
614 1245 644 1279 die
654 1245 677 1279 ad
689 1255 756 1289 papam
766 1258 786 1279 aa

56 1299 146 1333 habentes
157 1309 258 1340 accessum,
268 1298 399 1342 archiepiscopi
409 1306 508 1342 pressuras
519 1301 538 1333 et
549 1296 648 1342 angustias,
655 1296 729 1333 dolores
739 1302 758 1332 et

56 1351 142 1395 pericula,
154 1351 226 1386 labores
237 1356 256 1385 et
266 1361 375 1394 erumpnam
386 1350 467 1384 seriatim
479 1354 609 1394 exposuerunt.
632 1349 655 1384 Et
666 1355 759 1385 commota

56 1408 100 1438 sunt
110 1408 188 1447 paterne
198 1402 271 1447 pietatis
278 1404 349 1437 viscera
357 1414 414 1447 super
420 1402 464 1445 filio,
472 1407 490 1436 et
497 1402 575 1437 ubertim
583 1402 682 1438 lachrimas
690 1402 759 1438 effudit.

58 1448 82 1491 In
94 1457 174 1491 crastino
184 1466 226 1491 cum
237 1456 299 1491 nuncii
313 1455 361 1500 regis
373 1456 431 1490 multa
444 1459 507 1489 contra
519 1455 705 1500 [archi]eplscopum⁴
717 1467 760 1501 pro

57 1510 162 1554 posuissent
177 1509 196 1544 in
214 1509 309 1554 presentia
325 1519 379 1554 pape,
394 1508 524 1544 adhortabatur
538 1519 571 1544 eos
589 1514 609 1544 vt
627 1509 760 1555 archiepiscopi
769 1521 788 1553 ²5

57 1564 157 1597 aduentum
168 1567 292 1607 expectarent,
300 1562 393 1604 adiiciens¹
405 1561 424 1596 in
436 1562 519 1596 absentia
530 1562 571 1596 eius
582 1562 627 1596 nihil
639 1563 658 1596 in
669 1573 712 1597 eum
723 1567 761 1597 sta-

57 1617 153 1651 tuendum.
175 1616 259 1650 Tandem
270 1615 301 1657 illi,
313 1614 391 1649 fraudati
403 1614 495 1649 desiderio
507 1626 546 1656 suo,
556 1616 579 1648 ad
590 1615 677 1659 Angliam
689 1615 761 1649 reuersi

58 1673 106 1702 sunt.
157 1660 251 1703 Veniente
265 1666 338 1702 interim
354 1665 492 1711 archiepiscopo
507 1666 619 1707 Suessionis,
634 1678 668 1701 rex
684 1667 761 1702 Francis

58 1722 81 1754 ad
95 1720 194 1764 hospitium
205 1719 246 1754 eius
259 1719 359 1761 deseendit,
371 1724 389 1753 et
401 1719 420 1752 in
433 1719 541 1753 salutatione
552 1719 642 1764 preuenit,
652 1724 671 1755 et
681 1718 699 1754 in
711 1720 762 1756 omni

58 1772 161 1809 alacritate³
168 1772 270 1819 suscipiens
282 1784 330 1816 cum,
338 1778 357 1808 et
365 1783 430 1817 pacem
438 1777 457 1807 et
466 1773 582 1808 securitatem
590 1773 667 1816 donans,
675 1773 761 1818 quamdiu
770 1784 790 1816 30

58 1828 141 1862 exularet
156 1833 241 1871 sumptus
256 1827 370 1861 necessarios
385 1827 409 1860 de
423 1826 468 1861 fisco
487 1827 538 1870 regio
556 1831 649 1870 gratanter
667 1827 762 1863 concessit.

58 1873 95 1916 Vir
103 1881 132 1916 dei
140 1881 214 1915 tandem
224 1881 248 1915 aa
256 1879 350 1914 dominum
360 1888 427 1923 papam
437 1879 517 1913 Senonas
525 1879 580 1921 vena,
589 1885 607 1914 et
617 1891 628 1914 a
640 1881 762 1915 cardinalibus

59 1934 122 1977 tepide
129 1932 203 1978 quidem
211 1938 298 1976 acceptus
306 1938 334 1967 est
342 1945 346 1973 ;
359 1933 393 1966 sed
402 1941 444 1965 cum
454 1941 516 1966 coram
523 1942 573 1976 papa
580 1932 653 1967 sederet
661 1938 679 1967 et
686 1937 763 1977 propter

60 1983 183 2018 reuerentiam
198 1993 273 2027 surgere
287 1982 348 2024 vellet,
363 1981 425 2016 iussus
439 1981 537 2016 residendo
553 1992 627 2017 causam
642 1982 721 2025 edicere,
736 1982 763 2019 sic

60 2036 139 2082 incepit:
158 2035 221 2072 ‘Licet
239 2046 276 2071 non
293 2036 370 2071 multum
389 2034 488 2080 sapientes,
507 2045 541 2070 nec
559 2041 620 2070 tamen
638 2047 698 2081 vsque
716 2037 763 2073 adeo
772 2047 791 2079 ³5

61 2100 125 2125 sumus
140 2090 189 2132 fatui,
203 2095 223 2126 vt
238 2100 302 2134 regem
315 2088 389 2133 Anglie,
404 2099 448 2122 suos
463 2094 481 2122 et
496 2099 536 2130 sua,
550 2100 585 2133 pro
601 2088 658 2123 nihilo
672 2090 764 2134 relinque·

62 2152 130 2177 remus.
153 2143 201 2178 Nam
213 2143 229 2177 si
241 2142 330 2178 vellemus
339 2152 372 2176 sue
384 2151 418 2186 per
430 2141 492 2175 omnia
504 2141 577 2186 placere
589 2141 683 2184 voluntati,
698 2141 717 2177 in
731 2153 765 2178 sua

61 2201 152 2238 potestate
165 2197 196 2230 vei
211 2206 269 2239 regno
283 2206 321 2229 non
338 2199 388 2228 esset
403 2194 444 2239 quis
458 2193 489 2238 qui
507 2194 561 2229 nobis
576 2204 613 2230 non
630 2194 714 2230 obediret
729 2205 765 2239 pro

62 2246 117 2282 libito.
140 2249 164 2283 Et
175 2249 219 2283 dum
230 2249 265 2282 sub
276 2249 310 2282 hac
322 2247 426 2282 conditione
437 2246 454 2282 ei
467 2246 586 2282 militaremus
591 2247 604 2288 ⁰,
615 2248 659 2292 quid
671 2247 704 2281 fuit
715 2248 765 2293 quod

62 2301 115 2336 nobis
126 2311 163 2336 non
175 2301 263 2336 successit
275 2302 297 2336 ad
305 2303 380 2336 votum?
403 2299 432 2336 Ex
441 2311 478 2346 quo
486 2299 536 2336 enim
545 2300 600 2336 aliam
610 2299 689 2346 ingressi
701 2312 765 2337 sumus
773 2313 794 2344 40

62 2353 116 2398 viam,
124 2356 185 2398 etiam,
193 2355 209 2390 si
221 2355 244 2390 ab
255 2355 291 2389 isto
301 2354 396 2399 proposito
405 2354 495 2390 vellemus
506 2354 578 2389 resilire
584 2353 596 2398 ⁷,
604 2356 627 2390 ad
637 2354 678 2390 eius
689 2354 766 2400 gratiam

63 2409 207 2453 recuperandam
222 2407 290 2443 nullius
304 2418 384 2452 persone
396 2418 494 2453 egeremus
509 2407 619 2443 interuentu.
641 2407 711 2444 Verum
724 2407 768 2452 quia

69 2530 189 2571 ·¹E.gre1nio.
250 2531 411 2563 ¹E.eidominisui.
473 2530 567 2562 ιΕειιιιιτι.
628 2531 767 2571 ‘aepiscopum

63 2569 69 2586 ⁵
80 2570 98 2601 Ε.
106 2571 181 2604 claritate.
223 2570 259 2603 ἀἱ
266 2572 372 2604 militauimus.
411 2569 418 2588 ¹
429 2571 447 2603 F..
453 2572 524 2603 resilere.

85 2637 126 2665 VOL.
135 2640 155 2666 11.
396 2640 406 2664 C
414 2640 424 2664 C
