1762 2803
250 110 297 166 tiit
312 108 412 163 aanor
428 106 557 166 atatam.
742 121 755 163 a

52 232 102 268 tione
117 236 233 276 prouentum.
261 230 355 274 impulsus
371 240 448 265 euersus
463 241 490 268 es,
505 234 525 263 vt
539 229 638 264 caderes‘:
658 229 691 263 sed
703 228 755 263 orani

53 295 86 330 pro
101 289 120 319 te
133 289 152 319 vt
167 294 205 319 non
217 282 291 318 deficiat
304 284 351 319 tides
365 289 402 326 tua,
418 289 436 318 et
449 282 522 318 adiutus
535 293 567 318 es:
582 282 656 317 Etenim
668 282 755 317 dominus

53 339 149 383 supposuit
160 348 235 372 manum
244 348 302 372 suam.
324 337 368 372 Vult
376 337 461 371 dominus
469 337 555 382 temptari
567 346 622 381 quem
633 336 701 381 diligit:
713 337 756 370 ideo

52 391 113 427 visitat
120 402 163 426 eum
171 391 250 425 diluculo
258 396 276 425 et
284 390 344 425 subito
351 391 416 435 probat
420 390 478 425 illum.
501 390 594 434 Operatur
601 389 687 433 equidem
695 395 755 432 temp-

52 444 96 478 tatio
108 443 240 488 probationem,
251 443 334 487 probatio
345 453 390 478 vero
402 453 461 487 spem,
473 453 517 486 spes
530 448 591 476 autem
604 453 642 477 non
655 441 774 481 confundits

53 498 122 532 Beatus
134 496 163 531 vir
175 497 206 540 qui
219 495 294 530 conlidit
306 496 325 530 in
337 496 418 538 domino,
425 501 444 529 et
456 495 490 529 erit
503 495 588 529 dominus
600 495 666 530 fiducia
678 495 725 535 eius,
736 500 756 530 et

53 547 148 583 brachium
158 547 222 592 ipsius,
234 549 253 583 in
264 555 348 593 tempore
359 549 485 584 tribulationis.
508 548 580 583 Exhibe
591 552 616 590 te,
625 547 657 591 lili,
667 546 714 582 sicut
726 547 756 583 dei

54 601 157 637 ministrum
166 602 185 636 in
194 602 251 637 multa
258 602 355 647 patientia:
368 603 388 638 Si
396 603 489 637 habundat
496 612 530 647 pro
539 601 612 637 Christo
620 601 712 636 tribulatio
719 607 757 642 tua,

54 656 166 690 habundabit
174 662 192 689 et
200 666 234 699 per
241 656 303 699 ipsum
310 656 410 690 consolatio
417 662 453 691 tua.
477 654 519 689 Noli
528 665 572 698 ergo
580 655 604 689 de
611 654 717 688 infirmitate
725 660 757 688 tua

54 708 129 743 timere:
142 708 218 751 spiritus
227 708 257 742 dei
268 714 296 742 est
304 708 335 752 qui
346 709 421 742 adiuuat
431 708 557 742 infirmitatem
567 713 623 741 tuam.
646 707 666 741 Si
678 712 756 751 exurgat
766 712 786 734 ¹⁰

54 760 144 794 aduersus
152 765 170 793 te
177 759 261 803 prelium,
269 761 285 795 si
293 767 353 795 castra
361 762 465 803 demonum,
473 762 520 795 iacta
531 760 550 794 in
560 771 583 795 eo
593 760 691 804 cogitatum
698 765 757 800 tuum,

54 813 126 847 confide
133 813 152 846 in
158 824 191 848 eo:
203 814 243 857 ipse
251 814 301 848 enim
309 820 337 849 est
345 815 395 849 salus
402 814 465 859 populi
473 813 501 849 sui
509 825 514 849 :
526 813 567 858 ipse
578 812 612 847 erit
620 812 652 847 tibi
660 811 715 847 turris
720 811 757 848 lor-

54 866 136 901 titudinis
144 877 154 900 a
163 865 208 901 iacie
215 866 294 902 inimici.¹
318 867 360 903 Hiis
368 868 421 902 dictis
429 873 447 903 et
455 867 550 911 similibus,
558 866 653 912 apostolus
663 867 687 901 ab
699 866 757 902 oculis

55 919 95 955 eins
105 919 200 963 disparuit.
223 920 258 955 llle
265 932 309 955 vero
320 921 431 956 confortatus
442 922 461 955 in
473 921 553 961 domino,
562 922 585 955 ab
597 920 628 954 illo
638 920 668 953 die
680 919 757 963 spiritus

55 972 189 1017 desperationis
196 984 290 1017 nunquam
298 984 340 1008 eum
351 974 370 1008 in
382 974 442 1018 aliquo
453 979 543 1019 temptare
554 971 673 1018 presumpsit.
718 966 758 1008 Die
768 979 786 1011 ¹5

55 1026 134 1070 quadam
142 1026 178 1060 duo
188 1025 221 1061 filii
232 1027 356 1069 tenebrarum,
364 1027 518 1073 transfigurantes
530 1038 551 1062 se
562 1026 581 1061 in
592 1026 668 1072 angelos
680 1026 732 1069 lucis,
740 1026 758 1061 ei

56 1080 112 1114 multa
120 1080 245 1123 persuasionis
253 1079 340 1114 instantia
347 1087 437 1125 ceperunt
445 1081 542 1115 consulere
549 1085 569 1114 vt
577 1080 662 1114 continue
670 1089 705 1123 per
713 1080 758 1114 heb-

56 1132 153 1166 domadam
166 1133 255 1167 ieiunaret
269 1139 287 1167 et
300 1133 326 1167 sic
338 1134 416 1178 gradum
432 1142 505 1168 summe
519 1131 639 1177 perfeetionis
653 1132 758 1176 attingeret.

57 1184 139 1219 Biduana
155 1184 205 1220 enim
224 1185 291 1221 ieiunia
308 1192 327 1221 et
345 1186 430 1221 triduana
448 1186 574 1230 reprobantes,
593 1186 720 1229 proponebant
740 1185 758 1219 ei

56 1238 144 1271 ieiunium
158 1238 219 1281 Moysi
232 1244 249 1272 et
262 1239 329 1282 Helye,
341 1245 396 1283 atque
408 1238 534 1283 importabiles
549 1237 669 1272 abstinentias
680 1247 758 1272 venera·
767 1245 787 1267 ²0

56 1289 119 1323 billum
126 1295 198 1333 patrum
207 1292 237 1335 qui
243 1291 287 1325 olim
295 1292 451 1327 conuersabantur
457 1291 476 1326 in
483 1291 536 1326 Sithi.
559 1290 604 1325 Erat
612 1289 661 1325 enim
669 1290 757 1325 diabolice

57 1344 182 1387 persuasionis
196 1344 272 1379 intentio
283 1350 302 1380 vt
315 1344 346 1380 ille
357 1355 435 1390 prorsus
446 1356 457 1379 a
468 1344 581 1379 comestione
593 1349 674 1379 cessaret
686 1343 757 1388 sibique

57 1397 121 1431 mortis
133 1397 209 1432 exitium
221 1398 339 1432 diuturnitate
354 1398 416 1433 ieiunii
431 1403 544 1443 prouocaret.
573 1397 593 1432 Si
605 1397 655 1433 enim
670 1396 759 1432 ieiunium

57 1451 139 1492 regulam
154 1452 244 1485 modestie
259 1457 278 1486 et
296 1452 413 1486 discretionis
431 1451 510 1493 excedit,
523 1451 583 1486 subito
596 1451 670 1496 languet
686 1460 759 1495 corpus,

58 1502 119 1543 deficit
127 1503 207 1548 spiritus,
216 1505 297 1539 aufertur
305 1505 380 1539 orationi
392 1505 473 1547 affectus,
482 1505 583 1549 operationi
589 1505 596 1523 ‘·'
603 1504 685 1544 effectus,
693 1504 758 1547 caligat
769 1512 787 1541 ²5

58 1558 217 1599 contemplationis
228 1558 298 1591 oculus.
321 1558 344 1591 Et
353 1557 458 1601 intelligens
470 1557 570 1591 Guthlacus
581 1556 670 1590 diabolice
681 1560 759 1599 tempta·

59 1608 113 1642 tionis
121 1609 211 1652 astutiam,
219 1609 303 1644 inuocata
311 1609 379 1644 Christi
387 1610 459 1651 virtute,
467 1609 567 1654 psallebat:
579 1609 670 1652 ‘Exurgat
682 1609 728 1643 deus
740 1614 759 1643 et

58 1661 171 1706 dissipentur
182 1661 251 1696 inimici
262 1663 307 1703 eius,
315 1669 333 1697 et
344 1662 419 1707 fugiant,
427 1662 458 1707 qui
470 1663 549 1696 oderunt
560 1672 609 1704 eum,
617 1673 627 1695 a
635 1661 681 1696 facie
692 1661 759 1696 eius¹³.

59 1713 97 1748 Illis
109 1724 152 1759 ergo
160 1714 218 1749 flebili
225 1715 294 1750 ululatu
305 1720 324 1750 et
335 1714 436 1750 mestuosis
447 1715 550 1761 planctibus
561 1726 623 1750 aerem
636 1714 760 1760 implentibus,

60 1766 159 1803 Guthlacus
171 1769 233 1803 omnia
244 1768 334 1814 deinceps
345 1769 412 1803 diaboli
420 1774 553 1813 temptamenta
562 1770 677 1813 contempsit,
684 1769 760 1811 eiusque
770 1778 790 1806 30

60 1821 189 1863 suggestiones
202 1832 267 1855 omnes
284 1822 402 1857 conculcauit.
444 1814 521 1865 Elapsis
534 1821 601 1855 deinde
615 1820 678 1866 paucis
690 1820 760 1862 diebus,

60 1872 118 1907 noctis
130 1872 242 1918 intempeste
254 1875 327 1909 silentio
334 1874 387 1909 irruit
398 1874 417 1910 in
429 1874 522 1909 hominem
530 1874 560 1909 dei
569 1874 678 1909 Guthlacum
690 1873 762 1908 infinita

60 1925 158 1960 demonum
165 1928 272 1961 multitudo:
284 1938 296 1960 a
303 1933 353 1961 terra
358 1939 417 1971 vsque
425 1928 448 1960 ad
457 1928 522 1968 celum,
527 1932 584 1960 totum
593 1926 641 1961 aeris
648 1927 761 1960 elementum

60 1976 170 2020 implebatur
177 1979 292 2023 prestigiosis
300 1984 318 2014 et
324 1980 423 2014 larualibus
430 1979 530 2014 demonum
537 1979 606 2013 formis.
628 1977 710 2023 Rapiunt
718 1989 761 2013 eum

60 2031 172 2065 monstruosi
185 2031 298 2067 diabolorum
306 2032 388 2077 spiritus,
400 2038 452 2068 extra
463 2032 528 2068 cellam
541 2032 615 2075 ducunt,
626 2033 709 2067 membra
722 2032 762 2068 eius
771 2044 790 2074 35

60 2083 133 2127 alligant
138 2085 150 2126 ⁴,
156 2084 254 2129 ipsumque
260 2086 358 2129 paludibus
364 2086 437 2120 cenosis
443 2091 461 2120 et
467 2085 563 2130 profundis
571 2086 688 2130 immergunt.
708 2086 762 2121 illum

60 2135 126 2169 iterum
134 2142 255 2181 asportantes,
263 2150 297 2183 per
307 2139 409 2183 asperrima
421 2139 460 2174 loca
471 2139 545 2174 trahunt
556 2144 574 2174 et
585 2150 619 2184 per
625 2138 762 2175 inextricabiles

60 2189 145 2231 veprium
153 2191 260 2225 densitates.
283 2192 366 2236 Cumque
375 2203 418 2236 pars
426 2192 486 2226 noctis
493 2193 553 2226 adbuc
561 2192 642 2226 maxima
649 2197 763 2236 superesset,

61 2239 129 2275 instant
147 2243 256 2277 verberibus
274 2250 293 2278 et
311 2244 408 2278 tormentis
426 2249 446 2279 vt
463 2244 541 2279 insulam
556 2243 664 2279 festinanter
678 2244 762 2286 deserat3

61 2292 125 2325 mortis
133 2295 243 2338 supplicium
249 2296 310 2331 eidem
316 2297 422 2332 terribiliter
429 2297 546 2340 intentantes,
553 2297 568 2332 si
573 2307 584 2332 a
589 2296 630 2332 loco
635 2296 763 2333 dominationis
772 2308 792 2339 4⁰

48 2362 50 2366 ν
61 2348 350 2391 suetempesdue⁶nonrecedat.
367 2350 401 2386 lile
408 2357 470 2386 autem
476 2351 535 2386 minas
541 2361 605 2386 eorum
611 2350 764 2396 paruspendens',

62 2396 155 2434 Christum
165 2400 254 2437 inuocans
265 2414 307 2437 cum
318 2404 415 2447 psalmista
426 2404 507 2438 dicebat:
526 2404 658 2439 ‘Prouidebam
669 2404 764 2439 dominum

62 2448 80 2483 in
86 2457 186 2496 conspectu
192 2464 234 2490 meo
240 2465 320 2501 semper,
325 2456 411 2500 quoniam
417 2467 428 2491 a
433 2457 504 2493 dextris
511 2462 538 2492 est
543 2456 588 2492 mihi
594 2468 618 2493 ne
623 2468 739 2493 commonear
744 2458 766 2493 ’⁷.

62 2522 153 2578 ⁵¹ccPs.
161 2527 213 2571 cnviii.
222 2537 245 2565 13.
294 2529 328 2559 ²E.
336 2531 433 2566 operatione.
485 2530 583 2561 ³Ps.txviii.
592 2540 606 2562 1.
656 2530 764 2570 ‘adigant

79 2561 203 2602 atempesnne.
263 2566 429 2607 ‘Epernipeudens
495 2569 538 2601 'Pe
546 2570 600 2601 xviii.

401 2628 433 2656 Μ
