<?xml version="1.0" encoding="UTF-8"?>
<!DOCTYPE html PUBLIC "-//W3C//DTD XHTML 1.0 Transitional//EN"
    "http://www.w3.org/TR/xhtml1/DTD/xhtml1-transitional.dtd">
<html xmlns="http://www.w3.org/1999/xhtml" xml:lang="en" lang="en">
 <head>
  <title>
</title>
<meta http-equiv="Content-Type" content="text/html;charset=utf-8" />
  <meta name='ocr-system' content='tesseract 3.04.00' />
  <meta name='ocr-capabilities' content='ocr_page ocr_carea ocr_par ocr_line ocrx_word'/>
</head>
<body>
  <div class='ocr_page' id='page_1' title='image "./MN5111ucmf_0/MN5111ucmf_0_0514.png"; bbox 0 0 1762 2803; ppageno 0'>
   <div class='ocr_carea' id='block_1_1' title="bbox 135 100 644 162">
    <p class='ocr_par' dir='ltr' id='par_1_1' title="bbox 135 100 644 162">
     <span class='ocr_line' id='line_1_1' title="bbox 135 100 644 162; baseline -0.012 -5"><span class='ocrx_word' id='word_1_1' title='bbox 135 113 180 157; x_wconf 84' lang='lat'>4²4</span> <span class='ocrx_word' id='word_1_2' title='bbox 210 142 212 146; x_wconf 68' lang='lat'>,</span> <span class='ocrx_word' id='word_1_3' title='bbox 326 102 405 155; x_wconf 59' lang='lat' dir='ltr'>mh&amp;</span> <span class='ocrx_word' id='word_1_4' title='bbox 421 100 537 162; x_wconf 66' lang='lat' dir='ltr'>trumba</span> <span class='ocrx_word' id='word_1_5' title='bbox 552 100 644 162; x_wconf 64' lang='lat' dir='ltr'>flllssll&#39;ss.</span> 
     </span>
    </p>
   </div>
   <div class='ocr_carea' id='block_1_2' title="bbox 113 221 875 741">
    <p class='ocr_par' dir='ltr' id='par_1_2' title="bbox 113 221 875 741">
     <span class='ocr_line' id='line_1_2' title="bbox 137 221 837 264; baseline 0 -7"><span class='ocrx_word' id='word_1_6' title='bbox 137 224 232 257; x_wconf 86' lang='lat' dir='ltr'>dixerunt:</span> <span class='ocrx_word' id='word_1_7' title='bbox 247 223 298 256; x_wconf 83' lang='lat' dir='ltr'>‘Non</span> <span class='ocrx_word' id='word_1_8' title='bbox 313 222 429 264; x_wconf 87' lang='lat' dir='ltr'>discedimus,</span> <span class='ocrx_word' id='word_1_9' title='bbox 443 222 478 256; x_wconf 93' lang='lat' dir='ltr'>nisi</span> <span class='ocrx_word' id='word_1_10' title='bbox 493 223 614 257; x_wconf 89' lang='lat' dir='ltr'>meruerimus</span> <span class='ocrx_word' id='word_1_11' title='bbox 627 221 777 256; x_wconf 82' lang='lat' dir='ltr'>benediccionem</span> <span class='ocrx_word' id='word_1_12' title='bbox 789 221 837 257; x_wconf 84' lang='lat' dir='ltr'>eius&#39;</span> 
     </span>
     <span class='ocr_line' id='line_1_3' title="bbox 138 274 838 317; baseline 0 -8"><span class='ocrx_word' id='word_1_13' title='bbox 138 276 201 309; x_wconf 80' lang='lat' dir='ltr'>Senex</span> <span class='ocrx_word' id='word_1_14' title='bbox 216 279 276 308; x_wconf 90' lang='lat' dir='ltr'>autem</span> <span class='ocrx_word' id='word_1_15' title='bbox 288 274 353 308; x_wconf 86' lang='lat' dir='ltr'>uidens</span> <span class='ocrx_word' id='word_1_16' title='bbox 364 275 526 317; x_wconf 87' lang='lat' dir='ltr'>perseueranciam</span> <span class='ocrx_word' id='word_1_17' title='bbox 539 275 611 308; x_wconf 89' lang='lat' dir='ltr'>illorum</span> <span class='ocrx_word' id='word_1_18' title='bbox 622 279 640 308; x_wconf 94' lang='lat' dir='ltr'>et</span> <span class='ocrx_word' id='word_1_19' title='bbox 652 274 778 314; x_wconf 83' lang='lat' dir='ltr'>humilitatem,</span> <span class='ocrx_word' id='word_1_20' title='bbox 789 284 838 309; x_wconf 89' lang='lat' dir='ltr'>com-</span> 
     </span>
     <span class='ocr_line' id='line_1_4' title="bbox 138 326 838 371; baseline 0 -10"><span class='ocrx_word' id='word_1_21' title='bbox 138 332 216 371; x_wconf 91' lang='lat' dir='ltr'>punctus</span> <span class='ocrx_word' id='word_1_22' title='bbox 224 326 296 369; x_wconf 89' lang='lat' dir='ltr'>aperuit</span> <span class='ocrx_word' id='word_1_23' title='bbox 302 326 339 368; x_wconf 91' lang='lat' dir='ltr'>eis;</span> <span class='ocrx_word' id='word_1_24' title='bbox 350 331 369 360; x_wconf 88' lang='lat' dir='ltr'>et</span> <span class='ocrx_word' id='word_1_25' title='bbox 374 326 463 360; x_wconf 89' lang='lat' dir='ltr'>intrantes</span> <span class='ocrx_word' id='word_1_26' title='bbox 468 332 588 370; x_wconf 83' lang='lat' dir='ltr'>gustauerunt</span> <span class='ocrx_word' id='word_1_27' title='bbox 593 338 634 361; x_wconf 92' lang='lat' dir='ltr'>cum</span> <span class='ocrx_word' id='word_1_28' title='bbox 641 337 668 361; x_wconf 87' lang='lat' dir='ltr'>eo.</span> <span class='ocrx_word' id='word_1_29' title='bbox 684 327 731 360; x_wconf 89' lang='lat' dir='ltr'>Cum</span> <span class='ocrx_word' id='word_1_30' title='bbox 737 336 781 369; x_wconf 83' lang='lat' dir='ltr'>ergo</span> <span class='ocrx_word' id='word_1_31' title='bbox 788 336 838 361; x_wconf 92' lang='lat' dir='ltr'>man·</span> 
     </span>
     <span class='ocr_line' id='line_1_5' title="bbox 139 378 839 424; baseline -0.001 -10"><span class='ocrx_word' id='word_1_32' title='bbox 139 381 231 422; x_wconf 77' lang='lat' dir='ltr'>durarent,</span> <span class='ocrx_word' id='word_1_33' title='bbox 240 379 285 414; x_wconf 84' lang='lat' dir='ltr'>dixit</span> <span class='ocrx_word' id='word_1_34' title='bbox 293 390 362 414; x_wconf 86' lang='lat' dir='ltr'>senex:</span> <span class='ocrx_word' id='word_1_35' title='bbox 373 379 406 413; x_wconf 89' lang='lat' dir='ltr'>‘ln</span> <span class='ocrx_word' id='word_1_36' title='bbox 414 379 491 414; x_wconf 91' lang='lat' dir='ltr'>ueritate</span> <span class='ocrx_word' id='word_1_37' title='bbox 499 379 545 421; x_wconf 85' lang='lat' dir='ltr'>dico,</span> <span class='ocrx_word' id='word_1_38' title='bbox 554 379 615 414; x_wconf 94' lang='lat' dir='ltr'>minus</span> <span class='ocrx_word' id='word_1_39' title='bbox 623 390 677 424; x_wconf 90' lang='lat' dir='ltr'>quam</span> <span class='ocrx_word' id='word_1_40' title='bbox 686 379 734 423; x_wconf 89' lang='lat' dir='ltr'>quod</span> <span class='ocrx_word' id='word_1_41' title='bbox 743 384 771 413; x_wconf 90' lang='lat' dir='ltr'>est</span> <span class='ocrx_word' id='word_1_42' title='bbox 779 378 839 414; x_wconf 90' lang='lat' dir='ltr'>audiui</span> 
     </span>
     <span class='ocr_line' id='line_1_6' title="bbox 121 431 875 477; baseline 0.001 -10"><span class='ocrx_word' id='word_1_43' title='bbox 121 435 162 472; x_wconf 83' lang='lat' dir='ltr'>5de</span> <span class='ocrx_word' id='word_1_44' title='bbox 171 432 235 475; x_wconf 89' lang='lat' dir='ltr'>uobis;</span> <span class='ocrx_word' id='word_1_45' title='bbox 249 432 354 476; x_wconf 90' lang='lat' dir='ltr'>centuplum</span> <span class='ocrx_word' id='word_1_46' title='bbox 362 432 412 466; x_wconf 89' lang='lat' dir='ltr'>enim</span> <span class='ocrx_word' id='word_1_47' title='bbox 420 438 449 467; x_wconf 86' lang='lat' dir='ltr'>est</span> <span class='ocrx_word' id='word_1_48' title='bbox 457 434 506 477; x_wconf 93' lang='lat' dir='ltr'>quod</span> <span class='ocrx_word' id='word_1_49' title='bbox 514 432 567 467; x_wconf 93' lang='lat' dir='ltr'>uideo</span> <span class='ocrx_word' id='word_1_50' title='bbox 579 433 598 467; x_wconf 91' lang='lat' dir='ltr'>in</span> <span class='ocrx_word' id='word_1_51' title='bbox 610 444 666 477; x_wconf 92' lang='lat' dir='ltr'>opere</span> <span class='ocrx_word' id='word_1_52' title='bbox 674 433 746 467; x_wconf 68' lang='lat' dir='ltr'>uestro!</span> <span class='ocrx_word' id='word_1_53' title='bbox 774 431 839 468; x_wconf 88' lang='lat' dir='ltr'>Factus</span> <span class='ocrx_word' id='word_1_54' title='bbox 873 442 875 445; x_wconf 83' lang='grc'><strong><em>·</em></strong></span> 
     </span>
     <span class='ocr_line' id='line_1_7' title="bbox 139 485 839 529; baseline -0.003 -9"><span class='ocrx_word' id='word_1_55' title='bbox 139 492 167 520; x_wconf 89' lang='lat' dir='ltr'>est</span> <span class='ocrx_word' id='word_1_56' title='bbox 178 497 222 529; x_wconf 85' lang='lat' dir='ltr'>ergo</span> <span class='ocrx_word' id='word_1_57' title='bbox 230 485 255 519; x_wconf 93' lang='lat' dir='ltr'>illi</span> <span class='ocrx_word' id='word_1_58' title='bbox 263 485 332 519; x_wconf 86' lang='lat' dir='ltr'>amicus</span> <span class='ocrx_word' id='word_1_59' title='bbox 341 497 364 519; x_wconf 87' lang='lat' dir='ltr'>ex</span> <span class='ocrx_word' id='word_1_60' title='bbox 373 485 402 519; x_wconf 90' lang='lat' dir='ltr'>die</span> <span class='ocrx_word' id='word_1_61' title='bbox 411 485 446 520; x_wconf 92' lang='lat' dir='ltr'>illa.</span> <span class='ocrx_word' id='word_1_62' title='bbox 470 487 493 520; x_wconf 89' lang='lat' dir='ltr'>Et</span> <span class='ocrx_word' id='word_1_63' title='bbox 503 486 548 520; x_wconf 85' lang='lat' dir='ltr'>dixit</span> <span class='ocrx_word' id='word_1_64' title='bbox 558 486 584 519; x_wconf 92' lang='lat' dir='ltr'>illi</span> <span class='ocrx_word' id='word_1_65' title='bbox 594 486 669 520; x_wconf 89' lang='lat' dir='ltr'>Pastor:</span> <span class='ocrx_word' id='word_1_66' title='bbox 682 486 764 520; x_wconf 76' lang='lat' dir='ltr'>‘Conare</span> <span class='ocrx_word' id='word_1_67' title='bbox 775 496 839 519; x_wconf 90' lang='lat' dir='ltr'>secun-</span> 
     </span>
     <span class='ocr_line' id='line_1_8' title="bbox 139 538 840 579; baseline 0 -7"><span class='ocrx_word' id='word_1_68' title='bbox 139 540 183 573; x_wconf 93' lang='lat' dir='ltr'>dum</span> <span class='ocrx_word' id='word_1_69' title='bbox 198 538 284 571; x_wconf 89' lang='lat' dir='ltr'>uirtutem</span> <span class='ocrx_word' id='word_1_70' title='bbox 299 543 349 571; x_wconf 91' lang='lat' dir='ltr'>tuam</span> <span class='ocrx_word' id='word_1_71' title='bbox 363 538 407 571; x_wconf 92' lang='lat' dir='ltr'>nulli</span> <span class='ocrx_word' id='word_1_72' title='bbox 421 539 495 572; x_wconf 91' lang='lat' dir='ltr'>omnino</span> <span class='ocrx_word' id='word_1_73' title='bbox 510 539 570 572; x_wconf 82' lang='lat' dir='ltr'>lacere</span> <span class='ocrx_word' id='word_1_74' title='bbox 583 540 656 579; x_wconf 90' lang='lat' dir='ltr'>malum,</span> <span class='ocrx_word' id='word_1_75' title='bbox 670 544 688 572; x_wconf 93' lang='lat' dir='ltr'>et</span> <span class='ocrx_word' id='word_1_76' title='bbox 701 543 771 572; x_wconf 87' lang='lat' dir='ltr'>castum</span> <span class='ocrx_word' id='word_1_77' title='bbox 786 549 840 572; x_wconf 87' lang='lat' dir='ltr'>serua</span> 
     </span>
     <span class='ocr_line' id='line_1_9' title="bbox 140 590 840 635; baseline 0 -9"><span class='ocrx_word' id='word_1_78' title='bbox 140 596 233 626; x_wconf 89' lang='lat' dir='ltr'>cortuum</span> <span class='ocrx_word' id='word_1_79' title='bbox 247 590 297 624; x_wconf 92' lang='lat' dir='ltr'>omni</span> <span class='ocrx_word' id='word_1_80' title='bbox 310 590 401 634; x_wconf 71' lang='lat' dir='ltr'>h(omini)v</span> <span class='ocrx_word' id='word_1_81' title='bbox 425 591 466 625; x_wconf 93' lang='lat' dir='ltr'>Non</span> <span class='ocrx_word' id='word_1_82' title='bbox 480 597 508 626; x_wconf 92' lang='lat' dir='ltr'>est</span> <span class='ocrx_word' id='word_1_83' title='bbox 520 591 588 635; x_wconf 90' lang='lat' dir='ltr'>aliquid</span> <span class='ocrx_word' id='word_1_84' title='bbox 602 591 660 626; x_wconf 88' lang='lat' dir='ltr'>maius</span> <span class='ocrx_word' id='word_1_85' title='bbox 673 590 778 633; x_wconf 84' lang='lat' dir='ltr'>dileccione,</span> <span class='ocrx_word' id='word_1_86' title='bbox 791 595 810 625; x_wconf 90' lang='lat' dir='ltr'>et</span> <span class='ocrx_word' id='word_1_87' title='bbox 821 597 840 626; x_wconf 92' lang='lat' dir='ltr'>ut</span> 
     </span>
     <span class='ocr_line' id='line_1_10' title="bbox 139 643 840 687; baseline 0 -9"><span class='ocrx_word' id='word_1_88' title='bbox 139 644 219 678; x_wconf 87' lang='lat' dir='ltr'>animam</span> <span class='ocrx_word' id='word_1_89' title='bbox 227 654 279 677; x_wconf 86' lang='lat' dir='ltr'>suam</span> <span class='ocrx_word' id='word_1_90' title='bbox 288 648 343 686; x_wconf 91' lang='lat' dir='ltr'>ponat</span> <span class='ocrx_word' id='word_1_91' title='bbox 351 643 391 686; x_wconf 91' lang='lat' dir='ltr'>quis</span> <span class='ocrx_word' id='word_1_92' title='bbox 401 654 435 687; x_wconf 91' lang='lat' dir='ltr'>pro</span> <span class='ocrx_word' id='word_1_93' title='bbox 446 644 530 687; x_wconf 92' lang='lat' dir='ltr'>proximo</span> <span class='ocrx_word' id='word_1_94' title='bbox 542 655 581 678; x_wconf 93' lang='lat' dir='ltr'>suo.</span> <span class='ocrx_word' id='word_1_95' title='bbox 604 644 677 678; x_wconf 86' lang='lat' dir='ltr'>Etenim</span> <span class='ocrx_word' id='word_1_96' title='bbox 686 644 701 677; x_wconf 92' lang='lat' dir='ltr'>si</span> <span class='ocrx_word' id='word_1_97' title='bbox 709 643 751 687; x_wconf 90' lang='lat' dir='ltr'>quis</span> <span class='ocrx_word' id='word_1_98' title='bbox 764 643 840 678; x_wconf 89' lang='lat' dir='ltr'>audiens</span> 
     </span>
     <span class='ocr_line' id='line_1_11' title="bbox 113 696 668 741; baseline -0.002 -8"><span class='ocrx_word' id='word_1_99' title='bbox 113 711 132 733; x_wconf 79' lang='grc' dir='ltr'>ιο</span> <span class='ocrx_word' id='word_1_100' title='bbox 140 708 246 732; x_wconf 89' lang='lat' dir='ltr'>sermonem</span> <span class='ocrx_word' id='word_1_101' title='bbox 254 696 330 740; x_wconf 86' lang='lat' dir='ltr'>tristem,</span> <span class='ocrx_word' id='word_1_102' title='bbox 339 696 427 731; x_wconf 90' lang='lat' dir='ltr'>sustineat</span> <span class='ocrx_word' id='word_1_103' title='bbox 436 703 454 732; x_wconf 95' lang='lat' dir='ltr'>et</span> <span class='ocrx_word' id='word_1_104' title='bbox 462 708 499 731; x_wconf 94' lang='lat' dir='ltr'>non</span> <span class='ocrx_word' id='word_1_105' title='bbox 507 697 638 741; x_wconf 85' lang='lat' dir='ltr'>re(con)tristet</span> <span class='ocrx_word' id='word_1_106' title='bbox 644 697 668 741; x_wconf 84' lang='lat'>¹.&#39;]</span> 
     </span>
    </p>
   </div>
   <div class='ocr_carea' id='block_1_3' title="bbox 296 809 687 852">
    <p class='ocr_par' dir='ltr' id='par_1_3' title="bbox 296 809 687 852">
     <span class='ocr_line' id='line_1_12' title="bbox 296 809 687 852; baseline 0 -1"><span class='ocrx_word' id='word_1_107' title='bbox 296 816 310 852; x_wconf 75' lang='lat' dir='ltr'>ll</span> <span class='ocrx_word' id='word_1_108' title='bbox 323 809 356 850; x_wconf 83' lang='lat' dir='ltr'>Dn</span> <span class='ocrx_word' id='word_1_109' title='bbox 368 826 439 850; x_wconf 79' lang='lat' dir='ltr'>snncrn</span> <span class='ocrx_word' id='word_1_110' title='bbox 452 809 583 850; x_wconf 78' lang='lat' dir='ltr'>Eruannnnnn</span> <span class='ocrx_word' id='word_1_111' title='bbox 594 816 687 851; x_wconf 63' lang='lat' dir='ltr'>vinelurl,</span> 
     </span>
    </p>
   </div>
   <div class='ocr_carea' id='block_1_4' title="bbox 116 894 850 2469">
    <p class='ocr_par' dir='ltr' id='par_1_4' title="bbox 116 894 850 2469">
     <span class='ocr_line' id='line_1_13' title="bbox 146 894 842 969; baseline 0 -43"><span class='ocrx_word' id='word_1_112' title='bbox 146 894 224 969; x_wconf 74' lang='lat' dir='ltr'>BEata</span> <span class='ocrx_word' id='word_1_113' title='bbox 237 894 288 936; x_wconf 85' lang='lat' dir='ltr'>virgo</span> <span class='ocrx_word' id='word_1_114' title='bbox 300 895 417 934; x_wconf 88' lang='lat' dir='ltr'>Etheldreda‚</span> <span class='ocrx_word' id='word_1_115' title='bbox 431 895 552 928; x_wconf 88' lang='lat' dir='ltr'>Orientalium</span> <span class='ocrx_word' id='word_1_116' title='bbox 564 895 613 938; x_wconf 86' lang='lat' dir='ltr'>regis</span> <span class='ocrx_word' id='word_1_117' title='bbox 624 896 728 938; x_wconf 83' lang='lat' dir='ltr'>Anglorum</span> <span class='ocrx_word' id='word_1_118' title='bbox 739 895 795 927; x_wconf 85' lang='lat' dir='ltr'>Anne</span> <span class='ocrx_word' id='word_1_119' title='bbox 806 894 842 927; x_wconf 87' lang='lat' dir='ltr'>filia</span> 
     </span>
     <span class='ocr_line' id='line_1_14' title="bbox 201 945 843 991; baseline 0.002 -13"><span class='ocrx_word' id='word_1_120' title='bbox 201 945 264 979; x_wconf 90' lang='lat' dir='ltr'>extitit.</span> <span class='ocrx_word' id='word_1_121' title='bbox 292 945 334 979; x_wconf 88' lang='lat' dir='ltr'>Nati</span> <span class='ocrx_word' id='word_1_122' title='bbox 353 952 396 980; x_wconf 90' lang='lat' dir='ltr'>sunt</span> <span class='ocrx_word' id='word_1_123' title='bbox 414 952 474 980; x_wconf 88' lang='lat' dir='ltr'>autem</span> <span class='ocrx_word' id='word_1_124' title='bbox 489 947 545 980; x_wconf 92' lang='lat' dir='ltr'>Anne</span> <span class='ocrx_word' id='word_1_125' title='bbox 564 947 603 991; x_wconf 83' lang='lat' dir='ltr'>regi</span> <span class='ocrx_word' id='word_1_126' title='bbox 622 947 720 991; x_wconf 86' lang='lat' dir='ltr'>Adulphus</span> <span class='ocrx_word' id='word_1_127' title='bbox 735 951 754 980; x_wconf 90' lang='lat' dir='ltr'>et</span> <span class='ocrx_word' id='word_1_128' title='bbox 769 951 843 980; x_wconf 88' lang='lat' dir='ltr'>sanctus</span> 
     </span>
     <span class='ocr_line' id='line_1_15' title="bbox 143 998 842 1044; baseline 0 -12"><span class='ocrx_word' id='word_1_129' title='bbox 143 998 241 1040; x_wconf 81' lang='lat' dir='ltr'>Iurminus,</span> <span class='ocrx_word' id='word_1_130' title='bbox 257 1004 275 1033; x_wconf 91' lang='lat' dir='ltr'>et</span> <span class='ocrx_word' id='word_1_131' title='bbox 290 999 327 1033; x_wconf 88' lang='lat' dir='ltr'>filie</span> <span class='ocrx_word' id='word_1_132' title='bbox 341 1004 422 1043; x_wconf 88' lang='lat' dir='ltr'>quatuor,</span> <span class='ocrx_word' id='word_1_133' title='bbox 433 1000 518 1034; x_wconf 87' lang='lat' dir='ltr'>videlicet</span> <span class='ocrx_word' id='word_1_134' title='bbox 536 1001 637 1044; x_wconf 84' lang='lat' dir='ltr'>Sexburga,</span> <span class='ocrx_word' id='word_1_135' title='bbox 652 1000 769 1043; x_wconf 84' lang='lat' dir='ltr'>Ethelburga‚</span> <span class='ocrx_word' id='word_1_136' title='bbox 782 999 842 1033; x_wconf 87' lang='lat' dir='ltr'>Ethel-</span> 
     </span>
     <span class='ocr_line' id='line_1_16' title="bbox 143 1051 843 1096; baseline -0.001 -11"><span class='ocrx_word' id='word_1_137' title='bbox 143 1052 205 1092; x_wconf 89' lang='lat' dir='ltr'>dreda,</span> <span class='ocrx_word' id='word_1_138' title='bbox 224 1056 242 1085; x_wconf 93' lang='lat' dir='ltr'>et</span> <span class='ocrx_word' id='word_1_139' title='bbox 260 1051 363 1096; x_wconf 85' lang='lat' dir='ltr'>Witburga.</span> <span class='ocrx_word' id='word_1_140' title='bbox 392 1052 444 1086; x_wconf 85' lang='lat' dir='ltr'>onr</span> <span class='ocrx_word' id='word_1_141' title='bbox 463 1057 523 1086; x_wconf 87' lang='lat' dir='ltr'>autem</span> <span class='ocrx_word' id='word_1_142' title='bbox 546 1052 606 1095; x_wconf 87' lang='lat' dir='ltr'>Anne,</span> <span class='ocrx_word' id='word_1_143' title='bbox 626 1052 741 1095; x_wconf 86' lang='lat' dir='ltr'>Hereswida,</span> <span class='ocrx_word' id='word_1_144' title='bbox 757 1052 795 1085; x_wconf 88' lang='lat' dir='ltr'>filia</span> <span class='ocrx_word' id='word_1_145' title='bbox 811 1051 843 1085; x_wconf 85' lang='lat' dir='ltr'>luit</span> 
     </span>
     <span class='ocr_line' id='line_1_17' title="bbox 116 1104 844 1151; baseline -0.001 -13"><span class='ocrx_word' id='word_1_146' title='bbox 116 1121 134 1151; x_wconf 83' lang='lat'>15</span> <span class='ocrx_word' id='word_1_147' title='bbox 144 1104 234 1145; x_wconf 89' lang='lat' dir='ltr'>Hererici,</span> <span class='ocrx_word' id='word_1_148' title='bbox 251 1105 323 1148; x_wconf 89' lang='lat' dir='ltr'>nepotis</span> <span class='ocrx_word' id='word_1_149' title='bbox 342 1105 391 1148; x_wconf 86' lang='lat' dir='ltr'>regis</span> <span class='ocrx_word' id='word_1_150' title='bbox 406 1105 478 1139; x_wconf 85' lang='lat' dir='ltr'>Edwini</span> <span class='ocrx_word' id='word_1_151' title='bbox 492 1106 701 1139; x_wconf 87' lang='lat' dir='ltr'>Northanhumbrorum.</span> <span class='ocrx_word' id='word_1_152' title='bbox 732 1105 844 1139; x_wconf 89' lang='lat' dir='ltr'>Etheldreda</span> 
     </span>
     <span class='ocr_line' id='line_1_18' title="bbox 143 1156 844 1201; baseline 0 -11"><span class='ocrx_word' id='word_1_153' title='bbox 143 1168 192 1197; x_wconf 90' lang='lat' dir='ltr'>vero,</span> <span class='ocrx_word' id='word_1_154' title='bbox 204 1168 245 1190; x_wconf 91' lang='lat' dir='ltr'>cum</span> <span class='ocrx_word' id='word_1_155' title='bbox 256 1157 329 1191; x_wconf 92' lang='lat' dir='ltr'>nubiles</span> <span class='ocrx_word' id='word_1_156' title='bbox 340 1157 430 1201; x_wconf 86' lang='lat' dir='ltr'>attigisset</span> <span class='ocrx_word' id='word_1_157' title='bbox 443 1169 506 1200; x_wconf 83' lang='lat' dir='ltr'>annos,</span> <span class='ocrx_word' id='word_1_158' title='bbox 518 1158 632 1192; x_wconf 89' lang='lat' dir='ltr'>Australium</span> <span class='ocrx_word' id='word_1_159' title='bbox 645 1158 755 1192; x_wconf 85' lang='lat' dir='ltr'>Girwiorum</span> <span class='ocrx_word' id='word_1_160' title='bbox 766 1156 844 1201; x_wconf 88' lang='lat' dir='ltr'>principi</span> 
     </span>
     <span class='ocr_line' id='line_1_19' title="bbox 143 1210 844 1245; baseline 0 -2"><span class='ocrx_word' id='word_1_161' title='bbox 143 1210 236 1244; x_wconf 88' lang='lat' dir='ltr'>Tonberto</span> <span class='ocrx_word' id='word_1_162' title='bbox 255 1210 312 1243; x_wconf 89' lang='lat' dir='ltr'>inuita</span> <span class='ocrx_word' id='word_1_163' title='bbox 328 1210 405 1243; x_wconf 87' lang='lat' dir='ltr'>traditur</span> <span class='ocrx_word' id='word_1_164' title='bbox 420 1210 438 1243; x_wconf 93' lang='lat' dir='ltr'>in</span> <span class='ocrx_word' id='word_1_165' title='bbox 453 1221 536 1244; x_wconf 80' lang='lat' dir='ltr'>vxorem.</span> <span class='ocrx_word' id='word_1_166' title='bbox 560 1211 607 1244; x_wconf 89' lang='lat' dir='ltr'>Sunt</span> <span class='ocrx_word' id='word_1_167' title='bbox 622 1216 683 1244; x_wconf 89' lang='lat' dir='ltr'>autem</span> <span class='ocrx_word' id='word_1_168' title='bbox 700 1211 762 1245; x_wconf 87' lang='lat' dir='ltr'>Girwii</span> <span class='ocrx_word' id='word_1_169' title='bbox 779 1220 844 1244; x_wconf 90' lang='lat' dir='ltr'>omnes</span> 
     </span>
     <span class='ocr_line' id='line_1_20' title="bbox 143 1262 844 1307; baseline 0 -11"><span class='ocrx_word' id='word_1_170' title='bbox 143 1262 240 1296; x_wconf 88' lang='lat' dir='ltr'>Australes</span> <span class='ocrx_word' id='word_1_171' title='bbox 253 1262 309 1306; x_wconf 85' lang='lat' dir='ltr'>Angli</span> <span class='ocrx_word' id='word_1_172' title='bbox 321 1262 340 1295; x_wconf 92' lang='lat' dir='ltr'>in</span> <span class='ocrx_word' id='word_1_173' title='bbox 352 1273 419 1307; x_wconf 85' lang='lat' dir='ltr'>magna</span> <span class='ocrx_word' id='word_1_174' title='bbox 432 1263 499 1306; x_wconf 87' lang='lat' dir='ltr'>palude</span> <span class='ocrx_word' id='word_1_175' title='bbox 512 1262 621 1306; x_wconf 83' lang='lat' dir='ltr'>habitantes,</span> <span class='ocrx_word' id='word_1_176' title='bbox 632 1263 651 1296; x_wconf 92' lang='lat' dir='ltr'>in</span> <span class='ocrx_word' id='word_1_177' title='bbox 663 1274 699 1307; x_wconf 90' lang='lat' dir='ltr'>qua</span> <span class='ocrx_word' id='word_1_178' title='bbox 710 1268 739 1297; x_wconf 91' lang='lat' dir='ltr'>est</span> <span class='ocrx_word' id='word_1_179' title='bbox 749 1263 810 1296; x_wconf 90' lang='lat' dir='ltr'>insula</span> <span class='ocrx_word' id='word_1_180' title='bbox 822 1263 844 1296; x_wconf 92' lang='lat' dir='ltr'>de</span> 
     </span>
     <span class='ocr_line' id='line_1_21' title="bbox 144 1314 844 1360; baseline -0.001 -10"><span class='ocrx_word' id='word_1_181' title='bbox 144 1315 199 1359; x_wconf 89' lang='lat' dir='ltr'>Hely.</span> <span class='ocrx_word' id='word_1_182' title='bbox 222 1314 313 1359; x_wconf 84' lang='lat' dir='ltr'>³Contigit</span> <span class='ocrx_word' id='word_1_183' title='bbox 320 1316 392 1349; x_wconf 86' lang='lat' dir='ltr'>beatam</span> <span class='ocrx_word' id='word_1_184' title='bbox 403 1316 533 1350; x_wconf 87' lang='lat' dir='ltr'>Etheldredam</span> <span class='ocrx_word' id='word_1_185' title='bbox 543 1316 602 1350; x_wconf 87' lang='lat' dir='ltr'>noctis</span> <span class='ocrx_word' id='word_1_186' title='bbox 610 1316 671 1360; x_wconf 91' lang='lat' dir='ltr'>quieto</span> <span class='ocrx_word' id='word_1_187' title='bbox 679 1321 763 1360; x_wconf 91' lang='lat' dir='ltr'>tempore</span> <span class='ocrx_word' id='word_1_188' title='bbox 771 1315 844 1350; x_wconf 81' lang='lat' dir='ltr'>thalami</span> 
     </span>
     <span class='ocr_line' id='line_1_22' title="bbox 117 1368 845 1412; baseline -0.004 -9"><span class='ocrx_word' id='word_1_189' title='bbox 117 1383 136 1403; x_wconf 78' lang='lat'>20</span> <span class='ocrx_word' id='word_1_190' title='bbox 144 1368 247 1402; x_wconf 89' lang='lat' dir='ltr'>cubiculum</span> <span class='ocrx_word' id='word_1_191' title='bbox 259 1368 339 1408; x_wconf 87' lang='lat' dir='ltr'>introire,</span> <span class='ocrx_word' id='word_1_192' title='bbox 353 1379 409 1411; x_wconf 90' lang='lat' dir='ltr'>quam</span> <span class='ocrx_word' id='word_1_193' title='bbox 422 1380 443 1401; x_wconf 85' lang='lat' dir='ltr'>se</span> <span class='ocrx_word' id='word_1_194' title='bbox 455 1368 539 1402; x_wconf 86' lang='lat' dir='ltr'>celeriter</span> <span class='ocrx_word' id='word_1_195' title='bbox 549 1370 689 1402; x_wconf 91' lang='lat' dir='ltr'>subsecuturum</span> <span class='ocrx_word' id='word_1_196' title='bbox 701 1368 787 1412; x_wconf 89' lang='lat' dir='ltr'>princeps</span> <span class='ocrx_word' id='word_1_197' title='bbox 799 1379 845 1400; x_wconf 94' lang='lat' dir='ltr'>nun-</span> 
     </span>
     <span class='ocr_line' id='line_1_23' title="bbox 144 1420 845 1465; baseline 0 -11"><span class='ocrx_word' id='word_1_198' title='bbox 144 1420 203 1455; x_wconf 87' lang='lat' dir='ltr'>eiauit.</span> <span class='ocrx_word' id='word_1_199' title='bbox 231 1421 272 1462; x_wconf 80' lang='lat' dir='ltr'>Quo</span> <span class='ocrx_word' id='word_1_200' title='bbox 291 1420 357 1462; x_wconf 87' lang='lat' dir='ltr'>audito,</span> <span class='ocrx_word' id='word_1_201' title='bbox 375 1420 427 1465; x_wconf 83' lang='lat' dir='ltr'>virgo</span> <span class='ocrx_word' id='word_1_202' title='bbox 446 1427 509 1455; x_wconf 83' lang='lat' dir='ltr'>sancta</span> <span class='ocrx_word' id='word_1_203' title='bbox 527 1432 583 1465; x_wconf 88' lang='lat' dir='ltr'>supra</span> <span class='ocrx_word' id='word_1_204' title='bbox 600 1432 655 1465; x_wconf 92' lang='lat' dir='ltr'>quam</span> <span class='ocrx_word' id='word_1_205' title='bbox 671 1421 706 1456; x_wconf 92' lang='lat' dir='ltr'>dici</span> <span class='ocrx_word' id='word_1_206' title='bbox 721 1427 782 1465; x_wconf 86' lang='lat' dir='ltr'>potest</span> <span class='ocrx_word' id='word_1_207' title='bbox 798 1420 845 1464; x_wconf 86' lang='lat' dir='ltr'>cepit</span> 
     </span>
     <span class='ocr_line' id='line_1_24' title="bbox 145 1473 845 1519; baseline -0.001 -11"><span class='ocrx_word' id='word_1_208' title='bbox 145 1473 247 1508; x_wconf 89' lang='lat' dir='ltr'>contristari</span> <span class='ocrx_word' id='word_1_209' title='bbox 260 1478 278 1507; x_wconf 94' lang='lat' dir='ltr'>et</span> <span class='ocrx_word' id='word_1_210' title='bbox 289 1478 347 1507; x_wconf 86' lang='lat' dir='ltr'>mesta</span> <span class='ocrx_word' id='word_1_211' title='bbox 359 1484 407 1517; x_wconf 87' lang='lat' dir='ltr'>esse,</span> <span class='ocrx_word' id='word_1_212' title='bbox 420 1485 431 1508; x_wconf 88' lang='lat' dir='ltr'>a</span> <span class='ocrx_word' id='word_1_213' title='bbox 444 1473 535 1508; x_wconf 91' lang='lat' dir='ltr'>desiderio</span> <span class='ocrx_word' id='word_1_214' title='bbox 545 1474 633 1519; x_wconf 89' lang='lat' dir='ltr'>propositi</span> <span class='ocrx_word' id='word_1_215' title='bbox 643 1474 670 1509; x_wconf 93' lang='lat' dir='ltr'>sui</span> <span class='ocrx_word' id='word_1_216' title='bbox 683 1474 762 1508; x_wconf 88' lang='lat' dir='ltr'>fraudari</span> <span class='ocrx_word' id='word_1_217' title='bbox 773 1474 845 1508; x_wconf 86' lang='lat' dir='ltr'>timens.</span> 
     </span>
     <span class='ocr_line' id='line_1_25' title="bbox 146 1527 846 1571; baseline 0 -11"><span class='ocrx_word' id='word_1_218' title='bbox 146 1528 169 1561; x_wconf 87' lang='lat' dir='ltr'>Et</span> <span class='ocrx_word' id='word_1_219' title='bbox 182 1538 222 1560; x_wconf 92' lang='lat' dir='ltr'>cum</span> <span class='ocrx_word' id='word_1_220' title='bbox 236 1538 302 1571; x_wconf 89' lang='lat' dir='ltr'>preces</span> <span class='ocrx_word' id='word_1_221' title='bbox 314 1532 332 1560; x_wconf 94' lang='lat' dir='ltr'>et</span> <span class='ocrx_word' id='word_1_222' title='bbox 346 1528 450 1571; x_wconf 85' lang='lat' dir='ltr'>lachrymas</span> <span class='ocrx_word' id='word_1_223' title='bbox 463 1529 485 1561; x_wconf 88' lang='lat' dir='ltr'>ad</span> <span class='ocrx_word' id='word_1_224' title='bbox 500 1528 554 1562; x_wconf 87' lang='lat' dir='ltr'>deum</span> <span class='ocrx_word' id='word_1_225' title='bbox 567 1539 601 1571; x_wconf 90' lang='lat' dir='ltr'>pro</span> <span class='ocrx_word' id='word_1_226' title='bbox 613 1539 647 1562; x_wconf 91' lang='lat' dir='ltr'>sua</span> <span class='ocrx_word' id='word_1_227' title='bbox 662 1528 742 1562; x_wconf 90' lang='lat' dir='ltr'>castitate</span> <span class='ocrx_word' id='word_1_228' title='bbox 755 1527 846 1562; x_wconf 88' lang='lat' dir='ltr'>seruanda</span> 
     </span>
     <span class='ocr_line' id='line_1_26' title="bbox 146 1580 844 1624; baseline 0.001 -10"><span class='ocrx_word' id='word_1_229' title='bbox 146 1582 212 1614; x_wconf 83' lang='lat' dir='ltr'>deuota</span> <span class='ocrx_word' id='word_1_230' title='bbox 219 1580 301 1621; x_wconf 75' lang='lat' dir='ltr'>fudisset,</span> <span class='ocrx_word' id='word_1_231' title='bbox 307 1580 393 1623; x_wconf 90' lang='lat' dir='ltr'>princeps</span> <span class='ocrx_word' id='word_1_232' title='bbox 401 1580 483 1614; x_wconf 87' lang='lat' dir='ltr'>concitus</span> <span class='ocrx_word' id='word_1_233' title='bbox 489 1581 566 1620; x_wconf 46' lang='lat' dir='ltr'>aduenit„</span> <span class='ocrx_word' id='word_1_234' title='bbox 571 1586 589 1614; x_wconf 94' lang='lat' dir='ltr'>et</span> <span class='ocrx_word' id='word_1_235' title='bbox 597 1581 616 1614; x_wconf 95' lang='lat' dir='ltr'>in</span> <span class='ocrx_word' id='word_1_236' title='bbox 624 1592 716 1615; x_wconf 87' lang='lat' dir='ltr'>cameram</span> <span class='ocrx_word' id='word_1_237' title='bbox 724 1580 844 1624; x_wconf 84' lang='lat' dir='ltr'>introspexit:</span> 
     </span>
     <span class='ocr_line' id='line_1_27' title="bbox 119 1632 846 1677; baseline -0.003 -9"><span class='ocrx_word' id='word_1_238' title='bbox 119 1649 137 1677; x_wconf 77' lang='lat'>²⁵</span> <span class='ocrx_word' id='word_1_239' title='bbox 147 1639 164 1666; x_wconf 88' lang='lat' dir='ltr'>et</span> <span class='ocrx_word' id='word_1_240' title='bbox 179 1644 221 1666; x_wconf 88' lang='lat' dir='ltr'>ecce</span> <span class='ocrx_word' id='word_1_241' title='bbox 234 1633 299 1666; x_wconf 85' lang='lat' dir='ltr'>domus</span> <span class='ocrx_word' id='word_1_242' title='bbox 311 1632 341 1665; x_wconf 89' lang='lat' dir='ltr'>illa</span> <span class='ocrx_word' id='word_1_243' title='bbox 354 1633 406 1675; x_wconf 90' lang='lat' dir='ltr'>quasi</span> <span class='ocrx_word' id='word_1_244' title='bbox 419 1633 462 1676; x_wconf 89' lang='lat' dir='ltr'>igne</span> <span class='ocrx_word' id='word_1_245' title='bbox 475 1633 588 1667; x_wconf 85' lang='lat' dir='ltr'>inflammata</span> <span class='ocrx_word' id='word_1_246' title='bbox 601 1633 711 1667; x_wconf 88' lang='lat' dir='ltr'>intrinsecus</span> <span class='ocrx_word' id='word_1_247' title='bbox 724 1639 762 1666; x_wconf 87' lang='lat' dir='ltr'>tota</span> <span class='ocrx_word' id='word_1_248' title='bbox 775 1632 846 1667; x_wconf 84' lang='lat' dir='ltr'>reluxit.</span> 
     </span>
     <span class='ocr_line' id='line_1_28' title="bbox 147 1684 846 1728; baseline 0.003 -12"><span class='ocrx_word' id='word_1_249' title='bbox 147 1686 188 1727; x_wconf 78' lang='lat' dir='ltr'>Quo</span> <span class='ocrx_word' id='word_1_250' title='bbox 196 1684 242 1725; x_wconf 92' lang='lat' dir='ltr'>viso,</span> <span class='ocrx_word' id='word_1_251' title='bbox 250 1688 320 1717; x_wconf 85' lang='lat' dir='ltr'>terrore</span> <span class='ocrx_word' id='word_1_252' title='bbox 328 1684 385 1717; x_wconf 90' lang='lat' dir='ltr'>nimio</span> <span class='ocrx_word' id='word_1_253' title='bbox 396 1690 497 1727; x_wconf 88' lang='lat' dir='ltr'>correptus,</span> <span class='ocrx_word' id='word_1_254' title='bbox 506 1686 573 1728; x_wconf 91' lang='lat' dir='ltr'>pedem</span> <span class='ocrx_word' id='word_1_255' title='bbox 581 1695 614 1728; x_wconf 89' lang='lat' dir='ltr'>pre</span> <span class='ocrx_word' id='word_1_256' title='bbox 623 1690 698 1728; x_wconf 90' lang='lat' dir='ltr'>stupore</span> <span class='ocrx_word' id='word_1_257' title='bbox 709 1685 784 1719; x_wconf 87' lang='lat' dir='ltr'>retraxit</span> <span class='ocrx_word' id='word_1_258' title='bbox 792 1690 846 1728; x_wconf 84' lang='lat' dir='ltr'>atque</span> 
     </span>
     <span class='ocr_line' id='line_1_29' title="bbox 146 1736 847 1779; baseline -0.001 -8"><span class='ocrx_word' id='word_1_259' title='bbox 146 1739 169 1771; x_wconf 90' lang='lat' dir='ltr'>ad</span> <span class='ocrx_word' id='word_1_260' title='bbox 178 1748 219 1770; x_wconf 87' lang='lat' dir='ltr'>eam</span> <span class='ocrx_word' id='word_1_261' title='bbox 227 1736 323 1770; x_wconf 89' lang='lat' dir='ltr'>clamando</span> <span class='ocrx_word' id='word_1_262' title='bbox 331 1736 412 1777; x_wconf 85' lang='lat' dir='ltr'>recessit,</span> <span class='ocrx_word' id='word_1_263' title='bbox 424 1736 498 1770; x_wconf 89' lang='lat' dir='ltr'>dicens:</span> <span class='ocrx_word' id='word_1_264' title='bbox 511 1737 563 1770; x_wconf 77' lang='lat' dir='ltr'>‘Noli</span> <span class='ocrx_word' id='word_1_265' title='bbox 575 1738 623 1770; x_wconf 87' lang='lat' dir='ltr'>bona</span> <span class='ocrx_word' id='word_1_266' title='bbox 634 1737 704 1779; x_wconf 88' lang='lat' dir='ltr'>mulier,</span> <span class='ocrx_word' id='word_1_267' title='bbox 715 1737 751 1770; x_wconf 90' lang='lat' dir='ltr'>noli</span> <span class='ocrx_word' id='word_1_268' title='bbox 761 1737 847 1771; x_wconf 90' lang='lat' dir='ltr'>estimare</span> 
     </span>
     <span class='ocr_line' id='line_1_30' title="bbox 146 1789 847 1834; baseline -0.003 -9"><span class='ocrx_word' id='word_1_269' title='bbox 146 1802 176 1825; x_wconf 87' lang='lat' dir='ltr'>me</span> <span class='ocrx_word' id='word_1_270' title='bbox 188 1789 220 1823; x_wconf 90' lang='lat' dir='ltr'>tibi</span> <span class='ocrx_word' id='word_1_271' title='bbox 232 1789 308 1823; x_wconf 87' lang='lat' dir='ltr'>vlterius</span> <span class='ocrx_word' id='word_1_272' title='bbox 316 1790 364 1824; x_wconf 89' lang='lat' dir='ltr'>velle</span> <span class='ocrx_word' id='word_1_273' title='bbox 375 1790 462 1824; x_wconf 86' lang='lat' dir='ltr'>illudere:</span> <span class='ocrx_word' id='word_1_274' title='bbox 475 1790 560 1824; x_wconf 91' lang='lat' dir='ltr'>dominus</span> <span class='ocrx_word' id='word_1_275' title='bbox 572 1791 618 1824; x_wconf 86' lang='lat' dir='ltr'>deus</span> <span class='ocrx_word' id='word_1_276' title='bbox 629 1795 722 1834; x_wconf 90' lang='lat' dir='ltr'>protector</span> <span class='ocrx_word' id='word_1_277' title='bbox 733 1795 775 1824; x_wconf 93' lang='lat' dir='ltr'>tuus</span> <span class='ocrx_word' id='word_1_278' title='bbox 788 1796 816 1825; x_wconf 89' lang='lat' dir='ltr'>est</span> <span class='ocrx_word' id='word_1_279' title='bbox 829 1795 847 1824; x_wconf 90' lang='lat' dir='ltr'>et</span> 
     </span>
     <span class='ocr_line' id='line_1_31' title="bbox 146 1842 847 1886; baseline -0.003 -9"><span class='ocrx_word' id='word_1_280' title='bbox 146 1843 218 1877; x_wconf 89' lang='lat' dir='ltr'>adiutor</span> <span class='ocrx_word' id='word_1_281' title='bbox 225 1842 298 1876; x_wconf 85' lang='lat' dir='ltr'>fortis.’³</span> <span class='ocrx_word' id='word_1_282' title='bbox 314 1843 355 1875; x_wconf 91' lang='lat' dir='ltr'>Non</span> <span class='ocrx_word' id='word_1_283' title='bbox 363 1843 420 1876; x_wconf 85' lang='lat' dir='ltr'>multo</span> <span class='ocrx_word' id='word_1_284' title='bbox 429 1848 493 1886; x_wconf 89' lang='lat' dir='ltr'>postea</span> <span class='ocrx_word' id='word_1_285' title='bbox 501 1843 586 1876; x_wconf 87' lang='lat' dir='ltr'>defuncto</span> <span class='ocrx_word' id='word_1_286' title='bbox 592 1843 691 1884; x_wconf 88' lang='lat' dir='ltr'>Tonberto,</span> <span class='ocrx_word' id='word_1_287' title='bbox 698 1843 775 1876; x_wconf 88' lang='lat' dir='ltr'>traditur</span> <span class='ocrx_word' id='word_1_288' title='bbox 782 1843 847 1876; x_wconf 93' lang='lat' dir='ltr'>iterum</span> 
     </span>
     <span class='ocr_line' id='line_1_32' title="bbox 119 1895 847 1940; baseline -0.003 -10"><span class='ocrx_word' id='word_1_289' title='bbox 119 1908 157 1940; x_wconf 76' lang='lat' dir='ltr'>50a</span> <span class='ocrx_word' id='word_1_290' title='bbox 176 1895 282 1939; x_wconf 85' lang='lat' dir='ltr'>parentibus</span> <span class='ocrx_word' id='word_1_291' title='bbox 302 1895 506 1929; x_wconf 85' lang='lat' dir='ltr'>Northanhumbrorum</span> <span class='ocrx_word' id='word_1_292' title='bbox 525 1896 564 1939; x_wconf 81' lang='lat' dir='ltr'>regi</span> <span class='ocrx_word' id='word_1_293' title='bbox 581 1896 667 1939; x_wconf 83' lang='lat' dir='ltr'>ngrldo:</span> <span class='ocrx_word' id='word_1_294' title='bbox 685 1896 737 1929; x_wconf 92' lang='lat' dir='ltr'>cuius</span> <span class='ocrx_word' id='word_1_295' title='bbox 756 1895 847 1929; x_wconf 89' lang='lat' dir='ltr'>consortio</span> 
     </span>
     <span class='ocr_line' id='line_1_33' title="bbox 146 1947 847 1990; baseline -0.001 -8"><span class='ocrx_word' id='word_1_296' title='bbox 146 1947 243 1982; x_wconf 89' lang='lat' dir='ltr'>duodecim</span> <span class='ocrx_word' id='word_1_297' title='bbox 259 1947 313 1981; x_wconf 85' lang='lat' dir='ltr'>annis</span> <span class='ocrx_word' id='word_1_298' title='bbox 327 1958 360 1981; x_wconf 89' lang='lat' dir='ltr'>vsa</span> <span class='ocrx_word' id='word_1_299' title='bbox 375 1959 412 1981; x_wconf 91' lang='lat' dir='ltr'>non</span> <span class='ocrx_word' id='word_1_300' title='bbox 428 1953 447 1981; x_wconf 93' lang='lat' dir='ltr'>ut</span> <span class='ocrx_word' id='word_1_301' title='bbox 463 1948 543 1981; x_wconf 90' lang='lat' dir='ltr'>coniunx</span> <span class='ocrx_word' id='word_1_302' title='bbox 557 1949 590 1982; x_wconf 90' lang='lat' dir='ltr'>sed</span> <span class='ocrx_word' id='word_1_303' title='bbox 603 1953 622 1982; x_wconf 91' lang='lat' dir='ltr'>vt</span> <span class='ocrx_word' id='word_1_304' title='bbox 636 1948 775 1990; x_wconf 90' lang='lat' dir='ltr'>domina,—n0n</span> <span class='ocrx_word' id='word_1_305' title='bbox 788 1948 847 1981; x_wconf 89' lang='lat' dir='ltr'>solum</span> 
     </span>
     <span class='ocr_line' id='line_1_34' title="bbox 146 2000 848 2043; baseline -0.003 -7"><span class='ocrx_word' id='word_1_306' title='bbox 146 2002 212 2036; x_wconf 89' lang='lat' dir='ltr'>timore</span> <span class='ocrx_word' id='word_1_307' title='bbox 221 2000 290 2034; x_wconf 88' lang='lat' dir='ltr'>domini</span> <span class='ocrx_word' id='word_1_308' title='bbox 298 2001 368 2042; x_wconf 86' lang='lat' dir='ltr'>ductus,</span> <span class='ocrx_word' id='word_1_309' title='bbox 374 2011 438 2035; x_wconf 92' lang='lat' dir='ltr'>verum</span> <span class='ocrx_word' id='word_1_310' title='bbox 447 2001 502 2035; x_wconf 87' lang='lat' dir='ltr'>etiam</span> <span class='ocrx_word' id='word_1_311' title='bbox 510 2001 605 2035; x_wconf 87' lang='lat' dir='ltr'>sanctitate</span> <span class='ocrx_word' id='word_1_312' title='bbox 611 2001 651 2035; x_wconf 93' lang='lat' dir='ltr'>eius</span> <span class='ocrx_word' id='word_1_313' title='bbox 658 2001 848 2043; x_wconf 70' lang='lat' dir='ltr'>allectus—venerata</span> 
     </span>
     <span class='ocr_line' id='line_1_35' title="bbox 147 2053 848 2097; baseline -0.003 -9"><span class='ocrx_word' id='word_1_314' title='bbox 147 2060 175 2088; x_wconf 89' lang='lat' dir='ltr'>est</span> <span class='ocrx_word' id='word_1_315' title='bbox 183 2055 206 2087; x_wconf 91' lang='lat' dir='ltr'>ab</span> <span class='ocrx_word' id='word_1_316' title='bbox 214 2064 237 2086; x_wconf 90' lang='lat' dir='ltr'>eo</span> <span class='ocrx_word' id='word_1_317' title='bbox 245 2064 265 2086; x_wconf 91' lang='lat' dir='ltr'>ac</span> <span class='ocrx_word' id='word_1_318' title='bbox 274 2053 344 2086; x_wconf 87' lang='lat' dir='ltr'>dilecta.</span> <span class='ocrx_word' id='word_1_319' title='bbox 368 2053 447 2086; x_wconf 84' lang='lat' dir='ltr'>Petierat</span> <span class='ocrx_word' id='word_1_320' title='bbox 456 2059 518 2087; x_wconf 87' lang='lat' dir='ltr'>tamen</span> <span class='ocrx_word' id='word_1_321' title='bbox 526 2064 560 2087; x_wconf 84' lang='lat' dir='ltr'>rex</span> <span class='ocrx_word' id='word_1_322' title='bbox 567 2054 649 2097; x_wconf 84' lang='lat' dir='ltr'>prelatus</span> <span class='ocrx_word' id='word_1_323' title='bbox 657 2054 731 2087; x_wconf 92' lang='lat' dir='ltr'>beatum</span> <span class='ocrx_word' id='word_1_324' title='bbox 742 2054 848 2097; x_wconf 89' lang='lat' dir='ltr'>pontificem</span> 
     </span>
     <span class='ocr_line' id='line_1_36' title="bbox 147 2105 848 2150; baseline -0.001 -10"><span class='ocrx_word' id='word_1_325' title='bbox 147 2106 259 2146; x_wconf 77' lang='lat' dir='ltr'>wilfridum,</span> <span class='ocrx_word' id='word_1_326' title='bbox 271 2105 339 2139; x_wconf 86' lang='lat' dir='ltr'>carnali</span> <span class='ocrx_word' id='word_1_327' title='bbox 352 2105 454 2139; x_wconf 89' lang='lat' dir='ltr'>titillatione</span> <span class='ocrx_word' id='word_1_328' title='bbox 467 2117 512 2150; x_wconf 89' lang='lat' dir='ltr'>sepe</span> <span class='ocrx_word' id='word_1_329' title='bbox 523 2111 587 2147; x_wconf 83' lang='lat' dir='ltr'>tactus,</span> <span class='ocrx_word' id='word_1_330' title='bbox 601 2106 658 2140; x_wconf 92' lang='lat' dir='ltr'>multa</span> <span class='ocrx_word' id='word_1_331' title='bbox 669 2106 744 2140; x_wconf 88' lang='lat' dir='ltr'>donaria</span> <span class='ocrx_word' id='word_1_332' title='bbox 755 2106 848 2147; x_wconf 87' lang='lat' dir='ltr'>adiiciens,</span> 
     </span>
     <span class='ocr_line' id='line_1_37' title="bbox 120 2159 849 2204; baseline -0.003 -10"><span class='ocrx_word' id='word_1_333' title='bbox 120 2175 139 2204; x_wconf 76' lang='lat'>35</span> <span class='ocrx_word' id='word_1_334' title='bbox 148 2161 163 2194; x_wconf 93' lang='lat' dir='ltr'>si</span> <span class='ocrx_word' id='word_1_335' title='bbox 183 2160 206 2193; x_wconf 91' lang='lat' dir='ltr'>ad</span> <span class='ocrx_word' id='word_1_336' title='bbox 225 2159 298 2192; x_wconf 91' lang='lat' dir='ltr'>thorum</span> <span class='ocrx_word' id='word_1_337' title='bbox 317 2159 418 2193; x_wconf 85' lang='lat' dir='ltr'>maritalem</span> <span class='ocrx_word' id='word_1_338' title='bbox 438 2170 479 2193; x_wconf 83' lang='lat' dir='ltr'>eam</span> <span class='ocrx_word' id='word_1_339' title='bbox 498 2164 562 2202; x_wconf 88' lang='lat' dir='ltr'>posset</span> <span class='ocrx_word' id='word_1_340' title='bbox 580 2159 680 2194; x_wconf 88' lang='lat' dir='ltr'>inllectere.</span> <span class='ocrx_word' id='word_1_341' title='bbox 707 2159 781 2194; x_wconf 89' lang='lat' dir='ltr'>Sciebat</span> <span class='ocrx_word' id='word_1_342' title='bbox 800 2159 849 2194; x_wconf 89' lang='lat' dir='ltr'>euim</span> 
     </span>
     <span class='ocr_line' id='line_1_38' title="bbox 147 2211 849 2255; baseline -0.003 -9"><span class='ocrx_word' id='word_1_343' title='bbox 147 2212 238 2255; x_wconf 80' lang='lat' dir='ltr'>virginem</span> <span class='ocrx_word' id='word_1_344' title='bbox 253 2212 295 2254; x_wconf 88' lang='lat' dir='ltr'>plus</span> <span class='ocrx_word' id='word_1_345' title='bbox 308 2211 393 2244; x_wconf 89' lang='lat' dir='ltr'>omnibus</span> <span class='ocrx_word' id='word_1_346' title='bbox 408 2212 501 2254; x_wconf 88' lang='lat' dir='ltr'>presulem</span> <span class='ocrx_word' id='word_1_347' title='bbox 517 2212 535 2244; x_wconf 90' lang='lat' dir='ltr'>in</span> <span class='ocrx_word' id='word_1_348' title='bbox 552 2213 586 2245; x_wconf 92' lang='lat' dir='ltr'>deo</span> <span class='ocrx_word' id='word_1_349' title='bbox 602 2212 683 2255; x_wconf 85' lang='lat' dir='ltr'>diligere,</span> <span class='ocrx_word' id='word_1_350' title='bbox 698 2223 719 2245; x_wconf 90' lang='lat' dir='ltr'>ac</span> <span class='ocrx_word' id='word_1_351' title='bbox 734 2212 796 2255; x_wconf 92' lang='lat' dir='ltr'>ipsum</span> <span class='ocrx_word' id='word_1_352' title='bbox 812 2221 849 2245; x_wconf 92' lang='lat' dir='ltr'>non</span> 
     </span>
     <span class='ocr_line' id='line_1_39' title="bbox 148 2263 849 2307; baseline -0.001 -8"><span class='ocrx_word' id='word_1_353' title='bbox 148 2264 210 2299; x_wconf 91' lang='lat' dir='ltr'>minus</span> <span class='ocrx_word' id='word_1_354' title='bbox 221 2269 299 2307; x_wconf 90' lang='lat' dir='ltr'>paterno</span> <span class='ocrx_word' id='word_1_355' title='bbox 312 2263 379 2297; x_wconf 85' lang='lat' dir='ltr'>affectu</span> <span class='ocrx_word' id='word_1_356' title='bbox 393 2263 428 2297; x_wconf 88' lang='lat' dir='ltr'>deo</span> <span class='ocrx_word' id='word_1_357' title='bbox 441 2263 526 2297; x_wconf 86' lang='lat' dir='ltr'>dilectam</span> <span class='ocrx_word' id='word_1_358' title='bbox 539 2263 628 2298; x_wconf 81' lang='lat' dir='ltr'>refouere.</span> <span class='ocrx_word' id='word_1_359' title='bbox 651 2263 684 2298; x_wconf 89' lang='lat' dir='ltr'>Vir</span> <span class='ocrx_word' id='word_1_360' title='bbox 697 2269 759 2298; x_wconf 85' lang='lat' dir='ltr'>tamen</span> <span class='ocrx_word' id='word_1_361' title='bbox 775 2270 849 2299; x_wconf 86' lang='lat' dir='ltr'>sanctus</span> 
     </span>
     <span class='ocr_line' id='line_1_40' title="bbox 148 2316 849 2362; baseline -0.004 -9"><span class='ocrx_word' id='word_1_362' title='bbox 148 2317 236 2354; x_wconf 90' lang='lat' dir='ltr'>voluntati</span> <span class='ocrx_word' id='word_1_363' title='bbox 245 2316 295 2361; x_wconf 84' lang='lat' dir='ltr'>regie</span> <span class='ocrx_word' id='word_1_364' title='bbox 303 2317 356 2361; x_wconf 89' lang='lat' dir='ltr'>quasi</span> <span class='ocrx_word' id='word_1_365' title='bbox 366 2316 476 2359; x_wconf 90' lang='lat' dir='ltr'>assentiens,</span> <span class='ocrx_word' id='word_1_366' title='bbox 488 2316 552 2361; x_wconf 80' lang='lat' dir='ltr'>regine</span> <span class='ocrx_word' id='word_1_367' title='bbox 563 2317 655 2360; x_wconf 90' lang='lat' dir='ltr'>dissuasit,</span> <span class='ocrx_word' id='word_1_368' title='bbox 666 2317 726 2352; x_wconf 82' lang='lat' dir='ltr'>futura</span> <span class='ocrx_word' id='word_1_369' title='bbox 737 2318 809 2361; x_wconf 87' lang='lat' dir='ltr'>premia</span> <span class='ocrx_word' id='word_1_370' title='bbox 816 2328 849 2362; x_wconf 94' lang='lat' dir='ltr'>pro</span> 
     </span>
     <span class='ocr_line' id='line_1_41' title="bbox 149 2365 850 2415; baseline 0 -10"><span class='ocrx_word' id='word_1_371' title='bbox 149 2370 231 2405; x_wconf 85' lang='lat' dir='ltr'>castitate</span> <span class='ocrx_word' id='word_1_372' title='bbox 240 2370 330 2405; x_wconf 86' lang='lat' dir='ltr'>custodita</span> <span class='ocrx_word' id='word_1_373' title='bbox 342 2370 359 2404; x_wconf 91' lang='lat' dir='ltr'>ei</span> <span class='ocrx_word' id='word_1_374' title='bbox 371 2369 486 2404; x_wconf 88' lang='lat' dir='ltr'>renuncians.</span> <span class='ocrx_word' id='word_1_375' title='bbox 509 2370 594 2404; x_wconf 82' lang='lat' dir='ltr'>Assensu</span> <span class='ocrx_word' id='word_1_376' title='bbox 605 2372 680 2405; x_wconf 89' lang='lat' dir='ltr'>tandem</span> <span class='ocrx_word' id='word_1_377' title='bbox 692 2371 741 2415; x_wconf 88' lang='lat' dir='ltr'>regis</span> <span class='ocrx_word' id='word_1_378' title='bbox 751 2371 783 2405; x_wconf 87' lang='lat' dir='ltr'>vix</span> <span class='ocrx_word' id='word_1_379' title='bbox 792 2365 850 2415; x_wconf 86' lang='lat' dir='ltr'>imp&#39;e-</span> 
     </span>
     <span class='ocr_line' id='line_1_42' title="bbox 121 2423 849 2469; baseline -0.004 -10"><span class='ocrx_word' id='word_1_380' title='bbox 121 2438 141 2466; x_wconf 78' lang='lat'>4⁰</span> <span class='ocrx_word' id='word_1_381' title='bbox 150 2430 202 2466; x_wconf 85' lang='lat' dir='ltr'>trato,</span> <span class='ocrx_word' id='word_1_382' title='bbox 209 2423 340 2458; x_wconf 88' lang='lat' dir='ltr'>monasterium</span> <span class='ocrx_word' id='word_1_383' title='bbox 348 2424 419 2457; x_wconf 89' lang='lat' dir='ltr'>intrans</span> <span class='ocrx_word' id='word_1_384' title='bbox 427 2424 496 2467; x_wconf 85' lang='lat' dir='ltr'>regina,</span> <span class='ocrx_word' id='word_1_385' title='bbox 503 2425 537 2457; x_wconf 91' lang='lat' dir='ltr'>sub</span> <span class='ocrx_word' id='word_1_386' title='bbox 544 2424 637 2459; x_wconf 89' lang='lat' dir='ltr'>abbatissa</span> <span class='ocrx_word' id='word_1_387' title='bbox 643 2425 700 2464; x_wconf 86' lang='lat' dir='ltr'>Ebba,</span> <span class='ocrx_word' id='word_1_388' title='bbox 708 2424 778 2468; x_wconf 84' lang='lat' dir='ltr'>ngridi</span> <span class='ocrx_word' id='word_1_389' title='bbox 786 2423 849 2469; x_wconf 88' lang='lat' dir='ltr'>sponsi</span> 
     </span>
    </p>
   </div>
   <div class='ocr_carea' id='block_1_5' title="bbox 151 2508 850 2588">
    <p class='ocr_par' dir='ltr' id='par_1_5' title="bbox 151 2508 850 2588">
     <span class='ocr_line' id='line_1_43' title="bbox 168 2508 850 2546; baseline 0 -10"><span class='ocrx_word' id='word_1_390' title='bbox 168 2509 173 2526; x_wconf 84' lang='lat'><em>¹</em></span> <span class='ocrx_word' id='word_1_391' title='bbox 180 2508 199 2537; x_wconf 87' lang='lat' dir='ltr'>T.</span> <span class='ocrx_word' id='word_1_392' title='bbox 209 2509 333 2538; x_wconf 82' lang='lat' dir='ltr'>recontristetur.</span> <span class='ocrx_word' id='word_1_393' title='bbox 348 2508 354 2525; x_wconf 56' lang='grc' dir='ltr'><strong><em>Ἰ</em></strong></span> <span class='ocrx_word' id='word_1_394' title='bbox 363 2509 449 2537; x_wconf 85' lang='lat' dir='ltr'>Extracted</span> <span class='ocrx_word' id='word_1_395' title='bbox 456 2509 496 2536; x_wconf 82' lang='lat' dir='ltr'>from</span> <span class='ocrx_word' id='word_1_396' title='bbox 503 2509 530 2537; x_wconf 85' lang='lat' dir='ltr'>the</span> <span class='ocrx_word' id='word_1_397' title='bbox 535 2508 571 2537; x_wconf 84' lang='lat' dir='ltr'>Vita</span> <span class='ocrx_word' id='word_1_398' title='bbox 575 2509 597 2546; x_wconf 90' lang='lat' dir='ltr'>by</span> <span class='ocrx_word' id='word_1_399' title='bbox 601 2509 690 2538; x_wconf 89' lang='lat' dir='ltr'>Thomasin</span> <span class='ocrx_word' id='word_1_400' title='bbox 696 2509 723 2537; x_wconf 84' lang='lat' dir='ltr'>the</span> <span class='ocrx_word' id='word_1_401' title='bbox 730 2509 777 2538; x_wconf 87' lang='lat' dir='ltr'>Liber</span> <span class='ocrx_word' id='word_1_402' title='bbox 782 2509 850 2538; x_wconf 82' lang='lat' dir='ltr'>Ellensis</span> 
     </span>
     <span class='ocr_line' id='line_1_44' title="bbox 151 2547 850 2588; baseline 0.003 -12"><span class='ocrx_word' id='word_1_403' title='bbox 151 2548 173 2587; x_wconf 81' lang='lat' dir='ltr'>(in</span> <span class='ocrx_word' id='word_1_404' title='bbox 179 2547 213 2576; x_wconf 89' lang='lat' dir='ltr'>Act.</span> <span class='ocrx_word' id='word_1_405' title='bbox 220 2547 249 2577; x_wconf 86' lang='lat' dir='ltr'>SS.</span> <span class='ocrx_word' id='word_1_406' title='bbox 256 2548 296 2577; x_wconf 86' lang='lat' dir='ltr'>Boll.</span> <span class='ocrx_word' id='word_1_407' title='bbox 303 2548 342 2577; x_wconf 94' lang='lat' dir='ltr'>lune</span> <span class='ocrx_word' id='word_1_408' title='bbox 347 2547 365 2578; x_wconf 93' lang='lat' dir='ltr'>V.</span> <span class='ocrx_word' id='word_1_409' title='bbox 373 2558 388 2586; x_wconf 92' lang='lat' dir='ltr'>p.</span> <span class='ocrx_word' id='word_1_410' title='bbox 394 2557 429 2586; x_wconf 78' lang='lat'>424,</span> <span class='ocrx_word' id='word_1_411' title='bbox 437 2548 511 2577; x_wconf 84' lang='lat' dir='ltr'>illabillon</span> <span class='ocrx_word' id='word_1_412' title='bbox 518 2548 537 2578; x_wconf 95' lang='lat' dir='ltr'>ll.</span> <span class='ocrx_word' id='word_1_413' title='bbox 547 2548 588 2588; x_wconf 77' lang='lat'>707),</span> <span class='ocrx_word' id='word_1_414' title='bbox 593 2550 624 2578; x_wconf 93' lang='lat' dir='ltr'>and</span> <span class='ocrx_word' id='word_1_415' title='bbox 632 2549 676 2578; x_wconf 89' lang='lat' dir='ltr'>Beda</span> <span class='ocrx_word' id='word_1_416' title='bbox 684 2549 710 2578; x_wconf 91' lang='lat' dir='ltr'>lV.</span> <span class='ocrx_word' id='word_1_417' title='bbox 718 2558 741 2586; x_wconf 85' lang='lat'>19.</span> <span class='ocrx_word' id='word_1_418' title='bbox 763 2549 787 2566; x_wconf 55' lang='grc'>3-3</span> <span class='ocrx_word' id='word_1_419' title='bbox 795 2550 850 2578; x_wconf 79' lang='lat' dir='ltr'>aton.</span> 
     </span>
    </p>
   </div>
   <div class='ocr_carea' id='block_1_6' title="bbox 0 0 901 2803">
    <p class='ocr_par' dir='ltr' id='par_1_6' title="bbox 0 0 901 2803">
     <span class='ocr_line' id='line_1_45' title="bbox 0 0 901 2803; baseline 0 0"><span class='ocrx_word' id='word_1_420' title='bbox 0 0 901 2803; x_wconf 95' lang='lat' dir='ltr'> </span> 
     </span>
    </p>
   </div>
  </div>
 </body>
</html>
