1762 2803
274 102 319 158 br
335 100 434 155 sancto
450 103 572 164 barano.
730 116 774 161 277

73 234 114 258 eam
126 224 145 259 vi
158 225 236 260 tolleret.
258 224 311 259 Vnus
324 230 385 259 autern
399 224 529 268 discipulorum
542 225 608 259 videns
619 224 671 260 illum
682 223 701 259 in
713 225 774 260 surore

73 282 202 318 reuertentem,
214 277 293 310 cucurrit
304 278 327 310 ad
339 282 423 310 sanctum
435 277 534 310 Paternum
547 282 565 310 et
576 277 612 311 ait:
629 277 732 310 ‘Tirannus
744 276 774 320 qui

73 328 115 363 hinc
126 334 180 364 antea
191 328 254 372 exiuit,
265 329 370 363 insultando
382 340 423 363 cum
435 329 496 363 surore
504 330 616 373 regreditur.¹
640 329 729 364 Paternus
737 329 773 363 ait:

73 382 143 416 ‘lmmo
158 383 255 417 absorbeat
269 393 311 416 eum
324 383 388 417 tellus.²
411 382 452 425 Quo
465 382 513 416 dicto
525 383 586 417 statim
598 388 647 418 terra
657 382 742 427 apperuit
753 392 775 416 os

73 446 131 476 suum,
144 442 162 469 et
173 446 231 478 usque
243 437 266 469 ad
278 442 361 469 mentum
373 436 475 469 Arthurum
487 436 586 470 absorbuit.
609 436 645 478 Qui
658 435 706 469 illico
718 445 792 479 agno-5

73 498 127 522 scens
139 499 193 522 suum
205 493 282 529 reatum,
295 488 359 533 incipit
375 489 430 522 deum
444 493 462 522 et
476 494 560 523 sanctum
574 489 675 523 Paternum
688 488 774 531 laudare3

73 542 131 575 donec
149 541 222 575 veniam
240 541 333 575 humiliter
351 547 422 585 petens¹
441 547 491 575 terra
509 541 560 575 illum
582 552 656 576 sursum
678 541 775 575 emitteret.

72 591 124 627 Tunc
136 597 211 627 sanetus
222 592 261 637 regi
273 592 326 627 tlexis
338 592 416 637 genibus
427 592 500 627 veniam
512 592 622 637 imploranti,
632 593 711 636 benigno
722 593 773 628 vultu

72 645 152 680 indulsit.
198 638 238 679 Illis
246 646 306 680 cnim¹
318 647 383 680 diebus
391 647 519 680 Caradaucus²
527 647 574 681 vltra
581 647 671 681 terminos
679 646 774 681 Britannie

72 709 149 743 regnum
165 710 219 733 suum
234 699 321 741 dilatauit,
332 705 351 733 et
362 700 385 733 ad
398 699 489 733 Minorem
504 699 618 734 Britanniam
629 699 712 740 veniens,
724 699 773 733 illam
783 711 803 732 ro

72 751 153 785 dominio
168 763 202 786 suo
217 752 325 796 subiugauit.
347 752 409 786 Incole
425 757 486 786 autem
502 752 551 787 illius
566 753 661 797 prouincie
679 753 702 786 ad
721 752 773 787 illum

71 805 167 839 venientes
183 804 280 839 dixerunt:
293 805 342 839 ‘Nisi
356 805 455 840 Paternum
471 811 571 841 nostratem
584 807 607 841 ad
621 817 656 841 nos
669 816 693 841 ex
705 805 770 840 Maiori

72 857 167 891 Britannia
178 857 300 899 reuocaucris,
308 868 343 891 nos
352 858 385 891 tibi
396 858 495 900 placabiles
507 864 524 892 et
536 858 628 893 subiectos
639 858 723 892 inuenire
735 868 772 891 non

72 909 151 954 poteris!
163 909 215 943 Tunc
223 920 262 952 rex,
270 909 347 944 transito
356 921 445 954 prospere
454 910 505 951 mari,
513 910 586 945 obnixis
594 911 680 955 precibus
688 915 773 944 sanctum

72 962 179 1007 episcopum
191 962 261 1007 rogauit
272 968 292 996 vt
303 963 326 997 ad
337 963 477 998 instructionem
488 964 566 998 Minoris
577 964 671 998 Britannie
682 964 803 1008 etpopuli15

72 1016 204 1050 edificationem
226 1026 311 1060 gressum
326 1022 425 1051 maturare
448 1018 558 1062 dignaretur.
590 1017 693 1062 Episcopus
713 1017 774 1053 enim¹

72 1075 152 1112 sanctus,
165 1070 266 1104 secundum
280 1070 357 1114 apostoli
370 1076 477 1114 preceptum
489 1071 573 1115 potestati
587 1071 675 1106 resistere
689 1070 755 1105 nolens
761 1070 774 1112 ³,

72 1122 114 1155 illuc
120 1124 201 1165 perrexit
210 1133 213 1155 :
223 1127 242 1155 et
250 1132 335 1165 magnam
342 1124 504 1166 persequutionem
511 1134 522 1156 a
530 1123 581 1157 salsis
589 1124 675 1157 fratribus
683 1123 775 1166 patienter

72 1174 163 1209 sustinuit.
189 1175 281 1217 Sampson
294 1179 355 1209 autem
369 1175 468 1219 episcopus
483 1175 532 1210 illius
547 1176 648 1219 prouincie,
661 1185 716 1220 quern
732 1186 774 1219 pre·

72 1226 146 1271 cipuum
157 1237 222 1261 omnes
230 1226 249 1260 in
257 1226 351 1261 sanctitate
364 1227 510 1272 magnificabant,
522 1228 618 1273 parochias
629 1227 774 1273 perambulabat,
783 1239 802 1261 ao

72 1285 141 1313 certum
157 1280 244 1314 censum⁴
260 1280 337 1324 singulis
353 1280 435 1314 ecclesiis
451 1281 590 1325 metropolitane
605 1282 678 1316 soluere
695 1281 774 1315 ecclesie

72 1338 159 1367 statuens.
181 1333 265 1376 Cumque
274 1332 347 1367 veniret
354 1334 377 1367 ad
384 1333 444 1368 vicina
453 1334 492 1368 loca
501 1334 563 1369 vrbis⁶
574 1334 624 1370 iuxta
633 1344 688 1380 quam
699 1340 774 1370 sanctus

72 1385 163 1420 Paternus
176 1385 308 1420 monasterium
321 1386 435 1429 fundauerat,
446 1398 494 1421 vnus
506 1388 638 1421 monachorum
651 1387 775 1430 Sampsonis⁶

72 1437 107 1471 ait:
121 1437 184 1471 ‘Mitte
196 1437 219 1470 ad
230 1442 314 1471 sanctum
326 1449 349 1471 ex
362 1438 456 1472 Britannia
468 1449 528 1483 nuper
539 1439 651 1481 venientem,
662 1444 681 1473 vt
693 1438 774 1482 probes⁷

72 1491 111 1525 eius
123 1492 249 1533 bumilitatem,
261 1497 279 1525 et
290 1492 366 1535 precipe
378 1503 419 1526 cum
431 1493 504 1534 nuncio,
515 1498 535 1526 vt
546 1504 655 1537 quocunque
669 1497 717 1527 statu
731 1504 773 1527 eum
784 1503 802 1533 ²5

71 1544 168 1586 inuenerit,
187 1544 252 1578 eodem
272 1544 312 1578 sine
330 1545 450 1580 excusatione
469 1556 578 1590 quacunque
596 1551 684 1591 properet
703 1546 726 1580 ad
745 1547 774 1580 te.’

71 1598 164 1641 Sampson
183 1602 244 1630 autem
263 1597 358 1631 consilium
376 1598 485 1642 simpliciter
502 1599 600 1643 accipiens,
616 1599 704 1633 nuncium
718 1598 774 1633 misit.

72 1650 154 1684 Nuncius
162 1655 223 1684 autern
234 1650 257 1683 ad
267 1649 326 1684 virum
338 1650 368 1684 dei
378 1652 461 1691 veniens,
471 1651 548 1695 caligam
561 1651 580 1685 in
590 1663 626 1685 vno
637 1653 686 1695 pede
697 1650 774 1694 inuenit,

71 1703 128 1735 altero
147 1703 196 1735 nudo
215 1707 307 1735 manente.
330 1702 400 1736 Seruus
418 1703 492 1737 nunciat
510 1703 627 1747 legationem,
645 1709 663 1738 et
683 1703 773 1738 Paternus

71 1754 130 1788 sutura
149 1753 249 1797 preuidens
267 1755 291 1788 ad
308 1755 416 1798 episcopum
433 1756 474 1789 sine
491 1766 543 1790 mora
557 1756 644 1800 perrexit.
668 1755 801 1800 Maliciosusgo

71 1807 101 1842 ille
111 1807 218 1849 inonachus,
227 1812 291 1841 auctor
298 1807 369 1842 consilii
379 1808 428 1850 mali,
437 1808 536 1843 Paternum
549 1808 683 1844 semiuestitum
694 1808 773 1853 pedibus

71 1861 163 1895 subridet:
181 1866 199 1894 et
214 1859 275 1894 statim
290 1866 375 1904 arreptus
390 1872 401 1895 a
416 1861 500 1903 demone,
514 1861 578 1896 cecidit
594 1862 613 1896 in
631 1867 704 1896 terram.
727 1861 773 1896 Mox

71 1914 170 1958 Sampson,
182 1913 293 1948 monachum
308 1913 360 1947 illum
373 1919 466 1948 auctorem
478 1925 519 1949 esse
531 1915 655 1959 temptationis
666 1913 772 1958 intelligens

71 1967 90 2000 in
106 1972 169 2000 sancto
185 1967 269 2007 Paterno,
284 1965 345 2009 ipsum
361 1966 437 2010 pacifice
452 1967 522 2008 salutat,
537 1967 670 2011 indulgentiam
686 1966 737 2010 petiit
753 1973 772 2001 et

71 2019 146 2064 accepit.
168 2020 220 2052 Tunc
232 2018 323 2052 Paternus
333 2019 411 2063 expulso
423 2020 508 2061 demone,
520 2019 614 2064 fatigatum
625 2025 683 2053 sanat.
705 2019 773 2054 Statuit
782 2034 800 2067 55

70 2077 131 2107 autem
144 2077 218 2106 sanctus
230 2071 323 2115 Sampson
333 2076 352 2105 vt
363 2071 447 2115 quamuis
459 2072 532 2106 omnis⁸
545 2072 662 2117 episcopatus
674 2077 724 2107 terre
738 2072 772 2107 sibi

71 2125 160 2159 censum⁴
172 2125 263 2166 redderet,
271 2126 329 2158 sancti
341 2130 403 2158 tamen
416 2124 489 2159 Paterni
501 2125 619 2170 episcopatus
630 2126 677 2160 liber
688 2126 711 2160 ab
723 2128 773 2160 omni

72 2178 158 2212 bomine⁹
176 2178 234 2212 fieret.
263 2177 312 2211 Vrbs
331 2183 392 2211 autern
412 2177 483 2212 Guenet
502 2179 557 2213 sedes
576 2179 693 2224 episcopatus
714 2179 772 2214 sancti

72 2231 145 2265 Paterni
156 2236 200 2266 erat.
246 2223 293 2265 Post
303 2231 337 2265 hec
348 2236 457 2274 congregata
466 2232 543 2275 synodo,
550 2232 581 2266 vbi
591 2233 667 2267 multum
676 2232 698 2266 ab
706 2231 773 2267 inuidis

71 2289 89 2317 et
100 2284 151 2318 salsis
162 2283 249 2318 fratribus
262 2283 348 2327 fatigatus
359 2283 430 2317 extitit:
446 2284 554 2319 confirmata
565 2291 627 2319 tamen
639 2286 713 2320 demum
724 2284 773 2320 inter
780 2302 801 2330 40

70 2336 132 2381 ipsum
149 2343 167 2370 et
184 2335 282 2381 episcopos
299 2336 368 2371 unitate
383 2336 444 2381 pacis:
459 2336 528 2372 timens
543 2349 568 2372 ne
584 2349 619 2383 per
636 2337 772 2373 intolerantiam

70 2390 143 2424 illorum
153 2390 213 2434 aliquo
224 2390 254 2424 vel
264 2390 315 2424 tenui
328 2391 383 2424 modo
394 2390 523 2425 irasceretur¹⁰
534 2391 563 2426 vel
575 2392 668 2426 lederetur
679 2391 773 2426 humilitas

90 2477 95 2495 ¹
106 2478 147 2508 Boll.
154 2483 206 2509 autern
259 2478 265 2496 ²
274 2478 306 2509 Vit.
314 2479 331 2509 C.
339 2484 444 2516 cognomento
452 2479 534 2511 Brecbras.
582 2480 588 2498 ³
599 2480 617 2511 E.
624 2480 685 2511 volens.
737 2480 743 2498 “
754 2480 772 2511 Ε.

70 2526 139 2548 sensum.
186 2520 192 2537 θ
202 2518 233 2548 vit.
240 2518 282 2547 vrbis
290 2519 357 2548 Guenet.
404 2520 410 2537 ¹
420 2528 432 2549 r.
440 2519 530 2556 Sampsoni.
577 2519 583 2537 ⁷
593 2520 611 2550 E.
620 2521 677 2558 proles.
725 2519 772 2549 'Via

71 2566 126 2586 omnes
134 2558 224 2587 redderent.
263 2557 270 2575 ⁰
280 2557 321 2587 Boll.
328 2558 405 2588 hominio.
446 2559 457 2576 ¹⁰
467 2559 486 2588 E.
494 2559 574 2589 irascetur.
