1762 2803
261 147 307 203 Bo
322 145 422 200 &troo
437 147 561 207 lontano.
719 161 762 206 275

62 265 200 309 monachorum,
216 265 307 301 Minorem
326 266 440 301 Britanniam
460 268 555 309 deserens,
574 266 669 302 Britannia
688 266 764 304 Maioris

62 320 114 352 oras¹
133 326 222 365 appetere
240 321 386 356 meditabantur:
404 321 438 356 hac
456 321 505 355 enim
522 324 632 366 prouocatus
650 319 698 356 sama
716 330 764 365 puer

63 372 154 408 Paternus
169 385 211 409 cum
226 374 262 408 illis
278 385 356 420 pergere
371 374 474 409 festinabat.
497 373 654 409 Conuenientibus
667 374 728 420 itaque
740 374 764 409 ad

62 426 186 471 nauigandum
199 428 275 471 cunctis,
284 428 375 463 Paternus
385 439 429 462 mox
439 430 528 473 quartus²
538 428 575 462 dux
586 427 666 462 cohortis
676 428 764 463 efficitur:

63 479 110 514 Nam
125 481 229 515 consobrini
245 481 289 522 eius,
302 481 387 516 videntes
402 491 445 515 eum
460 481 483 515 ad
498 481 571 514 culmen
587 480 706 525 perfectionis
721 491 782 525 pro-5

62 543 134 577 perare,
151 534 248 569 dixerunt:
268 534 370 577 ‘Quoniam
389 533 480 575 dominus,
499 532 589 578 inquiunt,
607 532 626 568 in
645 533 727 568 moribus
745 539 765 568 te

62 585 156 630 prefecitt,
171 593 243 632 oportet
255 593 275 623 vt
287 587 373 631 populis⁴
384 587 408 622 ad
422 586 529 631 exemplum
544 586 581 621 vite
595 586 664 621 debeas
678 589 766 631 preesse)

63 638 131 684 Sicque
159 640 258 685 octingenti
285 640 371 675 monachi
401 646 419 674 et
445 639 637 685 quadragintaseptem
665 640 765 675 Paternum

64 692 154 737 eligentes
169 694 235 727 ducem
250 700 268 728 et
281 704 324 728 eum
336 699 441 737 sequentes,
455 703 544 738 prospero
557 693 630 737 nauigio
642 694 694 728 oras¹
706 693 766 729 insule

64 745 139 780 Maioris
150 746 245 781 Britannie
256 752 325 781 tenent.
348 747 401 790 Cepit
413 752 474 781 autem
486 752 561 780 sanctus
573 757 614 781 curn
626 746 694 780 sanctis
705 747 766 781 locum
776 761 795 782 ro

63 798 82 831 in
91 798 168 832 ecclesia
177 803 298 841 cognomento
308 797 418 832 Mauritania
424 797 436 838 ⁵,
444 802 463 832 et
474 797 558 831 edificate
569 797 638 832 ibidem
649 798 767 842 monasterio,

64 850 99 885 sub
112 851 219 893 echonomo,
231 850 325 897 preposito
339 857 357 885 et
370 851 440 885 decano
452 851 526 886 statuit:
538 857 556 886 et
569 852 670 886 benedictis
681 852 767 887 iratribus

65 903 174 940 Hiberniam
190 905 288 950 nauigauit,
303 910 322 939 et
334 904 406 939 visitato
421 909 474 950 patre
488 915 522 940 suo
537 915 558 939 ac
574 904 684 947 consolato⁸,
699 905 768 951 gratias

64 958 100 992 deo
111 958 219 993 referebant.
243 958 300 992 Erant
313 965 356 992 tunc
368 960 388 992 in
402 958 492 992 Hibernia
503 959 539 991 duo
551 968 612 1002 reges,
623 959 654 1002 qui
666 963 706 992 orta
718 958 768 994 inter

65 1021 86 1045 se
101 1011 214 1046 dissentione
229 1012 306 1046 multum
321 1010 461 1052 discordabant;
476 1010 588 1045 vastationes
603 1011 655 1051 fiunt,
670 1010 768 1054 rapiuntur
777 1026 795 1055 1⁵

65 1064 128 1107 prede,
140 1064 206 1097 domus
220 1068 330 1104 cremantur,
343 1067 456 1106 consurgunt
469 1061 523 1103 bella,
534 1067 553 1096 et
564 1062 627 1096 multis
638 1062 698 1106 gladio
709 1062 767 1097 inter-

65 1114 122 1158 iectis,
135 1120 184 1151 terra
197 1116 278 1151 desolata
289 1115 308 1150 iu
319 1115 437 1150 solitudinem
448 1114 541 1159 redigitur.
563 1115 647 1149 Tandem
661 1114 767 1151 misericors

65 1167 133 1204 arbiter
148 1168 203 1210 orbis,
218 1167 272 1204 solita
286 1167 373 1203 misertus
385 1168 506 1213 prouidentia,
521 1179 595 1203 causam
608 1168 702 1213 insperate
715 1170 767 1213 pacis

65 1223 88 1257 ad
100 1222 208 1266 episcopum
218 1221 314 1256 cuiuslibet
325 1221 405 1256 ciuitatis
414 1232 449 1266 per
459 1221 545 1265 angeium
557 1232 611 1255 suum
622 1221 698 1257 mittens
709 1222 767 1257 dixit:

66 1274 117 1309 ‘Nisi
132 1280 208 1320 uterque
227 1274 319 1309 exercitus
334 1274 405 1308 vultum
423 1274 481 1309 saneti
497 1274 532 1308 viri
551 1285 612 1317 nuper
630 1286 654 1309 ex
673 1274 767 1309 Britannia
777 1290 796 1312 πο

66 1327 181 1362 aduenientis
198 1326 269 1368 viderit,
288 1336 342 1370 reges
360 1326 440 1360 maliuoli
458 1325 561 1361 adiutricem
583 1336 677 1370 nunquam
700 1326 768 1371 placari

66 1380 154 1424 possunt!
178 1379 241 1414 Missis
255 1379 317 1414 statim
332 1379 402 1422 legatis,
414 1379 513 1413 Paternum
527 1378 627 1412 honorifice
641 1379 736 1420 aduncant,
750 1387 768 1415 et

66 1438 167 1468 conuocato
182 1432 269 1473 exercitu,
284 1432 374 1466 Paternus
389 1432 408 1466 in
423 1432 485 1466 medio
500 1432 589 1466 statuitur.
618 1432 642 1466 Et
655 1443 700 1467 ecce
711 1433 769 1478 gratia

66 1487 127 1520 vultus
146 1486 186 1520 eius
203 1484 315 1530 propulsatis
330 1485 405 1529 penitus
420 1495 485 1529 regum
500 1484 601 1528 discordiis,
617 1485 665 1520 inter
679 1491 768 1531 utrasque

66 1539 171 1583 prouincias
189 1549 227 1583 pax
242 1543 260 1573 et
274 1538 335 1572 unitas
351 1542 440 1582 perpetua
458 1538 581 1579 confirmatur,
600 1538 636 1572 hiis
654 1543 716 1573 autem
734 1540 769 1575 rite
778 1553 797 1584 ¹5

66 1592 147 1636 peractis
160 1602 225 1626 omnes
237 1591 290 1636 quasi
302 1602 339 1625 vno
353 1602 385 1625 ore
397 1592 452 1625 deum
465 1591 485 1625 in
498 1601 553 1626 seruo
568 1601 602 1625 suo
618 1592 697 1626 Paterno
713 1593 768 1627 bene·

67 1645 135 1679 dicunt.
158 1645 249 1679 Paternus
259 1644 320 1688 itaque
327 1643 417 1678 valedicto
427 1648 485 1687 patre,
496 1643 609 1678 Britanniam
619 1644 663 1678 adiit
673 1649 691 1679 et
701 1644 769 1679 fratres

67 1698 169 1731 incolumes
186 1697 261 1731 inuenit.
284 1697 336 1730 Inter
350 1706 396 1740 quos
411 1696 564 1740 Nymanuaucum
579 1696 671 1740 quendam
689 1697 770 1740 nomine,

68 1760 129 1795 nuper
137 1750 267 1784 aduenientem
276 1749 362 1793 repperit,
371 1748 428 1792 quiin
438 1748 504 1783 Minori
513 1748 608 1783 Britannia
616 1755 658 1793 post
669 1750 768 1784 Paternum

68 1803 131 1837 viuere
146 1813 183 1837 non
198 1802 262 1837 valens
277 1803 300 1837 ad
315 1802 366 1837 littus
379 1801 435 1836 maris
450 1801 500 1836 venit
516 1807 533 1837 et
549 1803 641 1846 quandam
656 1809 727 1847 petram
743 1804 770 1839 in·
779 1813 799 1844 ao

68 1852 145 1891 ueniens
164 1867 221 1900 super
239 1866 280 1890 eam
299 1855 349 1889 stetit
364 1859 383 1889 et
397 1854 434 1888 ait:
455 1854 485 1888 ‘Si
500 1855 575 1889 domino
590 1856 624 1889 deo
641 1862 685 1891 sunt
703 1857 770 1901 placita

69 1920 105 1952 que
116 1908 199 1950 meditor,
211 1914 229 1943 et
239 1909 254 1942 si
266 1919 309 1943 vere
321 1913 395 1941 sanctus
406 1913 434 1941 est
446 1907 537 1941 Paternus
547 1908 577 1941 ille
590 1918 645 1950 quem
656 1909 709 1951 sequi
721 1910 769 1950 volo,

69 1965 131 2005 surgat
139 1965 191 2005 petra
198 1965 216 1994 et
225 1969 281 2003 super
291 1969 359 2003 equora
370 1964 426 2001 natet,
434 1958 536 1993 solidentur
543 1959 596 1998 vnde,
605 1961 682 1994 obduret
692 1962 770 2006 pelagus

69 2024 93 2048 ne
104 2013 184 2058 lapidem
196 2019 272 2058 mergat,
283 2018 301 2046 et
312 2013 335 2046 ad
348 2019 432 2046 sanctum
445 2012 543 2046 Paternum
554 2011 651 2047 incolumis
661 2013 740 2049 vehar':
752 2020 771 2049 et

70 2077 113 2101 ecce
121 2066 181 2101 dicto⁷
193 2066 245 2101 citius
253 2066 300 2111 lapis
308 2075 365 2110 super
372 2065 431 2099 undas
443 2065 499 2099 maris
507 2065 594 2100 velociter
601 2075 684 2109 currens,
692 2066 772 2103 mirabili
780 2075 800 2107 35

69 2120 143 2164 nauigio
157 2131 216 2164 usque
231 2120 255 2154 ad
270 2119 401 2154 monasterium
415 2118 450 2153 viri
466 2118 495 2152 dei
510 2118 572 2163 ipsum
587 2120 697 2155 transduxit.
718 2121 772 2157 Tunc

71 2172 160 2208 Paternus
175 2173 286 2208 monasteria
301 2178 319 2207 et
334 2172 421 2207 ecclesias
434 2182 468 2216 per
479 2176 537 2206 totam
550 2172 655 2208 Kereticam
670 2174 772 2218 regionem,

70 2236 106 2270 que
114 2236 163 2261 nunc
171 2225 323 2270 Cardiganshire⁸
330 2224 438 2270 appellatur,
444 2224 541 2259 edificauit.
586 2217 661 2261 Interea
668 2227 773 2273 Mailgunus
820 2268 822 2272 .

71 2288 105 2313 rex
117 2279 217 2313 Borialium
229 2279 331 2320 Britonum,
342 2279 365 2312 ad
377 2278 496 2312 debellandos
507 2284 526 2313 et
537 2280 667 2323 depredandos
675 2280 773 2316 Australes

71 2330 156 2366 Britones
171 2342 213 2365 cum
228 2342 262 2366 suo
277 2331 360 2366 exercitu
374 2331 436 2365 venit:
453 2336 471 2365 et
486 2331 573 2375 quoniam
586 2342 662 2376 semper
674 2338 773 2378 temptator
780 2343 801 2374 40

71 2390 110 2419 erat
125 2389 237 2427 sanctorum,
252 2385 299 2420 duos
314 2384 418 2431 predones⁹
431 2395 452 2420 se
467 2385 568 2431 precedere
583 2385 641 2429 iussit,
654 2392 674 2422 vt
689 2392 773 2424 sanctum

91 2496 96 2513 ¹
107 2496 126 2526 T.
134 2496 187 2526 horas.
258 2494 265 2513 ²
275 2495 316 2526 Boll.
324 2500 392 2526 coactus.
412 2496 447 2525 The
455 2496 502 2526 other
509 2498 554 2526 three
561 2497 623 2526 leaders
630 2508 657 2527 ere
664 2498 715 2527 called
722 2499 737 2527 in
746 2499 773 2528 the

71 2534 118 2566 Vita:
128 2536 209 2572 Hetinlau,
217 2535 290 2571 Catman,
296 2536 379 2566 Titechon.
456 2536 462 2554 ³
472 2535 513 2565 Boll.
520 2537 592 2574 perfecit.
666 2538 672 2555 ⁴
683 2538 700 2567 E.
709 2539 773 2575 populo.

71 2573 78 2591 ⁵
87 2575 119 2605 Vit.
127 2575 218 2612 hlauritana,
226 2575 250 2606 ie,
259 2575 416 2612 Llanbadarn-Fawr,
424 2584 464 2605 near
469 2575 584 2613 Aberystwith.
658 2577 665 2595 ⁴
674 2576 705 2607 Vit.
712 2581 774 2614 patrem

72 2614 130 2652 visitat,
138 2616 205 2644 invicem
212 2615 303 2645 resalutant
324 2614 412 2645 'Edicta
432 2614 611 2654 ¹T.Cardiganschire.
634 2616 774 2654 'Vitprecoues
797 2652 799 2655 ¹

408 2674 438 2698 Η
