1762 2803
257 99 303 155 vt
317 98 417 153 &aneto
433 99 561 161 machoro.
716 114 755 160 151

56 223 131 270 proficit,
139 222 155 257 si
163 221 217 257 suerit
225 228 287 257 mente
294 224 401 266 corruptus?
423 223 558 266 Aequieseente
567 222 649 266 magistri
657 222 758 257 rationibus

57 277 136 316 Macuto,
144 284 167 308 ex
176 274 221 308 hora
229 284 264 318 qua
273 275 370 319 episcopus
378 285 453 309 manum
461 286 514 309 suam
522 285 579 320 super
587 280 641 320 caput
649 273 689 310 eius
697 274 759 310 leuare

56 330 109 374 cepit,
117 327 158 363 alba
166 327 249 363 columba
257 339 314 373 super
322 329 415 373 scapulam
424 329 463 363 eius
471 330 566 364 dexteram
573 328 583 371 ¹,
591 339 649 374 vsque
659 330 682 363 ad
694 329 758 363 horam

56 394 91 428 qua
99 381 180 416 officium
188 382 315 426 compleretur,
324 382 347 416 ab
358 382 459 417 astantibus
469 382 509 417 visa
519 387 559 425 est;
570 387 589 416 et
599 382 658 417 officio
668 382 758 427 completo

56 438 74 470 in
87 434 150 479 speeie
163 434 211 478 ignis
224 445 266 469 cum
279 445 346 479 magna
361 436 442 470 claritate
454 435 533 470 euanuit.
556 435 600 470 Erat
611 435 661 469 enim
674 434 775 478 Macutus5

55 488 165 522 abstinentia
172 487 264 529 assiduus,
272 488 350 529 sobrius,
358 488 423 531 vigiliis
431 488 509 529 deditus,
516 487 642 530 predicatione
650 487 758 521 instantissi-

56 550 102 574 mus.
133 531 185 572 Inter
193 538 227 572 hec
235 543 296 573 autem
304 538 367 573 incidit
377 539 396 573 in
406 545 468 573 mente
474 538 572 579 Brendani,
580 538 660 572 insulam
666 539 757 582 quandam

55 591 110 626 maris
119 589 193 625 nomine
201 590 287 625 Ymmam
295 602 378 636 querere.
401 591 466 627 Parata
476 598 536 627 autem
546 602 600 634 naue,
608 603 649 626 cum
658 592 732 626 lllacuto
740 597 758 626 et

55 644 138 690 pluribus
145 643 230 678 fratribus
238 655 273 689 per
280 655 331 679 mare
339 645 425 689 nauigare
433 645 487 689 cepit.
510 644 593 690 Septimo
601 645 676 679 tandem
684 643 757 690 nauiga-

55 697 108 731 tionis
116 708 165 730 anno
173 697 196 731 ad
204 699 295 740 quandam
305 699 384 732 insulam
391 704 482 732 venerunt
493 698 512 731 in
522 708 559 742 qua
570 698 689 742 sepulchrum
699 698 757 741 quod·
767 709 786 730 ιο

55 751 97 785 dam
109 749 237 794 longissimum
252 755 296 785 erat.
319 750 371 785 Tunc
385 756 459 786 sanctus
475 750 585 786 Brendanus
600 750 635 785 ait:
651 750 678 785 ⁴0
693 756 758 785 sancte

56 804 133 842 Macute,
141 808 184 847 pete
192 815 203 838 a
211 803 285 839 domino
294 806 328 839 deo
336 810 398 846 tuo‚vt
406 805 524 840 resuscitetur
531 806 587 838 homo
595 805 625 848 qui
633 804 652 838 in
661 804 695 838 hoc
703 805 757 838 busto

54 856 124 900 positus
136 858 174 891 est!
196 857 230 891 Cui
241 857 283 891 ille:
297 857 349 891 ‘Non
360 868 400 901 ego,
409 858 442 892 sed
452 857 501 891 filius
511 857 541 891 dei
552 857 581 891 cui
593 857 658 899 seruio,
670 856 700 901 qui
712 857 756 890 dum

54 909 172 952 corporaliter
182 909 201 943 in
209 911 278 944 mundo
286 915 341 950 esset,
350 910 440 944 Lazarum
448 910 472 944 de
480 917 599 944 monumento
611 909 755 954 quadriduanum

54 961 90 996 iam
98 961 187 996 fetentem
195 962 296 1004 suscitauit‚
304 964 345 1006 ipse
353 964 407 997 modo
418 963 437 997 in
449 963 489 997 celo
497 962 615 1007 spiritualiter
623 964 697 1003 sedens,
707 963 756 996 hunc
766 975 784 1004 15

54 1016 77 1049 de
84 1015 182 1058 sepulchro
190 1014 225 1049 isto
233 1016 340 1051 resuscitet:
355 1015 379 1050 Et
387 1026 428 1050 eum
436 1015 471 1050 hoc
478 1014 561 1056 dixisset,
568 1025 610 1050 ecce
618 1020 667 1049 totus
675 1014 756 1049 tumulus

54 1073 156 1102 commotus
168 1072 202 1110 est,
214 1073 232 1103 et
243 1068 295 1111 quasi
307 1068 363 1103 homo
374 1069 447 1112 quando
459 1068 482 1103 de
493 1078 573 1112 sompno
584 1066 647 1111 surgit,
655 1068 686 1108 sie,
694 1067 756 1101 anima

54 1119 93 1154 eius
101 1119 120 1154 in
127 1130 170 1155 eum
178 1119 263 1163 intrante,
271 1120 324 1157 viuus
332 1120 417 1157 surrexit.
440 1121 479 1156 lllis
488 1126 550 1156 autem
560 1121 715 1165 interrogantibus
725 1120 755 1156 vbi

53 1173 122 1216 suisset,
134 1180 165 1209 aut
177 1175 212 1210 sub
224 1185 260 1220 qua
271 1176 312 1220 lege
324 1175 412 1218 vixisset·,
423 1175 442 1210 in
458 1186 507 1220 pena
518 1185 539 1210 se
551 1174 614 1216 fuisse,
626 1174 755 1219 gentiliterque

54 1227 122 1261 vixisse
133 1227 224 1263 indicauit.
248 1229 372 1270 Querentibus
383 1240 451 1264 nomen
463 1229 508 1270 eius,
516 1228 551 1262 sibi
562 1238 630 1262 nornen
642 1228 700 1262 Mildu
712 1238 783 1262 esseio

53 1280 102 1314 dixit.
126 1280 149 1314 Et
157 1291 199 1314 cum
207 1282 241 1314 hoc
251 1281 333 1323 dixisset,
344 1289 407 1316 sancto
419 1282 491 1315 Macuto
501 1281 537 1315 ait:
549 1281 598 1314 ‘Ora
606 1291 640 1323 pro
648 1290 683 1320 me,
691 1286 755 1323 pastor

53 1331 111 1366 bone:
129 1333 171 1376 quia
186 1334 241 1367 credo
257 1345 291 1378 per
305 1339 357 1368 tuum
372 1345 403 1368 me
418 1334 518 1368 aduentum
533 1333 605 1368 saluari.
628 1332 704 1376 Baptiza
718 1343 755 1374 me,

53 1385 123 1419 redime
135 1396 175 1427 me;
188 1391 206 1420 et
218 1386 306 1420 miserere
318 1387 365 1420 mei!
388 1386 440 1420 Tunc
455 1386 539 1420 Macutus
551 1384 643 1428 baptizato
656 1395 684 1425 eo,
696 1385 754 1419 dixit:

54 1437 117 1471 ‘Nosti
132 1437 211 1473 insulam
224 1438 316 1480 Ymmam,
327 1449 382 1484 quam
398 1439 453 1483 longo
468 1438 504 1473 iam
520 1444 603 1484 tempore
619 1437 754 1483 quesiuimust’

53 1490 172 1532 ‘Ambulans‚
179 1491 243 1535 inquit,
250 1492 282 1526 vix
293 1503 329 1527 vna
340 1493 380 1527 vice
391 1492 434 1533 vidi,
442 1493 476 1526 sed
486 1498 554 1526 ventus
565 1491 689 1526 validissimus
700 1498 754 1535 atque
764 1503 782 1533 ²5

52 1547 197 1587 tempestuosum
208 1555 259 1579 mare
269 1555 299 1579 me
309 1546 332 1579 ab
343 1545 374 1580 illa
384 1545 527 1589 separaremur?
550 1544 602 1578 Tunc
613 1555 678 1578 omnes
690 1550 754 1588 rogant

53 1594 102 1630 illurn
112 1602 132 1631 vt
142 1596 177 1631 iret
188 1598 275 1632 cumillis
286 1599 309 1632 ad
320 1609 366 1632 eam.
389 1598 422 1632 Ille
432 1598 532 1631 anchoram
543 1596 562 1631 in
574 1607 629 1631 manu
641 1602 713 1638 tenens
721 1607 755 1641 per

52 1649 163 1691 profundum
171 1651 227 1684 maris
235 1662 302 1685 nauem
306 1651 397 1695 preuenit.
413 1650 482 1694 illoque
488 1661 525 1684 non
532 1651 604 1685 valente
610 1650 659 1684 illam
664 1649 754 1691 inuenire,

52 1707 106 1735 vento
113 1703 226 1736 validissimo
234 1703 315 1737 irruente
323 1703 403 1737 maxima
410 1703 489 1747 quedam
498 1703 553 1735 corda
564 1702 645 1736 anchore
653 1702 727 1745 alligata
735 1702 754 1736 in

52 1762 106 1787 manu
115 1754 155 1789 eius
165 1755 221 1790 tracta
233 1761 267 1790 est.
289 1756 385 1791 Venerunt
395 1766 439 1800 ergo
447 1756 514 1789 iteruin
524 1764 565 1789 cum
577 1755 607 1789 illo
618 1755 641 1789 ad
653 1755 714 1789 locum
722 1754 753 1789 vbi
763 1767 783 1796 go

52 1804 161 1843 inuenerunt
174 1818 222 1849 eum,
235 1814 252 1842 et
265 1807 340 1853 [denuo]
352 1812 443 1843 mortuum
458 1807 477 1843 in
493 1818 527 1842 suo
541 1808 611 1842 tumulo
626 1813 754 1852 reposuerunt.

53 1850 103 1894 Cum
115 1865 176 1895 autern
186 1861 205 1895 in
216 1861 246 1895 illo
256 1861 322 1896 itinere
334 1862 405 1895 cuidam
416 1861 477 1895 insule
487 1861 656 1905 appropinquantes
666 1871 715 1904 pene
723 1860 753 1895 siti

52 1912 156 1956 deficerent,
165 1914 216 1948 iussu
223 1914 315 1949 Brendani
324 1914 408 1948 Macutus
415 1919 511 1958 assumpto
518 1924 562 1948 vase
571 1924 606 1957 per
616 1912 701 1947 semitam
711 1923 753 1958 par·

52 1965 112 1999 uulam
120 1978 205 2011 pergens,
213 1965 282 2001 sonte'm
290 1968 376 2010 repperit.
399 1967 422 2000 Et
430 1977 471 1999 cum
479 1966 537 1999 semel
546 1971 564 1999 et
573 1965 639 1999 iterum
649 1976 715 2008 aquam
726 1965 753 1998 ori

52 2023 154 2059 porrectam
166 2029 200 2062 pre
211 2018 342 2053 amaritudine·z
355 2023 429 2063 gustare
445 2028 481 2052 non
496 2017 572 2055 valeret.
588 2017 684 2051 benedicto
702 2017 753 2053 sonte
762 2030 780 2062 ³5

52 2080 117 2114 aquam
126 2073 254 2107 suauissimam
262 2072 327 2114 hausit,
335 2078 353 2106 et
361 2073 432 2107 invase
440 2081 503 2106 secum
513 2071 576 2105 attulit.
600 2071 641 2113 Qua
648 2081 659 2105 a
667 2070 753 2106 iratribus

52 2130 128 2168 gustata,
144 2131 162 2160 et
177 2126 262 2160 omnibus
280 2126 332 2170 quasi
347 2125 387 2159 cibo
402 2130 421 2159 et
435 2129 479 2169 potu
498 2123 576 2167 resectis,
591 2124 660 2158 nullam
679 2123 754 2160 omnino

52 2176 190 2214 diminutionem
201 2179 270 2224 limpha
282 2179 312 2213 illa
322 2179 375 2213 allata
386 2177 478 2213 sustinuit.
524 2171 563 2213 Die
573 2188 618 2212 vero
628 2178 702 2221 pasche,
711 2189 753 2212 cum

53 2228 137 2266 Macutus
144 2232 163 2266 in
171 2234 250 2276 quadam
260 2233 331 2266 modica
342 2232 402 2265 insula
412 2231 489 2265 missam
500 2231 606 2270 celebraret,
614 2236 717 2265 commotus
725 2236 754 2265 est

51 2280 112 2319 locus:
125 2289 143 2319 et
154 2296 220 2320 omnes
230 2285 334 2320 tremefacti
343 2295 380 2319 vna
388 2294 434 2318 voce
445 2283 543 2319 dixerunt:
555 2283 583 2317 ‘O
595 2283 699 2325 Brendane,
711 2294 754 2319 ecee
762 2294 782 2326 4⁰

52 2345 115 2371 omnes
123 2339 216 2381 perimus.¹
239 2338 291 2371 Tunc
299 2338 330 2371 ille
337 2337 374 2370 ait:
386 2336 413 2369 ‘O
420 2341 484 2370 sancte
493 2336 571 2378 Macute,
579 2347 622 2370 ecce
631 2335 726 2370 diabolus³
732 2347 753 2370 se

51 2390 220 2433 transfigurauit,vt
232 2391 299 2426 multos
310 2391 329 2424 in
341 2389 434 2424 interitum
446 2389 510 2422 ducat!
533 2388 556 2423 Et
568 2388 610 2423 ille:
622 2388 650 2422 ‘O
661 2388 754 2430 magister,

52 2448 113 2476 nonne
125 2443 165 2478 aliis
180 2453 210 2478 me
223 2443 308 2478 audiente
321 2441 419 2488 predicasti
432 2441 480 2485 quod
493 2442 586 2486 quondam
600 2440 644 2476 Ione
656 2441 753 2485 prophete,

50 2514 75 2585 V‘:
86 2516 104 2586 Pdl.
112 2518 183 2556 dextera,
190 2518 209 2550 T.
217 2518 293 2549 dextram.
326 2518 333 2537 ²
343 2517 361 2548 E.
368 2516 492 2547 amaritudinem.
529 2516 536 2534 ³
547 2516 565 2547 E.
572 2515 653 2553 diabolus3
662 2515 681 2545 T.
688 2516 754 2551 domus3

64 2565 80 2583 1.
99 2567 156 2589 usmus.
