1762 2803
107 140 122 180 4
300 125 380 177 rauca
396 123 512 184 tantuna
527 122 620 184 acatia.

109 246 192 280 extendit
198 245 341 288 calciamentum,
347 256 390 279 suos
395 245 479 280 videlicet
487 245 562 279 mittens
568 244 693 288 predicatores
699 243 718 277 in
724 243 772 277 hunc
780 254 812 277 ex-

109 306 189 333 tremum
197 300 247 333 orbis
255 300 347 344 angulum,
355 299 386 342 qui
394 298 482 343 populum
490 297 588 342 gentilibus
596 296 709 341 implicatum
720 295 813 331 erroribus

109 354 133 387 ad
143 353 193 388 viam
204 352 285 387 veritatis
296 353 409 393 reducerent,
420 356 474 395 atque
485 351 546 395 ipsum
558 349 658 384 Saluatoris
670 360 781 391 sermonem,
793 349 812 383 in

110 406 242 449 Apostolorum
254 404 331 437 Actibus
345 403 459 447 inscriptum,
471 403 554 437 deuotius
565 403 668 447 implerent,
679 403 710 436 vbi
723 403 758 435 ait:
779 403 813 435 ‘Et

94 473 102 501 5
111 457 161 492 eritis
169 456 224 491 michi
231 461 289 490 testes
296 456 315 490 in
324 455 380 489 ludea
387 460 406 490 et
414 455 519 499 Ierusalem,
528 460 546 490 et
553 466 611 500 vsque
619 456 642 489 ad
649 454 733 490 vltimum
741 460 790 488 terre
795 455 813 497 ¹,'

110 509 205 555 presciens
213 509 280 553 vtique,
288 509 337 554 quod
345 513 409 553 postea
416 513 445 543 est
452 509 554 554 impletum,
563 509 649 553 quoniam
657 509 724 543 multus
736 507 753 542 ei
764 512 813 543 esset

110 563 189 608 populus
200 563 219 596 in
231 562 265 595 ista
273 562 364 607 regione²¹

132 617 205 659 Quante
219 615 288 651 etenim
303 620 346 650 sunt
361 615 473 660 anglicorum
484 616 537 650 turbe
549 621 659 656 sanctorum,
671 626 726 659 quam
741 616 813 659 magnis

110 670 189 703 floruere
200 669 303 711 virtutibus,
311 668 420 712 quantisque
431 668 564 703 choruscauere
578 668 676 711 miraculis,
689 668 769 713 optimus
779 668 814 702 erit

84 737 102 757 10
111 722 166 755 iudex
174 722 220 756 liber
227 722 348 766 subsequens,
357 722 382 756 ita
391 727 411 756 vt
422 721 484 765 ipsum
496 721 549 755 huius
561 727 623 756 nostre
635 720 694 765 patrie
705 721 814 756 vocabulum

111 774 139 810 sui
147 774 212 809 merito
220 774 317 809 sortiatur¹
325 774 405 809 nominis
413 774 498 809 effectum
502 774 514 808 ⁴.

133 829 201 872 Anglia
216 839 300 872 namque,
316 830 417 862 secundum
432 829 547 872 quorundam
562 827 695 870 diffinitionem,
711 827 777 861 dicitur
791 829 814 862 ab

111 883 155 924 ‘en,’
165 882 213 925 quod
225 886 254 914 est
262 880 301 924 ‘in,'
310 886 328 915 et
336 881 404 922 ‘cleos'
413 881 461 925 quod
473 886 501 914 est
509 879 586 923 ‘gloria’
595 880 647 924 quasi
657 880 715 913 ‘intus
726 880 815 924 gloriosa,’

112 945 146 969 nee
161 933 253 969 immerito
268 934 348 978 quidem.
378 934 463 977 Namque
478 933 550 968 tametsi
568 933 650 968 exterius
666 944 738 977 quoque
753 933 815 968 multis

85 1003 103 1033 15
112 987 221 1032 magnisque
236 989 314 1031 gaudeat
328 986 454 1031 prerogatiuis,
470 987 625 1030 quemadmodum
643 986 662 1020 in
681 992 768 1030 promptu
787 991 815 1021 cst

112 1041 180 1084 videre,
188 1046 251 1085 vtputa
258 1040 277 1074 in
285 1052 371 1085 agrorum
383 1052 404 1075 ac
415 1044 498 1085 segetum
506 1039 620 1083 fecunditate,
628 1040 647 1074 in
655 1040 696 1075 lane
704 1051 815 1085 pannorum-

113 1105 149 1138 que
160 1093 316 1136 immensitatem
328 1099 429 1137 pratorum,
438 1093 536 1128 fluuiorum
541 1093 553 1136 ⁵,
561 1104 582 1127 ac
594 1094 672 1128 fontium
684 1095 788 1137 amenitate,
796 1095 815 1128 in

112 1147 211 1187 ciuitatum,
219 1147 308 1188 villarum,
316 1151 423 1188 castrorum,
432 1147 581 1189 edificiorumque
593 1147 687 1189 multiplici
697 1148 786 1181 varietate
797 1152 816 1180 et

112 1197 239 1243 pulcritudine,
247 1198 266 1231 in
274 1198 332 1243 ipsius
340 1198 419 1243 denique
426 1198 487 1243 gentis
494 1199 556 1233 vultus
564 1204 582 1232 et
589 1199 662 1232 habitus
669 1199 716 1233 miro
724 1198 815 1243 angelico-

86 1268 104 1289 20
113 1263 148 1297 que
162 1253 261 1296 splendore
274 1257 292 1287 et
307 1252 425 1295 formositate,
439 1252 531 1296 animique
546 1253 621 1286 audacia
636 1257 655 1287 et
670 1253 782 1293 strenuitate,
795 1263 816 1287 ac

113 1304 179 1338 ceteris
197 1305 300 1338 innumeris
319 1305 399 1339 terrenis
417 1305 581 1346 commoditatibus,
600 1305 619 1338 in
639 1305 705 1348 quibus
725 1305 816 1347 omnibus,

113 1359 182 1401 absque
194 1369 215 1391 eo
227 1358 276 1401 quod
288 1358 397 1391 intrinsecus
410 1359 458 1400 latet,
470 1359 553 1392 eiusdem
565 1359 671 1402 resplendet
684 1358 786 1402 pulcritudo
798 1364 816 1392 et

113 1412 180 1455 gloria;
200 1412 254 1454 longe
269 1416 331 1445 tamen
346 1411 435 1445 illustrius
448 1417 466 1445 et
481 1411 590 1455 gloriosius¹
606 1411 645 1445 eius
660 1411 728 1446 relucet
744 1411 816 1446 claritas

114 1464 237 1508 spiritalisque
249 1464 335 1498 maiestas
348 1475 371 1497 ex
382 1470 491 1505 sanctorum,
500 1464 559 1508 quiin
569 1475 591 1498 ea
603 1465 709 1506 floruerunt,
719 1464 817 1499 virtutibus

88 1533 106 1562 ²5
115 1522 133 1550 et
142 1516 239 1560 exemplis,
247 1516 283 1560 qui,
295 1522 382 1560 tanquam
393 1517 455 1550 sidera
466 1527 539 1560 queque
551 1516 647 1558 rutilantia,
658 1518 816 1552 tenebrescentem

115 1569 205 1603 mundum
216 1569 254 1602 suis
266 1568 390 1602 illuminarent
402 1569 463 1610 radiis,
471 1570 555 1612 claraque
567 1569 607 1603 luce
619 1569 679 1603 cuncti
690 1570 816 1613 perspicerent

115 1622 164 1665 quod
172 1632 209 1655 non
218 1621 241 1655 sit
249 1623 379 1664 ‘personarum
387 1627 471 1665 acceptor
479 1624 529 1663 deus,
538 1622 570 1655 sed
578 1621 597 1656 in
605 1622 655 1656 omni
663 1628 718 1664 gente
727 1623 757 1665 qui
765 1622 817 1657 timet

115 1675 171 1709 deum
179 1679 197 1708 et
205 1678 292 1717 operatur
299 1674 394 1716 iusticiam,
403 1679 488 1718 acceptus
497 1679 525 1709 est
533 1674 558 1708 illi
564 1674 580 1708 ⁷.'

138 1727 205 1760 Nostre
217 1726 277 1769 itaque
291 1727 379 1760 memorie
392 1728 497 1760 reducenda
510 1732 553 1760 sunt
564 1738 619 1761 aurea
630 1727 661 1760 illa
672 1731 761 1771 tempora,
774 1739 816 1762 eum

88 1796 107 1825 30
115 1780 175 1824 primo
186 1779 205 1813 in
219 1780 252 1814 hac
266 1785 329 1814 nostra
342 1780 427 1824 regione¹
438 1780 485 1815 fides
497 1780 590 1824 adoleuit⁹‚
598 1786 687 1825 quantum
700 1781 719 1815 in
730 1781 815 1816 omnibus

115 1832 171 1876 viguit
183 1832 268 1866 cristiane
280 1832 373 1876 religionis
384 1834 451 1874 feruor,
463 1834 571 1867 currebatur
581 1833 650 1877 passim
661 1834 684 1867 ab
696 1834 781 1867 omnibus
792 1837 815 1870 ad

115 1886 145 1921 dei
153 1886 227 1927 cultum,
233 1896 267 1920 nec
275 1886 346 1920 felicem
354 1897 375 1920 se
383 1886 474 1931 quispiam
482 1886 579 1928 estimauit,
587 1886 622 1921 nisi
630 1891 660 1920 aut
668 1887 723 1931 longo
731 1887 816 1924 diuturne

115 1939 224 1983 penitencie,
233 1945 263 1973 aut
275 1946 325 1974 certo
336 1940 391 1983 gladii
402 1940 489 1975 seuientis
501 1940 552 1975 breui
564 1940 656 1984 martyrio,
664 1940 720 1976 vitam
732 1953 817 1977 consum-

116 1996 175 2026 maret
180 1992 198 2026 10.
221 1992 284 2026 Effusa
289 1998 317 2026 est
322 1993 341 2025 in
348 2004 414 2027 omnes
419 1993 556 2028 diuinevirtutis
561 1993 680 2035 abundancia,
687 1995 817 2039 sicutvnguen-

88 2056 107 2086 35
116 2051 155 2079 tum
167 2044 186 2078 in
198 2044 262 2088 capite,
274 2046 323 2089 quod
335 2046 430 2080 descendit
443 2046 463 2080 in
474 2047 549 2081 barbam
561 2046 629 2089 Aaron,
641 2048 758 2082 descendens
769 2053 787 2082 et
799 2049 818 2082 in

116 2108 168 2131 oram
175 2098 280 2131 vestimenti
287 2098 326 2132 eius
332 2098 349 2131 ¹¹.

138 2151 256 2194 Vuguentum
264 2151 313 2184 enim
321 2151 340 2184 in
348 2152 407 2195 capite
415 2152 608 2196 superhabundantem
616 2152 694 2186 dixerim
703 2153 732 2186 dei
742 2154 818 2197 gratiam

115 2204 234 2246 insuperiori
245 2209 346 2247 potestate;
360 2216 396 2248 que
406 2211 449 2239 tunc
457 2206 475 2239 in
484 2207 560 2240 barbam
568 2206 631 2240 Aaron
639 2206 740 2248 descendit,
748 2218 790 2242 cum
800 2214 819 2243 et

116 2257 136 2290 in
149 2256 194 2290 alios
208 2257 278 2290 nobiles
291 2268 363 2291 summo
374 2259 438 2301 gradui
449 2258 527 2292 vicinius
538 2259 649 2292 adherentes
663 2258 703 2300 ipsa
716 2261 819 2304 eademque

89 2321 108 2349 40
117 2308 147 2343 dei
154 2308 212 2352 gratia
220 2321 261 2343 sese
270 2309 356 2352 infundit;
368 2322 404 2355 que
411 2310 465 2345 etiam
473 2310 492 2345 in
500 2323 551 2345 oram
559 2309 664 2345 vestimenti
672 2310 740 2353 defluit,
745 2314 819 2356 quando

117 2362 208 2396 inferioris
214 2363 274 2406 plebis
280 2369 352 2398 mentes
360 2365 422 2409 tangit.
441 2365 560 2408 Vnguentum
568 2365 636 2408 quippe
644 2363 663 2396 in
671 2364 730 2408 capite
741 2366 820 2401 effusum

72 2424 75 2429 '
118 2422 151 2457 est,
157 2417 199 2458 quia
203 2422 264 2449 tantus
269 2423 308 2450 erat
315 2428 379 2461 regum
387 2424 405 2451 et
413 2418 518 2462 principum
526 2419 587 2451 feruor
594 2417 693 2460 religionis,
699 2424 718 2452 vt
723 2419 819 2454 uniuersos

138 2504 144 2522 ¹
155 2503 190 2534 Act.
197 2505 206 2534 i.
214 2506 228 2534 8.
302 2506 308 2524 ²
317 2506 352 2536 Act.
360 2507 402 2537 xviii.
411 2517 434 2537 10.
511 2507 516 2524 ¹
527 2507 545 2537 E.
553 2507 625 2537 sociatur.
699 2508 705 2525 ⁴
716 2509 734 2538 E.
743 2509 820 2540 affectum,

117 2544 151 2574 ὗΕ.
159 2544 227 2573 fluuium.
267 2544 301 2576 ὅΕ.
309 2547 391 2585 gloriosus.
418 2546 424 2564 ‘¹
435 2547 469 2576 Act.
477 2556 492 2577 n.
500 2556 524 2585 35.
555 2546 677 2584 ⁸E,religione.
709 2548 820 2579 ⁹E.adolent.

118 2583 129 2602 ¹⁰
139 2584 157 2615 Ε.
166 2588 275 2613 consummrel.
336 2585 348 2603 ¹¹
360 2586 385 2615 Ps.
392 2587 451 2615 cxxxii.
460 2596 473 2615 2.
