1762 2803
242 123 288 179 Dr
303 121 403 176 &cotto
419 123 513 177 tutata.
692 132 736 178 217

36 245 83 280 iuste
90 243 170 279 viuendo
180 242 227 278 meis
237 241 318 278 consiliis
327 243 438 288 acquiescas.
461 241 482 278 Si
492 241 547 287 igitur
558 239 674 282 continentie,
681 239 738 285 pacis,

36 298 109 343 pietatis
117 304 136 331 et
143 297 247 332 innocentie
255 302 334 331 sectator
343 297 405 340 fueris,
413 307 434 331 ac
443 295 529 341 exemplo
540 300 583 331 ante
594 299 612 329 te
622 293 738 339 regnantium

35 358 108 397 patrum
114 352 167 387 totius
173 351 264 386 emulator
269 350 366 394 iusticie,in
372 350 417 386 solio
424 350 480 395 regali
486 355 528 395 post
533 348 626 384 modicum
632 347 738 382 restitueris.

36 406 59 440 Et
71 416 95 439 ne
106 404 196 439 visionem
207 405 254 439 hanc
266 404 365 439 illusoriam
377 403 476 445 arbitreris,
486 414 520 448 ego
531 413 573 437 sum
584 402 615 436 ille
627 401 697 436 Neotus
708 400 738 435 dei

36 459 94 493 cultor
101 464 120 492 et
127 458 202 499 amicus,
210 458 241 502 qui
248 458 284 492 tuis
295 457 420 501 exigentibus¹
430 457 488 500 culpis
499 457 533 490 hos
543 455 635 489 infortunii
646 465 699 488 casus
706 453 739 487 tibi
748 465 756 495 5

36 512 106 545 futuros
114 510 197 554 precinui
202 510 214 545 ².
235 510 314 554 Semper
323 515 384 544 tamen
392 509 418 543 tui
426 519 498 543 memor
506 507 639 552 incom[m]odi,
644 515 738 550 nunquam

35 573 70 607 pro
82 567 100 597 te
111 561 217 597 dominum³
226 563 342 607 interpellare
352 563 418 606 quieui.
441 562 492 596 Deus
503 566 565 596 autem
577 560 596 594 in
607 559 678 594 modico
687 558 739 603 quasi

36 615 133 660 dereliquit
145 622 168 658 te,
179 621 198 651 vt
209 615 229 650 in
240 616 388 651 miserationibus
399 616 438 649 suis
451 619 533 650 assumat
545 619 568 649 te.
591 613 633 648 Non
645 613 704 647 solum
715 614 739 647 de

36 669 125 704 tirannica
142 669 192 704 rabie
206 669 315 705 victoriosus
330 668 456 714 triumphabis,
472 669 505 703 sed
524 673 543 702 et
560 666 621 712 ipsum
640 667 739 709 tirannum,

37 722 154 757 christianum
171 723 262 764 effectum,
277 723 350 758 Christo
364 721 473 767 assignabis,
488 727 506 756 et
522 720 609 756 vniuersa
626 720 666 755 eius
682 730 739 763 arma,
749 731 768 754 ιο

36 776 55 809 in
63 775 130 819 quibus
140 777 248 817 confidebat,
256 776 348 817 auferens,
356 776 414 819 spolia
424 775 464 809 eius
472 781 491 809 vt
498 775 558 818 placet
566 774 670 807 distribues.
692 772 740 817 Sep-

36 828 81 862 tima
92 827 153 871 itaque
164 833 206 872 post
217 829 327 863 dominicam
337 827 491 862 resurrectionem
501 827 621 869 hebdomada,
629 831 740 871 congregato

36 885 100 915 contra
110 892 143 915 eos
151 881 237 922 exercitu,
245 893 276 916 me
287 883 352 926 preuio
363 881 451 926 gaudebis
463 886 480 916 et
492 885 600 925 protectore,
608 880 667 914 donec
678 877 740 914 omnia

37 945 72 978 que
80 934 167 978 polliceor
174 935 251 970 feliciter
259 935 406 980 compleantur⁴.’
429 934 471 969 Hiis
483 934 536 968 dictis
548 939 622 968 sanctus
633 933 699 967 iterum
711 943 740 967 re·

36 992 100 1031 ceptus
108 987 127 1021 in
135 987 193 1031 gloria
203 988 296 1032 disparuit.
342 980 392 1024 Cum
400 993 460 1022 autem
468 986 557 1022 Alfredus
567 998 600 1021 rex
610 985 767 1029 cumGuttrun15

36 1051 80 1084 rege
89 1040 184 1075 Dauorum
192 1051 213 1076 se
221 1047 294 1086 pararet
301 1042 324 1076 ad
331 1041 415 1086 prelium,
421 1052 464 1076 ecce
472 1040 490 1074 in
498 1046 552 1074 nocte
561 1039 650 1083 [sanctus]
656 1038 663 1058 ⁵
669 1038 740 1072 Neotus

36 1093 118 1135 angelica
133 1093 200 1136 specie,
215 1094 269 1127 niuea
284 1094 357 1135 canicie,
371 1093 453 1128 vestibus
468 1092 541 1136 fulgidis
556 1097 574 1126 et
589 1090 686 1125 odoriferis
700 1090 740 1135 regi

37 1144 114 1180 Alfredo
125 1144 221 1180 visibiliter
233 1146 322 1191 apparuit,
336 1156 386 1182 arma
401 1156 464 1181 secum
479 1145 567 1189 belligera
581 1144 674 1178 deserens.
697 1143 740 1178 Rex

37 1198 106 1243 quippe
114 1197 195 1234 solicitus
203 1210 223 1234 ac
232 1200 309 1234 deuotus
317 1200 375 1235 sancti
382 1199 494 1245 promissum
502 1199 601 1234 aduentum
609 1208 630 1232 ac
637 1196 739 1242 presidium

37 1251 162 1293 desiderabat3
174 1253 203 1286 cui
211 1258 229 1286 et
237 1253 272 1287 ait:
284 1254 379 1298 ‘Surgens
387 1252 429 1288 tolle
437 1262 503 1294 moras,
511 1252 534 1286 ad
543 1251 622 1295 palmam
630 1255 740 1295 preparatus
750 1263 768 1285 20

36 1304 116 1338 victorie.
139 1305 190 1339 Sicut
201 1306 251 1339 enim
262 1306 281 1339 in
294 1305 383 1350 angustiis
394 1304 513 1349 premonitor,
525 1304 552 1338 sic
564 1304 584 1337 in
597 1303 662 1337 itinere
675 1302 740 1338 nihilo·

37 1356 98 1391 minus
106 1362 148 1391 tuus
156 1369 188 1392 ero
196 1359 265 1392 ductor.
288 1358 342 1392 Nunc
353 1359 414 1402 igitur,
421 1363 441 1392 vt
452 1358 487 1392 viri
495 1358 552 1391 fortes
560 1362 577 1391 et
585 1357 608 1391 ad
616 1357 665 1390 bella
673 1356 740 1390 doctis·

37 1408 84 1452 simi,
97 1420 137 1444 cras
150 1411 270 1454 egrediemini
284 1416 302 1445 et
315 1411 401 1446 dominus
416 1410 451 1445 erit
465 1410 565 1444 vobiscum.
588 1409 679 1444 Dominus
690 1408 740 1443 enirn

37 1462 88 1496 fortis
100 1468 118 1496 et
129 1468 201 1506 potens,
209 1463 295 1497 dominus
306 1464 402 1508 potensin
414 1463 483 1508 preli03
495 1464 525 1508 qui
534 1463 564 1497 dat
572 1462 649 1498 salutem
661 1461 741 1507 regibus,

37 1525 71 1558 per
78 1525 108 1549 me
116 1515 204 1550 famulum
215 1527 269 1550 suurn
280 1522 343 1561 optato
352 1527 385 1551 vos
393 1517 485 1560 triumpho
493 1516 557 1550 ditabit
564 1526 606 1550 cum
614 1517 678 1549 salute.
701 1515 741 1558 Ego
750 1529 768 1559 ²5

38 1572 81 1600 ante
88 1578 121 1601 vos
129 1568 159 1601 ibo
169 1573 187 1602 et
197 1568 286 1613 gloriosos
296 1580 317 1603 ac
327 1570 417 1613 superbos
425 1568 530 1609 humiliabo,
538 1573 556 1603 et
563 1567 582 1602 in
591 1572 690 1611 conspectu
699 1577 741 1601 meo

38 1619 107 1654 inimici
114 1620 171 1656 vestri
182 1621 247 1657 cadent
258 1620 329 1666 gladio.¹
353 1621 456 1657 Commisso
466 1620 528 1667 itaque
539 1619 597 1667 prelio
607 1633 642 1656 rex
653 1620 742 1656 Alfredus

38 1677 121 1708 sanctum
133 1674 212 1709 Neotum
220 1674 304 1710 inimicos
312 1680 437 1710 conterentem
445 1681 463 1710 et
471 1674 543 1720 ineptos
551 1675 659 1710 reddentem
666 1674 711 1709 vidit
723 1680 741 1710 et

38 1727 118 1771 agnouit,
126 1732 144 1763 et
152 1727 204 1763 breui
212 1739 298 1764 sermone
306 1739 407 1764 conuersus
418 1729 441 1764 ad
452 1740 495 1764 suos
505 1729 524 1764 in
535 1729 569 1764 hec
580 1729 636 1763 verba
647 1728 741 1774 prorupit:

38 1781 193 1824 ‘commilitones
201 1782 264 1826 inquit,
273 1784 315 1824 mei,
327 1783 424 1817 bellatores
436 1782 498 1823 incliti,
506 1792 567 1816 noune
578 1782 644 1815 videtis
656 1791 698 1814 eurn
710 1781 741 1825 qui
750 1795 770 1823 3⁰

38 1838 111 1866 nostros
119 1833 182 1867 hostes
190 1834 291 1868 conterittr
314 1834 333 1868 Si
344 1845 400 1869 nosse
410 1834 524 1878 desideratis,
532 1834 572 1880 ipse
584 1839 612 1868 est
623 1832 742 1879 proculdubio

39 1884 108 1920 Neotus
121 1884 189 1920 Christi
204 1886 258 1920 miles
272 1886 408 1928 inuictissimus,
421 1897 455 1931 per
467 1898 522 1932 quem
537 1888 591 1922 hodie
605 1893 668 1931 presto
682 1886 741 1922 estin

38 1939 123 1972 manibus
134 1939 203 1973 uostris
214 1940 276 1983 palma
286 1940 371 1975 victorie!
394 1940 470 1974 Deuicto
481 1941 542 1985 itaque
553 1950 597 1985 rege
608 1939 678 1981 danico,
692 1945 710 1974 et
721 1938 740 1974 in

38 1991 77 2026 loco
85 1993 164 2037 quodam
172 2003 213 2027 eum
225 1991 263 2028 suis
275 1993 356 2035 obsesso,
365 2004 405 2027 cum
417 1993 491 2038 triginta
502 1992 610 2039 primatibus
622 1994 661 2028 suis
668 2004 690 2028 ac
701 1992 741 2028 aliis

38 2045 90 2090 quasi
98 2046 199 2081 innumeris
207 2046 277 2081 feritate
285 2047 369 2092 deposita
376 2046 472 2081 Alfredum
480 2057 544 2091 regem
552 2053 659 2081 mansuetus
667 2046 722 2083 adiuit
728 2047 741 2090 ⁷,
749 2061 768 2092 35

38 2105 56 2133 et
66 2099 85 2133 in
96 2100 132 2133 fide
140 2100 208 2133 Christi
216 2099 314 2134 instructus
321 2100 412 2145 baptisma
420 2100 506 2145 suscepit,
514 2105 532 2135 et
540 2111 582 2135 cum
590 2100 629 2136 suis
636 2101 660 2135 ad
667 2099 742 2146 propria

38 2153 96 2188 rediit.
120 2153 162 2188 Rex
173 2159 234 2189 autem
242 2154 335 2197 Alfredus,
346 2154 365 2189 in
377 2154 422 2189 solio
435 2155 495 2189 denuo
507 2154 564 2199 regali
577 2155 691 2197 sublimatus,
701 2166 742 2190 sec-

38 2209 93 2241 tando
100 2207 190 2241 iusticiam
198 2218 209 2240 a
216 2208 269 2251 culpa
276 2208 367 2249 ieiunauit,
375 2213 393 2240 et
400 2208 491 2251 reliquum
498 2209 536 2242 vite
543 2218 577 2242 sue
585 2214 659 2253 tempus
666 2208 741 2241 sanctis·

38 2258 90 2292 simis
97 2259 201 2293 venustauit
212 2259 331 2303 commerciis,
339 2260 369 2305 pie
380 2270 448 2304 regens
455 2261 490 2295 sub
498 2271 543 2305 rege
550 2259 633 2305 piissimo
644 2272 655 2296 a
666 2271 702 2306 quo
712 2259 742 2306 pie

38 2313 140 2358 regebatur.
163 2313 180 2347 Ο
191 2323 246 2357 quam
256 2313 287 2358 pia
298 2313 403 2355 recordatio,
415 2325 470 2358 quam
483 2316 581 2350 attollenda
592 2315 676 2357 laudatio,
687 2325 742 2359 quam
750 2327 770 2359 4⁰

38 2365 89 2408 pium
97 2371 125 2400 est
132 2366 190 2400 sancti
199 2366 251 2401 Neoti
260 2368 366 2411 preconium
374 2372 378 2402 t
401 2368 438 2402 Per
449 2378 492 2402 eum
499 2378 533 2403 rex
541 2368 559 2403 in
567 2368 634 2403 melius
642 2367 742 2412 corrigitur,

38 2418 56 2453 in
65 2431 142 2464 regnum
150 2420 255 2464 restituitur,
262 2421 351 2456 tirannica
360 2422 420 2456 rabies
430 2421 448 2456 in
459 2422 618 2456 mansuetudinem
626 2422 743 2466 conuertitur,

39 2474 201 2508 cultusdemonum
207 2479 310 2516 euacuatur,
315 2485 361 2519 grex
367 2467 742 2519 catholicusaugmentatur—’‘Venera-

58 2542 194 2573 ¹E.exientibus.
247 2543 364 2582 capucium.
420 2544 513 2575 ³E.deum.
568 2544 743 2584 ¹E.complaceantur.

39 2578 148 2619 ⁵soT.;om.
156 2583 172 2613 in
180 2584 198 2615 E.
228 2582 372 2617 ⁶E.conuerterit.
401 2583 508 2619 'aaudiat
542 2584 729 2625 'addedcttngutsus
