1762 2803
107 119 151 188 1'93
227 199 228 202 Ἴ
299 132 379 184 ranno
394 129 510 192 tremor
525 129 618 192 tantia

107 251 174 287 fratres
185 251 252 286 multos
264 250 386 296 congregante.
430 243 454 284 ln
466 249 517 284 cuius
528 256 587 284 ortum
599 249 648 284 fures
660 254 713 284 nocte
725 249 809 295 ingressi,

108 308 178 338 mutata
185 313 220 346 per
227 302 311 346 spiritum
319 307 381 336 mente
389 312 459 346 uangas
467 312 513 345 quas
524 301 635 335 inuenerunt
642 302 809 347 apprehendentes,

108 357 169 392 cuncti
177 356 211 391 orti
219 356 267 390 illius
275 356 336 399 spacia
346 355 445 389 coluerunt.
468 354 498 388 Ad
509 365 555 398 quos
566 365 621 388 mane
630 353 725 398 ingressus
736 355 764 389 uir
774 356 809 399 dei,

109 409 145 445 ait:
162 408 255 445 ‘Gaudete
270 408 335 443 fratres
351 409 428 442 multum
444 408 560 441 laborantes:
580 406 616 441 iam
631 406 730 452 quiescite,’
746 414 764 442 et
778 409 810 442 ali-

92 469 171 504 5menta
180 464 259 506 prebens
271 462 311 502 illis,
324 466 366 505 post
377 461 498 495 refeccionern
510 460 566 494 dixit:
579 460 648 494 ‘Nolite
658 460 727 494 malum
738 460 809 498 facere:

109 517 143 548 sed
158 513 246 559 quociens
261 515 284 547 de
299 519 339 546 orto
354 513 421 557 aliquid
438 513 498 553 uultis,
513 512 574 555 petite,
590 517 608 545 et
623 523 665 546 curn
680 512 810 549 benediccione

109 567 220 612 accipientes
227 577 238 600 a
246 565 288 600 surti
296 565 385 611 prauitate
395 566 476 600 cessate.¹
505 564 556 606 Quos
565 564 627 599 statim
638 565 718 599 collectis
730 564 810 602 oleribus

109 620 191 654 onustari
201 619 248 661 fecit,
258 625 276 653 et
286 619 360 653 dimisit.
404 613 531 653 Accesserunt
540 619 563 652 ad
574 629 617 652 eum
627 619 720 661 peregrini
731 620 810 662 quidam,

110 674 172 707 scissis
186 673 269 706 uestibus
282 672 427 706 misericordiam
439 671 558 715 postulantes,
571 670 596 704 ita
607 675 627 704 ut
640 682 689 715 pene
701 671 745 704 nudi
760 672 810 705 uide-

83 738 102 759 ιο
110 731 178 761 rentur.
201 725 224 759 Et
236 736 278 760 cum
285 726 410 769 uestimenta]
418 730 507 768 peterent,
515 723 544 758 uir
552 723 581 758 dei
589 723 679 768 discipulo
687 734 720 758 suo
729 725 811 769 precepit

109 784 130 811 ut
137 780 160 812 ad
168 778 234 812 siluam
242 788 327 821 pergens,
335 780 384 821 quod
392 778 411 810 in
419 789 463 811 caua
471 783 520 810 certa
527 778 592 810 arbore
602 776 694 810 inueniret
704 778 810 819 quantocius

110 831 196 867 deferret.
219 830 255 873 Qui
262 841 347 875 pergens,
356 830 465 865 uestimenta
473 834 545 874 reperta
556 829 643 874 magistro
651 839 684 862 suo
694 828 763 872 attulit3
776 840 811 874 que

110 883 214 929 peregrinis
228 884 324 918 conferens
337 883 392 918 dixit:
409 886 414 903 ‘
419 883 472 925 Ecce,
486 882 552 917 uestite
567 884 611 917 uos’
634 882 675 924 Quo
687 882 732 924 uiso,
744 893 811 927 magno

110 938 182 982 pudore
193 936 304 971 consternati
316 941 364 978 sunt,
376 935 436 980 etqui
449 935 574 970 fraudulenter
588 934 698 970 uestimenta
711 936 811 979 querebant

84 1002 102 1033 15
111 990 174 1035 aliena,
183 989 253 1024 confusi
260 995 369 1034 receperunt
376 1001 409 1024 sua
415 988 434 1033 ¹.]

195 1114 265 1158 rr²De
277 1131 348 1155 sancrn
361 1114 478 1155 Moowanun
489 1131 565 1154 vinomo
577 1130 599 1154 rr
610 1120 729 1155 naoarrssa³.

111 1204 194 1281 Vlrgo
205 1204 283 1247 quedam
294 1203 327 1237 suit
334 1204 353 1237 in
365 1203 466 1237 Hibernia*
476 1203 551 1237 nomine
564 1203 680 1245 Modwenna,
688 1205 754 1237 decora
761 1203 811 1245 facie,

174 1256 241 1291 nobilis
253 1256 353 1299 parentele,
365 1257 399 1290 sed
414 1256 471 1290 multo
487 1256 565 1290 nobilior
580 1256 662 1290 moribus
678 1260 695 1290 et
711 1257 812 1291 sanctitate.

111 1310 156 1344 Erat
168 1309 218 1345 enirn
230 1309 267 1344 filia
281 1309 387 1355 Maugthei⁵
398 1309 453 1355 regis,
461 1315 520 1344 mater
531 1309 570 1344 eius
582 1310 665 1344 Choman
677 1309 768 1354 appellata
780 1314 812 1344 est.

113 1363 154 1396 Hec
162 1362 211 1396 enim
218 1362 270 1406 virgo
278 1373 289 1395 a
296 1363 372 1406 puellari
380 1367 427 1396 etate
435 1362 557 1406 virginitatem
565 1373 618 1396 suam
628 1363 663 1397 deo
673 1363 812 1397 commendauit.

85 1422 104 1443 ²0
113 1415 194 1460 Contigit
203 1416 252 1448 enirn
260 1427 282 1449 eo
287 1420 371 1459 tempore
379 1422 462 1450 sanctum
469 1416 566 1450 Patricium
571 1415 590 1449 in
596 1415 704 1449 Hiberniam
710 1415 812 1458 aduenisse,

112 1470 135 1501 ad
147 1468 279 1511 predicandum
292 1468 376 1511 gentibus
388 1468 424 1501 illis
438 1470 494 1501 fidem
507 1468 580 1510 Christi,
592 1480 628 1512 que
641 1468 707 1512 partim
720 1467 812 1512 paganicis

112 1521 205 1555 erroribus
218 1520 299 1555 inuolute
313 1521 396 1564 [erant]“,
409 1520 475 1564 partim
489 1521 545 1554 fidem
560 1521 642 1554 nondum
655 1520 711 1565 plene
724 1520 812 1565 intellige-

112 1573 162 1607 bant.
184 1572 239 1606 Venit
248 1573 303 1615 igitur
311 1573 421 1608 Modwenna
429 1574 452 1607 ad
460 1584 503 1607 eura
511 1583 553 1607 curn
561 1573 627 1607 ceteris
634 1573 724 1614 fidelibus,
731 1573 813 1607 auditura

112 1626 190 1661 verbum
198 1625 233 1659 dei.
256 1625 316 1668 Quem
325 1637 366 1660 cum
375 1627 448 1670 egregie
456 1627 479 1660 de
486 1625 589 1670 virginitate
601 1626 697 1667 seruanda,
706 1626 729 1660 de
737 1625 813 1670 premiis

86 1687 104 1717 ²5
113 1678 203 1713 iustorum
222 1684 240 1712 et
258 1679 311 1722 penis
327 1680 417 1713 malorum
432 1679 554 1713 disserentem
573 1680 659 1722 audisset,
675 1679 742 1713 amoris
757 1678 813 1712 diuini

112 1732 219 1767 vehementi
230 1732 321 1766 desiderio
333 1744 427 1774 succensa,
438 1733 520 1777 vestigiis
534 1733 615 1777 episcopi
626 1738 717 1776 prostrata
732 1733 813 1766 habitum

113 1785 219 1818 monialium
228 1795 269 1818 curn
277 1785 370 1818 lachrimis
378 1787 444 1819 deuote
454 1786 556 1828 postulauit,
565 1796 650 1819 asserens
659 1796 679 1819 se
686 1786 734 1819 velle
741 1784 813 1828 virgini-

112 1842 168 1872 tatem
180 1836 252 1882 eligere,
261 1835 279 1870 in
288 1847 324 1881 qua
334 1837 402 1872 valeret
414 1837 487 1871 Christo
498 1838 572 1871 domino
581 1847 639 1882 vsque
647 1838 670 1871 ad
678 1837 747 1871 obitum
759 1846 813 1871 suum

113 1891 196 1925 militare.
218 1891 244 1924 At
253 1890 282 1924 ille
293 1891 369 1935 gratiam
381 1891 411 1925 dei
422 1891 441 1925 in
453 1891 494 1936 ipsa
505 1896 610 1925 manentem
622 1890 732 1934 intelligens,
740 1891 813 1934 gauisus

86 1953 104 1982 30
113 1949 146 1985 est,
160 1949 178 1978 et
190 1945 254 1977 velans
265 1944 316 1985 eam,
329 1945 414 1979 ancillam
425 1944 500 1979 domino
511 1945 645 1978 immaculatam
660 1944 784 1986 consecrauit,-
796 1948 813 1976 et

112 1997 202 2040 virginem
221 1996 301 2030 nobilem
316 1997 390 2031 nomine
403 1997 489 2041 Atheam,
502 1997 561 2041 ipsius
577 2002 678 2041 cognatam,
691 1998 751 2031 eidem
766 2006 813 2030 corn-

112 2049 211 2083 mendauit.
256 2042 313 2092 Cepit
324 2049 379 2092 igitur
391 2049 501 2084 Modwenna
513 2050 570 2084 literis
582 2049 639 2083 sacris
650 2049 752 2091 intendere,
763 2048 813 2083 vani-

133 2126 138 2144 ¹
149 2127 218 2158 Collect:

134 2166 193 2204 Gaude
204 2172 249 2209 uirgo
262 2172 330 2210 gloriosa
342 2173 358 2201 in
371 2173 430 2202 Christi
442 2173 465 2203 tui
477 2173 531 2210 gloria,
545 2173 621 2203 Mildreda
633 2173 749 2210 benignissima,
761 2171 814 2210 proles

113 2222 168 2250 regum
176 2211 265 2241 clarissima.
286 2212 379 2242 lllerciorum
387 2213 474 2250 margarita,
482 2213 566 2243 cannane
575 2222 637 2250 corona,
646 2213 696 2243 tocius
704 2213 761 2251 Anglie
769 2211 814 2242 stella

113 2253 177 2283 radians
184 2255 201 2281 et
207 2252 319 2283 transmarina:
330 2253 365 2281 saue
372 2253 431 2282 eunctis
438 2262 485 2291 prece
492 2258 523 2283 tua.
543 2253 563 2282 V⁴
574 2253 648 2283 Dilexisti
655 2253 737 2283 iusticiam.

135 2291 188 2333 Deus,
196 2300 251 2326 auctor
259 2298 340 2334 castitatis,
348 2308 394 2335 quern
404 2303 436 2328 tota
446 2299 533 2329 deuocione
542 2299 588 2328 beata
594 2300 639 2336 uirgo
649 2299 727 2329 Mildreda
735 2297 791 2328 dilexit
798 2306 814 2326 in

114 2337 165 2376 terris,
174 2337 243 2366 concede
250 2336 329 2375 propicius
336 2342 354 2367 ut
361 2338 394 2368 eius
402 2338 460 2368 sanctis
467 2339 600 2369 intercedentibus
608 2340 667 2369 meritis
674 2343 690 2369 te
697 2348 760 2376 semper
767 2338 791 2367 hic
799 2340 814 2365 et

114 2379 130 2408 in
141 2387 187 2407 enum
198 2386 286 2406 mereamur
296 2377 354 2406 habere
365 2378 457 2415 propicium.
478 2379 554 2415 Quicum
565 2379 595 2409 deo
606 2389 631 2416 pa.
640 2377 657 2409 et
667 2388 679 2409 s.
686 2388 699 2409 s.
707 2379 748 2408 uiuis
756 2382 772 2407 et
781 2385 813 2413 reg.

114 2418 153 2446 deus
172 2426 194 2445 er.

134 2456 140 2473 ²
150 2427 187 2485 Ain.
199 2455 239 2484 from
249 2455 277 2484 the
286 2454 323 2484 Vita
333 2455 355 2492 by
365 2455 430 2485 Gausrid
440 2456 458 2485 of
467 2456 527 2486 Burton
538 2458 553 2485 in
565 2457 599 2486 llllS.
610 2458 650 2494 Reg.
663 2466 686 2495 15,
698 2458 716 2486 Β.
727 2456 754 2492 lV,
761 2452 814 2498 which

112 2496 168 2525 differs
174 2495 190 2523 in
197 2505 245 2534 many
252 2495 305 2531 points
312 2495 351 2524 from
358 2496 386 2525 the
392 2495 429 2525 Vita
435 2496 457 2533 by
464 2496 587 2526 Conchuhranus
595 2497 611 2526 in
619 2497 652 2527 MS.
660 2497 715 2534 Cleop.
722 2496 742 2526 A.
749 2505 759 2525 a
766 2493 790 2524 ed.
798 2501 814 2521 tn

113 2536 134 2566 A.
141 2536 170 2566 SS.
178 2535 219 2566 Boll.
226 2534 265 2572 July
273 2534 293 2565 ll.
301 2544 336 2573 ²97-
403 2535 409 2552 ³
420 2540 436 2566 et
443 2535 477 2567 abb.
485 2547 515 2567 om.
523 2535 539 2567 in
546 2536 564 2567 ΤΔ
631 2535 637 2553 ⁴
647 2537 667 2568 T.
675 2536 711 2567 Fuit
718 2536 734 2566 in
742 2535 763 2566 H.
770 2533 814 2570 virgo

115 2576 186 2615 quedam.
226 2576 232 2594 ⁶
243 2575 261 2606 Ε,
270 2576 348 2614 naugthei.
389 2577 436 2607 lom.
615 2575 617 2579 '
