1762 2803
127 157 172 212 BR
187 154 287 207 &aaut
303 152 436 204 dimutto
451 157 509 210 tssssss
525 152 549 200 it
564 151 680 209 mflttptss.
715 160 759 202 329

58 277 96 322 regi
111 275 227 318 nunciasset3
243 285 295 309 more
306 271 365 308 lconis
378 270 472 313 frendens,
483 270 519 305 nisi
531 269 584 304 citius
594 269 671 314 fugeret,
681 273 760 302 mortem

57 329 173 366 iureiurando
185 328 293 363 minabatur.
316 324 428 360 Imminente
439 329 501 359 autem
510 334 595 368 vespera,
606 321 625 357 in
637 322 699 356 medio
710 331 760 355 com-

58 384 160 418 militonum
172 391 248 414 suorum
259 380 308 423 apud
318 379 380 413 villam
391 379 415 412 de
427 377 573 421 Gaynesburgh¹
587 376 666 410 Suanus
678 374 760 419 pugione

58 433 115 469 sancti
127 432 220 467 Edmundi
231 431 327 466 confossus
340 435 380 465 est:
398 429 462 474 sicque
470 429 573 464 vociferans
583 428 642 463 noctis
653 426 761 471 crepusculo

58 494 140 522 mortuus
152 492 180 520 est
194 486 248 520 tertio
260 495 318 519 nonas
331 483 423 518 februarii.
468 474 555 518 Canutus
567 493 617 525 vero,
631 480 680 515 filius
692 478 778 521 suanis

58 541 92 575 hoc
105 540 176 578 videns,
190 538 252 573 mitius
267 537 355 581 deinceps
367 547 409 571 cum
423 541 486 571 sancto
500 535 598 570 Edmundo
610 535 659 580 egit:
671 534 760 568 fossatum

57 598 106 627 terre
122 590 185 626 Sancti
197 590 290 624 Edmundi
306 589 432 631 circumduxit,
444 588 578 623 immunitatem
592 588 615 621 ab
627 587 678 621 omni
689 592 761 631 presta-

58 646 107 679 tione
125 651 174 679 terre
189 643 258 685 tribuit,
272 643 365 677 basilicam
381 652 438 685 super
452 652 519 685 corpus
537 641 645 682 construxit,
660 638 761 674 monachos

58 696 135 730 instituit
148 702 166 729 et
177 696 242 738 predia
253 695 310 728 multa
321 694 401 727 donauit.

283 801 298 838 ll
311 801 340 836 Dr
352 810 414 836 cauca
426 810 450 835 me
462 799 535 834 Homr'.

79 866 94 902 ‘ll
108 856 178 900 Sancta
190 874 235 898 vero
251 863 329 906 Helena,
342 863 419 898 inuenta
435 873 489 897 cruce
502 866 566 896 sancta
579 871 647 895 nouem
663 860 761 905 particulas
771 872 789 893 ιο

58 918 139 961 abscidit,
153 923 230 962 propter
244 928 311 952 nouem
325 916 400 952 ordines
413 916 526 961 angelorum,
538 915 586 949 circa
597 914 686 949 foramina
697 924 762 948 cruore

59 981 147 1014 respersa
159 970 190 1004 vbi
205 981 271 1004 manus
283 976 301 1004 et
313 971 372 1014 pedes
388 970 517 1004 clauabantur:
529 979 575 1011 quas
587 967 606 1001 in
617 978 673 1001 unam
685 977 762 1011 paruam

58 1033 131 1057 crucem
151 1023 202 1066 quasi
221 1023 313 1067 duplicato
331 1028 438 1056 transuerso
457 1021 564 1056 mirabiliter
579 1019 687 1064 composuit,
706 1025 725 1053 et
743 1019 763 1054 in

59 1076 152 1120 quandam
167 1086 241 1120 capsam
254 1081 336 1119 argento,
350 1086 394 1110 auro
408 1080 426 1109 et
438 1074 518 1119 gemmis
531 1072 651 1118 compositam
662 1072 762 1115 collocauit,

59 1133 77 1162 et
94 1128 132 1161 filio
151 1139 185 1161 suo
204 1128 325 1162 Constantino
343 1127 521 1170 Constantinopolim
540 1126 653 1161 transmisit:
669 1136 724 1170 quam
739 1126 762 1159 ad
772 1138 790 1167 15

58 1180 106 1213 bella
125 1190 188 1214 secum
207 1180 298 1222 deferens,
319 1190 394 1223 semper
412 1179 507 1214 victoriam
526 1178 594 1213 habuit.
622 1178 695 1213 Mortuo
714 1177 762 1212 Con·

59 1233 144 1275 stantino,
160 1234 183 1266 de
202 1233 319 1267 successione
336 1232 355 1265 in
370 1232 507 1266 successionem
521 1243 580 1276 vsque
595 1232 618 1265 ad
634 1230 762 1265 Baldewinum

58 1284 189 1329 imperatorem
205 1286 285 1320 deuenit.
308 1286 380 1320 Mortuo
393 1287 467 1320 tandem
483 1285 579 1320 sacerdote
593 1284 624 1319 illo
639 1283 670 1328 qui
685 1284 761 1318 missam

59 1349 120 1373 coram
135 1339 206 1383 prefata
224 1350 278 1373 cruce
297 1340 390 1374 celebrare
409 1340 484 1382 solebat,
500 1339 587 1373 sacerdos
604 1337 678 1383 quidam
693 1348 762 1382 genere

58 1391 136 1435 Anglus,
148 1392 224 1425 nomine
235 1391 296 1436 Hugo,
306 1392 325 1426 in
337 1392 463 1426 Northsolchia
475 1397 531 1433 ortus,
541 1396 585 1425 tunc
596 1391 664 1425 ibidem
674 1391 763 1432 existens,
771 1405 791 1427 ιο

59 1444 98 1477 ioco
110 1444 209 1478 sacerdotis
221 1444 302 1478 defuncti
313 1445 383 1479 electus
396 1450 430 1486 est,
441 1456 490 1479 anno
503 1444 572 1478 domini
585 1443 684 1477 millesimo
694 1444 762 1478 ducen-

59 1496 125 1530 tesimo
135 1497 223 1531 vicesimo
236 1498 295 1532 tertio.
318 1497 402 1531 Presatus
412 1508 457 1532 vero
468 1496 592 1539 Baldewinus,
600 1507 671 1530 crucem
682 1497 705 1531 ad
715 1496 764 1531 bella

60 1547 151 1588 deferens,
162 1558 238 1591 semper
248 1548 343 1582 victoriam
356 1549 460 1592 reportauit.
484 1548 507 1582 Et
520 1558 562 1582 cum
574 1549 649 1582 tandem
663 1549 686 1581 ab
697 1548 763 1582 aduer-

60 1600 113 1633 sariis
128 1600 167 1634 suis
182 1601 253 1635 occisus
268 1600 338 1643 fuisset,
353 1601 440 1635 sacerdos
455 1600 538 1645 prefatus
554 1611 628 1635 crucem
643 1605 763 1635 memoratam

60 1653 106 1686 clam
118 1662 181 1686 secum
195 1653 286 1696 deserens,
297 1654 316 1688 in
329 1655 417 1698 Angliam
430 1654 536 1699 reportauit.
559 1654 616 1698 Apud
630 1654 728 1687 cenobium
740 1655 764 1688 de
773 1667 792 1697 ²5

61 1705 168 1739 Bromholm
183 1706 251 1741 dictam
266 1718 339 1741 crucem
354 1707 433 1751 reliquit,
448 1713 466 1741 et
481 1707 543 1741 omnia
558 1707 595 1741 vite
611 1718 644 1741 sue
659 1707 764 1741 necessaria

60 1767 118 1801 vsque
127 1759 150 1792 ad
161 1758 231 1793 obitum
241 1758 310 1794 ibidem
321 1759 418 1804 percipere
427 1771 462 1805 pro
471 1770 505 1794 suo
513 1770 590 1794 munere
599 1759 684 1804 precioso
691 1760 765 1802 menut,

60 1820 96 1844 vna
108 1822 149 1845 curn
161 1812 233 1846 duobus
244 1812 287 1847 filiis
299 1813 343 1853 suis,
355 1824 402 1856 quos
416 1819 458 1847 ante
471 1814 569 1847 sacerdotii
581 1814 658 1856 gradum
671 1824 695 1847 ex
706 1824 764 1847 uxore

61 1872 94 1897 sua
105 1869 218 1908 susceperat.
241 1864 323 1908 Quorum
336 1865 382 1900 alter
395 1865 414 1899 in
427 1866 493 1900 eodem
506 1866 624 1909 postmodum
637 1865 714 1900 cenobio
725 1875 764 1900 mo·

61 1915 151 1948 nasticum
170 1916 253 1950 ordinem
272 1917 351 1958 intrauit,
366 1918 412 1951 alter
426 1917 445 1951 in
460 1918 561 1951 litteratura
576 1918 675 1961 proficiens
693 1918 792 1956 electusao

61 1966 119 2000 tactus
132 1967 192 2002 extitit
204 1969 308 2003 aduocatus.
331 1969 353 2003 In
365 1969 435 2013 prelato
446 1979 491 2004 vero
502 1969 614 2003 monasterio
625 1970 692 2004 virtute
703 1970 764 2004 crucis

61 2026 167 2062 memorate,
175 2028 286 2065 cooperante
294 2022 374 2064 domino,
382 2021 523 2065 trigintanouem
531 2027 613 2056 mortuos
622 2021 659 2056 vite
670 2021 765 2057 redditos³

61 2070 102 2114 legi,
111 2072 175 2107 decern
184 2079 202 2108 et
210 2084 277 2109 nouem
285 2085 338 2110 cecos
346 2074 463 2114 illuminatos,
471 2085 513 2109 cum
520 2074 561 2109 aliis
569 2075 662 2108 nonnulIIs
670 2074 764 2109 miraculis

61 2123 147 2160 diuinitus
155 2127 235 2161 ostensis
240 2128 251 2162 ⁴.

81 2192 86 2210 ¹
97 2192 115 2223 E.
122 2195 227 2233 ganesburgh.
284 2196 291 2215 ²
301 2197 326 2228 Dc
333 2206 379 2227 cruce
387 2198 407 2228 de
414 2197 463 2228 Holrn
471 2206 501 2228 om,
509 2197 526 2227 in
533 2197 550 2227 T.
557 2207 561 2233 ς
571 2206 583 2227 r.
592 2196 683 2227 Bromholm
690 2197 763 2234 (Cluniae

62 2230 228 2304 Pn'oglilreicltlprpspllc).
249 2236 272 2267 Ci
282 2236 382 2267 maturans
390 2237 519 2275 HlstAnglan.
527 2246 570 2275 1²²3·
630 2236 738 2268 'Ereditos

83 2310 144 2350 Exulta
155 2327 210 2352 sancta
221 2323 288 2353 ecclesia
298 2323 348 2353 tocius
360 2323 412 2360 gentis
422 2323 491 2361 anglice:
506 2332 543 2353 ecce
554 2324 570 2353 in
579 2323 651 2353 munibus
660 2327 684 2353 est
693 2323 766 2354 laudatio

62 2355 140 2388 Edmundi
150 2361 192 2396 regis
204 2362 258 2398 incliti,
267 2366 283 2391 et
289 2363 357 2392 martiris
367 2363 474 2392 inuictissimi:
485 2363 511 2400 qui
522 2363 618 2399 triumphato
629 2363 683 2393 mundi
694 2364 766 2401 principe

62 2396 104 2465 ἓξὲξ
113 2400 184 2428 ascendit
192 2400 326 2431 uictoriosissime.
348 2401 406 2430 Sancte
415 2406 460 2438 pater
468 2401 555 2438 Edmunde,
563 2401 594 2430 tuis
600 2401 686 2438 suplicibus
693 2402 764 2433 intende.

84 2474 131 2513 Deus
139 2484 222 2516 ineffabilis
229 2487 341 2523 misericordie,
348 2488 374 2525 qui
381 2487 488 2517 beatissimum
495 2495 548 2526 regem
556 2487 655 2518 Edmundurn
663 2488 730 2519 tribuisti
738 2499 767 2528 pro

62 2524 89 2550 tuo
101 2525 165 2553 nomine
175 2525 255 2556 inimicum
268 2527 350 2556 moriendo
360 2528 429 2563 uincere,
442 2528 512 2557 concede
523 2528 603 2566 propicius
613 2528 671 2558 familie
681 2533 708 2559 tue
719 2534 766 2560 uteo

63 2559 178 2629 iffiemenieme
195 2575 283 2596 mereamur
300 2566 316 2596 in
332 2576 350 2597 se
363 2566 438 2607 an(tiqui)
452 2567 503 2598 hostis
519 2567 621 2599 incitamenta
635 2570 726 2607 superando
740 2579 767 2601 ex·

87 2610 140 2640 gnere,
148 2613 181 2641 per.
