1762 2803
49 96 168 141 xaanor]
243 93 301 149 ⁴mc
315 91 417 144 &ancta
433 91 538 146 &tauta
703 105 749 149 493

48 216 102 254 tionis
116 213 196 260 tripudio
211 213 316 256 tendebant,
331 213 396 248 celitus
412 212 447 248 sibi
461 212 573 258 promissam
588 211 645 248 felicis
662 212 750 257 triumphi

48 279 133 306 coronam
146 279 180 312 pre
190 266 247 301 oculis
258 268 353 308 habentes,
365 272 440 310 totoque
451 267 517 301 affectu
528 266 578 300 illam
589 266 716 300 desiderantes
727 266 750 300 ad

48 321 131 357 brauium
139 321 231 354 festinant.
253 320 319 353 Paucis
327 330 372 353 sane
380 319 444 353 diebus
454 319 546 353 ciuitatem
556 318 647 360 Basiliam,
655 318 685 353 vbi
694 329 751 353 naues

49 385 91 411 suas
97 373 208 417 reliquerant
212 373 224 416 ¹,
232 372 332 407 adierunt².
351 373 402 416 Quas
410 373 471 405 denuo
478 372 573 415 intrantes,
581 370 647 415 insigni
656 370 753 415 Maguncie

49 426 175 474 applicuerunt
188 426 261 469 ciuitati,
273 436 309 471 que
321 429 349 460 est
362 435 419 471 super
430 425 504 461 Renum
516 425 556 461 sita.
579 425 620 468 Quo
631 425 675 460 durn
687 435 770 470 perae-5

50 478 753 525 nissent,reppereruntibiiuuenemillustrissimumbeate[virginis]Vrsule

50 545 143 581 sponsum,
152 533 234 567 moribus
242 538 260 568 et
267 544 336 578 genere
344 532 483 566 nobilissimum.
499 532 535 566 Hic
542 532 601 577 pridie
608 538 651 566 ante
659 533 713 566 ductu
721 542 753 566 an-

50 588 108 633 gelico
116 597 158 621 cum
166 587 249 631 pluribus
257 586 316 629 sociis,
323 596 401 630 quorum
410 585 484 630 quidam
492 590 544 620 erant
552 585 645 620 christiani
653 591 671 618 et
679 586 753 630 quidam

51 640 176 682 cathecumini,
183 646 260 674 venerat
268 644 343 684 paratus
351 639 391 684 ipse
399 644 418 673 et
426 639 502 673 comites
510 639 550 672 eius
557 639 627 682 pariter
634 649 675 673 cum
684 649 753 682 sponsa

51 705 83 730 sua
90 704 124 737 pro
131 703 194 727 amore
202 691 270 728 Christi
279 692 374 737 proprium
386 693 494 736 sanguinem
505 692 586 727 sundere.
610 691 695 736 Denique
702 693 754 736 virgo
764 700 782 722 10

51 746 118 783 Christi
130 746 224 781 Elizabeth
237 746 280 781 dicit
291 746 342 781 illum
355 751 374 781 et
387 751 464 780 matrem
478 756 530 780 suam
544 756 585 780 cum
597 745 634 780 filia
646 746 723 790 paruula
736 751 754 780 et

52 803 158 844 episcopum
172 800 264 843 quendam
277 799 353 833 nomine
365 800 480 833 Clementem
492 798 597 833 adduxisse.
619 798 676 833 Cuius
687 800 754 833 aduen-

52 860 90 888 tum
110 853 164 886 beata
182 852 249 886 Vrsula
267 852 326 886 triduo
345 857 443 896 antequam
464 851 506 886 illuc
524 850 617 886 venisset³
635 851 701 895 angelo
720 850 755 886 sibi

52 905 173 942 annunciante
186 905 279 950 presciuit.
307 906 397 940 Continuo
412 905 473 949 itaque
485 904 545 940 leticie
558 911 576 939 et
589 904 650 950 gaudii
663 905 754 940 vniuersis

52 961 116 1004 ingens
126 959 183 993 oritur
191 959 282 1001 exultatio,
290 958 376 1004 quoniam
388 969 445 1003 super
454 959 494 994 cius
505 959 596 993 aduentu¹
606 969 671 993 omnes
682 960 754 994 suerunt
765 969 782 1000 ¹5

52 1012 161 1048 iucunditate
178 1013 269 1049 immensa
285 1013 403 1057 gratulantes.
435 1011 577 1056 Egredientibus
593 1011 620 1047 eis
638 1012 661 1047 de
677 1012 755 1048 nauibus

54 1065 130 1099 occurrit
143 1077 185 1099 curn
198 1066 248 1099 clero
260 1065 409 1110 archiepiscopus
421 1071 440 1100 et
452 1066 523 1100 ciuibus
535 1066 648 1109 excipientes
660 1066 756 1101 uniuersas

54 1117 132 1161 virgines
143 1122 197 1162 atque
209 1117 268 1152 socios
280 1116 356 1152 earumn
365 1117 421 1152 nobili
433 1117 552 1162 processione
560 1116 579 1152 in
589 1117 648 1152 leticia
659 1127 727 1162 magna
736 1124 755 1152 et

54 1169 169 1206 exultatione.
195 1170 254 1206 Biduo
269 1182 314 1206 sane
331 1170 355 1206 ibi
371 1175 472 1217 pausantes
488 1181 559 1206 moram
576 1170 649 1206 faciunt.
679 1170 755 1206 Interim

55 1224 124 1258 iuuenis
138 1225 199 1268 regius
214 1225 267 1260 beate
281 1225 358 1269 virginis
372 1225 451 1260 Vrsule⁶
465 1234 551 1270 sponsus,
566 1225 609 1269 qui⁶
623 1225 659 1259 iarn
676 1225 755 1260 triennio
765 1234 784 1255 20

55 1282 94 1311 ante
106 1276 243 1312 cathecuminus
256 1278 345 1321 extiterat,
357 1289 399 1314 cum
410 1278 479 1323 ingenti
491 1277 578 1312 nobilium
589 1278 648 1322 gloria
659 1283 677 1313 et
688 1278 756 1323 princi·

55 1341 98 1373 pum
111 1341 122 1363 a
136 1330 189 1365 beato
201 1330 271 1365 Cin'aco
285 1341 333 1375 papa
345 1331 451 1375 baptizatur.
474 1330 510 1373 Qui
523 1330 578 1366 corde
591 1331 657 1365 denoto
670 1331 756 1375 baptismi

55 1382 130 1425 gratiam
142 1383 251 1428 suscipiens,
259 1384 294 1418 deo
303 1389 321 1418 et
331 1384 436 1419 hominibus
443 1383 525 1426 dilectus,
534 1383 662 1427 uniuersisque
672 1384 703 1428 qui
714 1395 756 1419 eum

56 1442 143 1470 nouerant
152 1443 170 1472 et
180 1437 265 1472 viderant
275 1437 358 1473 amabilis
368 1444 407 1473 erat
417 1443 435 1473 et
446 1438 549 1482 graciosus;
561 1437 659 1472 assistente
669 1437 694 1472 illi
704 1438 758 1473 beata

56 1488 121 1524 Vrsula
129 1489 187 1534 ipsius
195 1501 265 1535 sponsa
272 1502 313 1525 cum
321 1492 406 1526 omnibus
414 1490 505 1537 episcopis
513 1491 541 1526 et⁶
549 1490 676 1534 cardinalibus,
684 1491 758 1536 regibus
766 1504 785 1535 ¹5

56 1547 73 1575 et
87 1542 206 1588 principibus,
218 1549 272 1588 atque
284 1544 371 1579 uniuerso
383 1545 432 1578 illius
445 1544 523 1579 ciuitatis
536 1544 591 1579 clero.
613 1545 702 1588 Baptizati
715 1550 758 1579 sunt

56 1594 109 1629 etiam
122 1607 164 1631 cnm
179 1608 202 1631 eo
215 1597 289 1640 quidam
302 1598 393 1632 sociorum
409 1597 449 1632 eius
462 1597 493 1641 qui
508 1608 550 1632 cum
563 1596 605 1642 ipso
619 1597 758 1637 conuenerant

57 1649 140 1690 quoniam
148 1650 184 1684 iam
192 1655 235 1684 ante
243 1650 364 1685 cathecumini
371 1650 469 1685 extiterant
474 1650 486 1685 ³.

63 1769 75 1805 ‘l
83 1769 135 1811 Quod
143 1771 203 1815 angeli
210 1772 233 1806 de
241 1772 285 1806 celis
293 1776 357 1806 assunt
363 1771 393 1806 vbi
401 1770 469 1806 Vrsule
474 1770 550 1815 virginis
558 1781 638 1816 sponsus
645 1771 752 1816 baptizatur.

77 1842 148 1886 Aperto
158 1845 249 1888 siquidem
261 1846 300 1880 celo
310 1846 370 1889 angeli
381 1845 427 1880 lucis
436 1855 447 1879 a
457 1846 492 1880 deo
503 1844 567 1879 directi
574 1845 651 1879 veniunt
662 1845 705 1880 illuc
716 1857 759 1890 pre-

58 1900 124 1938 sentes,
134 1908 176 1931 cum
187 1898 227 1932 aliis
239 1898 363 1943 compluribus
375 1903 480 1933 sanctorum
491 1896 582 1942 personis,
592 1897 633 1932 huic
645 1902 682 1933 tam
694 1898 759 1933 festiue
768 1909 787 1938 30

58 1947 158 1983 solennitati
173 1953 315 1995 congaudentes.
343 1952 427 1996 Denique
441 1951 482 1995 ipse
497 1950 570 1984 iuuenis
585 1950 646 1995 regius
661 1956 710 1985 tante
723 1952 760 1986 vir·

58 1999 104 2042 ginis
117 2013 198 2046 sponsus
213 2004 273 2039 adhuc
287 2004 339 2049 virgo
353 2005 441 2044 existens
456 2014 550 2048 nunquam
564 2003 659 2037 mulierem
675 2006 760 2049 cognouit

58 2058 88 2087 aut
102 2065 185 2099 uxorem,
201 2058 314 2093 custodiente
333 2057 383 2093 illum
399 2062 457 2092 matre
474 2067 507 2091 sua
524 2061 542 2090 et
557 2056 676 2100 doctrinante,
691 2058 760 2102 optima

59 2106 133 2140 muliere
141 2114 160 2142 et
167 2109 250 2153 piissima
257 2110 326 2154 regina,
334 2121 370 2154 que
377 2110 396 2143 in
404 2110 454 2143 omni
462 2110 549 2150 castitate,
557 2109 653 2151 mundicia,
661 2116 680 2144 et
688 2122 760 2145 morum

59 2156 153 2196 honestate
162 2173 205 2197 eum
216 2162 311 2198 instruens
322 2163 405 2198 erudiuit.
428 2162 503 2197 Discant
515 2172 559 2207 ergo
570 2168 640 2198 matres
651 2163 674 2198 ab
685 2164 719 2199 ista
730 2175 761 2200 su·
769 2178 788 2210 35

59 2218 129 2247 mentes
142 2216 254 2260 exemplum,
266 2224 284 2253 et
297 2218 374 2252 doceant
389 2216 437 2251 filios
452 2227 496 2250 suos
511 2221 529 2251 et
543 2216 591 2251 filias
604 2223 659 2261 atque
674 2218 761 2253 familiam

60 2270 107 2300 caste
120 2267 188 2312 viuere,
201 2270 249 2305 iuste
262 2276 280 2306 et
295 2271 326 2315 pie
341 2271 432 2307 incedere.
460 2270 518 2306 Porro
531 2276 549 2305 et
564 2270 605 2316 ipse
618 2271 649 2305 ine.»
660 2273 761 2308 earundem

60 2326 151 2355 sacrarum
158 2322 250 2366 virginum
258 2330 299 2358 cetu
308 2324 371 2368 plures
379 2324 457 2358 habebat
466 2329 557 2367 cognatas,
565 2325 589 2358 de
599 2336 675 2368 quarum
685 2337 762 2359 numero

60 2368 93 2404 iste
104 2371 187 2411 suerunt:
200 2376 253 2411 beata
264 2377 370 2420 Benedicta,
381 2383 399 2412 et
410 2376 472 2420 Lucia,
482 2388 519 2422 que
529 2377 552 2412 de
562 2377 646 2413 undecim
657 2378 762 2423 principali·

79 2467 220 2511 ¹E.reliquerent.
276 2475 396 2508 ²B.adierant.
450 2475 579 2509 'Evenissent
630 2476 763 2509 ‘Raduentum

62 2545 67 2563 ῃ
77 2507 95 2577 Ῑέ
102 2509 168 2579 {Larum
245 2514 252 2533 ⁸
261 2525 292 2547 orn.
300 2516 316 2546 in
324 2516 343 2547 B.
425 2514 431 2533 ²
442 2516 461 2547 B.
467 2521 549 2548 venerant.
629 2517 635 2535 ⁸
645 2518 663 2549 Β,
671 2519 763 2549 extiterunt.
