1762 2803
111 189 155 231 104
301 175 380 228 muta
396 172 512 235 terente
527 171 619 234 anglie.

109 298 189 341 quedam
202 296 327 339 Flandrensis,
335 297 384 331 viros
396 296 495 330 oratorium
507 295 578 340 ingredi
589 293 710 338 conspiciens,
720 298 739 328 et
747 305 812 329 vocem

110 350 256 385 dissuadentium
270 351 365 384 introitum
380 360 418 383 non
433 350 514 392 audiens,
530 359 576 383 ausu
593 348 672 381 femineo
687 346 755 381 intrare
770 358 812 391 pre·

110 404 194 448 sumpsit.
217 404 256 438 Nec
268 414 324 445 mora,
333 402 370 437 iam
381 402 479 447 vestigium
490 402 509 437 in
521 401 567 437 ostio
580 400 646 445 posuit,
658 406 677 435 et
689 400 740 444 quasi
752 400 812 435 valido

111 457 160 491 venti
175 456 247 491 turbine
263 456 327 490 celitus
342 456 421 500 repulsa,
436 461 537 490 retrorsum
552 455 571 488 in
587 460 654 489 terram
669 454 760 488 exanimis
773 466 812 488 cor-

93 511 151 552 5ruit.
182 510 222 551 Quo
240 509 300 542 audito
315 509 344 543 vir
358 509 388 543 dei
404 509 501 543 subridens
519 508 574 542 dixit:
597 508 632 543 ‘Et
646 508 680 541 hoc
697 507 763 541 merito
778 518 812 550 pro

111 563 169 606 culpis
182 561 220 596 suis
233 561 312 605 accepit!
336 562 359 595 Et
371 562 449 595 veniens
461 563 485 595 ad
498 572 539 595 eam
552 566 571 595 et
583 571 630 604 aqua
643 560 739 594 benedicta
750 570 813 603 asper-

110 626 162 660 gens,
177 614 223 650 adeo
239 614 288 649 salus
303 614 370 649 festina
385 613 478 655 successit,
494 614 542 658 quod
558 613 623 648 eadem
639 612 683 648 hora
698 623 745 657 aque
760 613 813 648 fieret

111 668 193 712 aspersio
212 673 230 702 et
249 667 332 702 sanitatis
350 668 442 702 exhibitio.
509 661 559 702 Cum
578 673 639 701 autem
660 664 752 700 m'odicum
771 677 813 701 cere

111 732 121 754 a
137 721 196 755 nautis
214 721 249 754 sibi
265 721 351 754 traditum
370 731 429 765 vsque
445 722 468 754 ad
484 720 588 754 vlteriorem
604 720 683 753 insulam
700 730 776 753 coruum
795 719 813 753 in

85 785 143 811 roore
162 773 234 809 deferre
253 773 373 818 conspiceret,
393 773 516 817 contristatus,
535 772 600 818 positis
619 772 638 808 in
657 772 717 807 littore
735 771 814 817 genibus

111 838 212 871 supernam
226 827 309 861 exorauit
323 827 439 861 clementiam
455 839 478 861 ne
492 828 541 870 quod
553 832 608 860 naute
621 827 709 860 dederant
721 837 745 859 ex
758 827 814 859 deuoss

111 879 166 922 tione,
174 879 215 914 usui
223 879 316 923 deperiret
324 879 406 914 ecclesie.
422 879 448 924 Et,
453 879 514 913 statim
523 890 590 913 coruus
598 878 657 920 rediit,
664 883 682 912 et
689 878 708 912 in
717 878 756 912 loco
764 878 814 912 vnde

112 945 173 967 ceram
185 934 251 967 tulerat
265 933 315 967 illam
327 933 409 977 proiecit.
453 925 572 978 Quibusdam
585 932 645 966 nautis
659 931 678 965 in
689 932 749 965 insule
760 937 814 975 portu

113 986 232 1029 morantibus,
240 998 287 1030 puer
297 998 361 1020 eorum
372 986 451 1020 cimbam
463 986 505 1019 naui
517 991 620 1028 annectere,
631 985 677 1019 sicut
688 990 814 1026 consueuerat,

87 1055 104 1083 15
114 1040 180 1074 oblitus
192 1045 225 1073 est.
248 1040 307 1081 Quam
319 1051 395 1083 rapaces
403 1040 452 1074 vnde
464 1038 582 1082 excipientes,
594 1038 666 1082 longius
678 1038 697 1071 in
708 1038 754 1071 freta
765 1048 815 1070 com-

113 1093 189 1136 pellunt.
212 1093 265 1134 Quod
277 1098 332 1126 naute
344 1092 433 1133 videntes,
446 1093 550 1126 exclamare
565 1098 665 1135 ceperunt:
682 1091 758 1124 ‘Frater
771 1090 814 1123 Bar-

114 1145 211 1185 tholomee,
227 1144 270 1178 veni
286 1149 304 1178 et
319 1144 385 1178 adiuua
400 1145 445 1178 nos’
477 1144 512 1185 Qui
528 1154 620 1187 egressus,
636 1148 654 1177 et
670 1147 756 1186 tanquam
772 1142 816 1185 quid

113 1202 198 1240 peterent
210 1197 300 1240 prescius,
312 1197 392 1239 subrisit,
406 1203 424 1231 et
437 1196 462 1231 ita
475 1197 536 1231 iocose
548 1196 619 1231 intulit:
632 1196 667 1230 ‘Vt
680 1195 724 1239 quid
737 1194 816 1229 vocastis

113 1254 156 1284 me?
179 1250 227 1298 Quid
240 1251 289 1283 enim
299 1250 353 1284 vultis
367 1250 422 1283 michi
435 1251 500 1284 dare?’
524 1250 562 1283 lllis
576 1255 637 1283 autem
649 1260 712 1282 casum
726 1259 779 1282 suum
793 1249 816 1282 de

87 1318 106 1339 κο
114 1303 174 1338 cimba
181 1303 321 1346 exponentibus,
330 1303 370 1346 ipse
378 1313 445 1337 nauem
455 1303 563 1345 ascendens,
571 1302 650 1337 cimbam
658 1312 722 1336 eorum
729 1301 817 1336 velociter

114 1357 173 1391 crucis
188 1356 240 1399 signo
256 1357 316 1391 redire
332 1356 396 1399 coegit.
420 1356 529 1399 insurgente
541 1356 560 1390 in
572 1367 650 1399 puerum
663 1356 785 1398 gubernatore
799 1360 817 1388 et

114 1420 189 1443 manum
205 1410 228 1442 ad
242 1409 382 1453 percutiendum
397 1410 514 1452 extendente,
529 1408 623 1452 prohibuit
634 1408 662 1442 vir
677 1407 712 1449 dei,
725 1418 816 1447 asserens,

115 1461 193 1495 insulam
201 1461 237 1495 tale
248 1461 299 1505 pacis
310 1462 378 1495 habere
388 1461 511 1505 priuilegium,
519 1461 568 1505 quod
578 1472 612 1505 pro
624 1460 673 1494 nullo
685 1471 763 1494 excessu
775 1459 818 1493 licet

115 1515 134 1548 111
149 1526 171 1549 ea
188 1515 353 1549 animaduersionis
369 1516 456 1548 exercere
472 1514 563 1548 iudicium.
593 1514 616 1548 Et
633 1514 674 1548 ille:
694 1514 744 1547 ‘Etsi
762 1513 781 1547 in
796 1524 818 1547 ea

89 1583 107 1611 ²5
116 1578 180 1610 pacem
187 1567 256 1599 habere
262 1567 334 1608 meruit,
340 1567 359 1599 in
366 1567 408 1599 naui
415 1578 479 1609 pacem
486 1578 523 1599 non
529 1566 612 1599 habebit)
636 1566 668 1598 ‘In
674 1566 721 1605 naui,
728 1565 786 1608 inquit
791 1565 819 1598 vir

116 1619 151 1661 dei,
159 1620 201 1653 vide
211 1630 234 1652 ne
245 1619 316 1661 seceris,
325 1630 347 1652 eo
357 1620 406 1662 quod
418 1619 461 1652 inde
473 1619 566 1662 continget
577 1619 626 1662 quod
634 1618 670 1652 vite
678 1623 709 1651 tue
717 1629 754 1650 non
762 1628 818 1661 expe-

115 1672 164 1706 diet.¹
181 1672 214 1706 Ille
220 1682 264 1706 vero
270 1672 339 1705 monita
347 1672 405 1715 patris
412 1672 476 1705 audire
482 1677 620 1715 contempnens,
626 1672 762 1705 adolescentem
768 1670 819 1714 virga

117 1725 219 1769 percussit:
237 1730 256 1758 et
265 1725 325 1768 primo
336 1725 456 1769 nauigationis
468 1725 497 1758 die
506 1730 589 1769 egrotare
602 1724 655 1768 cepit,
666 1729 684 1758 et
695 1725 775 1757 secundo
782 1724 820 1758 vite

118 1779 174 1811 finem
187 1777 242 1811 dedit.
266 1778 320 1819 Quod
332 1788 374 1811 cum
387 1778 416 1812 vir
429 1778 459 1812 dei
471 1778 558 1822 audisset,
568 1778 601 1812 ait:
619 1777 722 1821 ‘Numquid
733 1788 770 1811 non
782 1777 820 1811 dlxi

91 1844 110 1872 30
118 1830 188 1863 homini
195 1830 221 1862 illi
229 1831 287 1863 “Noli
298 1841 375 1873 peccare
385 1831 404 1863 in
414 1833 509 1874 puerum,¹’
518 1836 536 1864 et
548 1842 585 1863 non
595 1831 664 1864 audiuit
675 1833 726 1864 mel'
769 1823 820 1864 Auis

118 1884 194 1926 paruula
202 1883 311 1916 cotidianam
322 1884 345 1916 de
356 1894 421 1917 mensa
431 1883 471 1917 eius
484 1883 559 1927 capiens
569 1894 667 1925 annonam,
675 1894 686 1916 a
696 1883 742 1932 niso,
750 1882 769 1916 in
780 1894 820 1916 ora-

118 1936 184 1969 torium
200 1946 241 1968 cam
257 1935 371 1978 insequente,
387 1941 439 1978 rapta
454 1936 558 1969 deuoratur.
583 1935 623 1977 Quo
639 1935 686 1969 facto
702 1935 754 1969 nisus
769 1935 820 1969 exire

118 1993 216 2030 temptans,
226 1993 244 2020 et
254 1998 291 2020 non
299 1988 368 2028 valens,
379 1988 463 2031 precipiti
474 1988 535 2021 volatu
546 1988 565 2021 in
576 1988 662 2029 fenestra,
672 1987 691 2020 in
701 1988 747 2021 ostio
758 1993 821 2031 aperto

118 2041 167 2074 velut
179 2050 190 2074 a
202 2050 255 2073 muro
267 2040 352 2083 repulsus
365 2040 448 2083 allidens,
461 2051 558 2084 egressum
569 2051 606 2074 non
618 2041 694 2083 inuenit,
708 2041 741 2074 sed
753 2040 783 2075 vbi
793 2041 822 2074 vir

93 2108 111 2137 35
119 2094 149 2128 dei
164 2094 230 2128 sedere
245 2093 314 2127 solebat
329 2094 428 2128 descendit.
456 2095 515 2136 Quem
531 2105 572 2128 cum
585 2094 662 2129 vidisset
677 2105 743 2129 seruus
758 2094 787 2128 dci
802 2094 821 2128 in

119 2151 179 2180 rostro
191 2150 209 2179 et
218 2146 290 2190 ungulis
303 2146 372 2179 cruoris
382 2147 455 2191 signum
466 2148 570 2189 habentem,
578 2147 612 2181 ait:
627 2147 725 2191 ‘Nunquid
735 2152 754 2180 tu
765 2147 822 2181 miser

119 2211 173 2234 auem
185 2204 267 2233 nostram
279 2210 325 2232 ausu
337 2200 434 2234 temerario
447 2200 534 2235 inuadere
546 2200 697 2244 presumpsistil'
722 2200 745 2234 Et
756 2211 822 2245 appre-

120 2254 204 2286 hendens
218 2263 266 2294 eum,
280 2258 299 2285 et
312 2252 367 2285 biduo
380 2254 497 2296 concludens,
511 2253 555 2287 tanti
570 2253 655 2286 facinoris
669 2253 741 2296 culpam
755 2253 822 2287 ieiunio

119 2315 198 2348 purgare
211 2305 280 2347 coegit;
297 2310 315 2337 et
326 2305 380 2337 tertia
391 2306 425 2346 die,
437 2306 563 2338 misericordia
573 2311 639 2347 motus,
650 2306 708 2338 libere
719 2306 770 2338 abire
780 2317 823 2349 per-

93 2371 112 2401 40
120 2357 174 2391 misit.
221 2349 279 2391 Hanc
297 2356 377 2390 insulam
396 2357 502 2392 farnensem
520 2363 593 2392 vetusta
612 2357 714 2401 longeuitas
733 2359 822 2401 quasdam

121 2410 204 2452 perhibet
212 2419 256 2443 aues
264 2409 344 2443 incolere
350 2409 361 2450 ¹,
370 2420 405 2453 que
414 2411 468 2444 ‘aues
476 2411 534 2444 sancti
543 2410 647 2445 Cuthberti’
656 2410 678 2443 ab
686 2410 751 2444 incolis
759 2411 823 2454 appel-

121 2462 186 2497 lantur.
208 2461 300 2506 Tempore
314 2462 442 2497 nidificationis
455 2462 480 2497 ibi
494 2463 611 2506 conueniunt,
623 2467 641 2496 et
653 2467 703 2497 tante
717 2468 823 2498 mansuetu-

122 2515 170 2549 dinis
183 2515 259 2558 gratiam
273 2527 284 2549 a
297 2516 331 2550 loci
345 2517 440 2550 sanctitate
454 2517 554 2561 possident,
566 2522 585 2551 vt
597 2517 687 2551 humanos
700 2522 794 2551 contactus
806 2523 824 2551 et

122 2574 207 2611 aspectus
215 2579 251 2601 non
260 2570 380 2611 abhorreant;
393 2570 473 2613 quietem
481 2575 547 2612 amant,
556 2580 609 2603 secus
617 2570 673 2604 altare
682 2572 761 2613 quedam
769 2571 825 2605 aues²

222 2641 228 2659 ¹
239 2642 256 2672 E.
263 2642 279 2670 in
286 2643 343 2674 colore.
644 2644 650 2662 ²
660 2645 678 2675 T.
685 2646 724 2678 ouis.
