1762 2803
136 167 178 209 286
326 164 406 216 moto
421 161 537 224 termut
552 161 645 224 tinctio

135 283 207 319 vicariis
216 282 291 329 prefatis
302 284 382 319 contulit.
405 284 469 319 Sedet
480 284 505 319 illi
515 283 533 318 in
543 288 662 328 personatum
672 283 751 328 promoti
758 283 836 319 vicarios

136 338 171 372 sibi
185 338 278 379 facientes,
293 337 385 381 prioribus
399 335 473 381 peiores
487 337 530 371 iacti
547 343 595 371 sunt.
618 337 660 371 Rex
676 335 731 380 igitur
747 337 836 378 turbatus,

136 397 228 425 annuente
236 401 288 434 papa,
296 391 396 423 monachos
404 391 509 423 introduxit.
550 383 592 423 1Εο
600 394 683 432 tempore
692 390 766 432 quidam
774 399 836 422 comes

135 444 213 477 duxerat
227 447 322 486 cognatam
337 452 395 485 snam,
410 447 429 477 et
444 447 539 487 correptus
554 453 565 476 a
578 442 679 485 Dunstano,
693 452 759 486 parere
774 441 836 476 noluit.

118 495 319 535 5Excommunicatur²
329 495 365 536 ille,
377 495 420 529 adiit
431 505 495 539 regem
507 505 621 539 conquerens
633 496 657 529 de
669 495 771 529 Dunstano.
794 494 837 528 Rex

136 548 229 583 mandauit
244 547 381 593 archiepiscopo
396 553 416 584 vt
431 559 473 583 eum
488 548 601 583 absolueret:
621 547 652 593 qui
668 548 730 590 noluit,
746 548 779 583 sed
795 559 837 582 eum

135 602 209 645 grauius
220 602 389 636 excommunicauit.
412 601 445 635 Ille
454 602 532 635 Romam
543 614 585 635 cum
594 602 656 635 multis
667 602 773 635 muneribus
782 602 837 644 misit,

136 660 154 689 et
167 654 277 698 apostolicus
288 654 382 688 mandauit
394 654 490 688 Dunstano
501 659 521 688 vt
534 665 576 688 eum
590 655 699 688 absolueret.
722 654 785 688 ‘Absit
797 654 837 696 hoc,

136 707 194 750 inquit
201 708 312 749 Dunstanus,
318 713 337 741 vt
343 717 398 740 causa
402 707 478 741 alicuius
483 708 565 741 mortalis
570 707 649 741 hominis
656 712 772 741 contemnam
778 707 838 750 legem

110 760 166 794 rodei
178 761 223 794 mei’
246 759 299 801 Quod
312 760 377 793 videns
389 770 450 793 comes
461 759 538 803 penituit
550 765 568 793 et
579 770 720 795 vxoremsuam
731 759 838 803 repudiauit,

137 813 227 857 nudisque
236 812 320 856 pedibus,
330 812 389 846 laneis
398 811 473 846 indutus
480 812 586 856 virgamque
598 812 617 845 in
628 823 683 846 manu
695 823 763 855 gerens
774 812 838 846 cecidit

137 868 160 900 ad
174 868 231 910 pedes
244 865 340 907 Dunstani,
352 871 370 900 et
383 871 426 900 tunc
438 865 498 909 primo
509 866 603 900 absolutus
615 871 649 900 est.
694 859 782 910 Quodam
794 871 839 900 tem·

137 931 183 964 pore
194 920 242 964 capti
254 924 296 953 sunt
307 924 345 953 tres
356 919 473 953 fabricatores
485 918 531 953 false
544 924 627 962 monete;
644 919 675 963 qui
687 930 731 953 mox
743 918 839 953 adiudicati

138 977 181 1006 sunt
188 974 211 1006 ad
220 983 307 1006 manuum
315 971 447 1006 abscisionem:
460 977 478 1006 et
487 972 602 1006 Dunstanum
611 982 648 1006 non
656 971 712 1006 latuit.
736 972 770 1006 Die
778 976 839 1006 autem

112 1038 129 1068 15
138 1030 255 1069 pentecostes
263 1025 387 1058 celebraturus
395 1025 471 1058 missam
478 1030 607 1068 percunctatus
617 1030 645 1058 est
652 1030 713 1059 utrum
725 1024 755 1058 lex
764 1023 840 1067 impleta

139 1084 198 1112 esset:
211 1089 321 1122 responsum
331 1082 364 1119 est,
372 1082 448 1122 propter
458 1077 581 1111 reuerentiam
590 1077 626 1110 diei
636 1077 709 1111 dilatam
719 1088 761 1111 esse
771 1088 840 1120 penam

139 1142 198 1175 vsqne
210 1132 229 1164 in
242 1130 291 1164 diem
303 1131 386 1164 alterum.
407 1130 543 1174 ‘Nequaquam
557 1130 620 1174 inquit,
633 1131 655 1164 ad
669 1129 726 1164 altare
737 1141 771 1174 ego
785 1129 839 1166 hodie

138 1185 242 1225 ascendam,
250 1184 309 1217 donec
317 1183 397 1217 debitam
406 1183 526 1217 sustinuerint
534 1194 612 1226 penam;
624 1194 667 1216 nam
675 1183 770 1226 negocium
779 1184 801 1216 ad
810 1194 840 1217 me

139 1237 224 1280 respicit?
248 1236 285 1279 Ipsi
297 1236 346 1270 enim
357 1235 391 1269 viri
403 1236 421 1269 in
433 1239 523 1278 potestate
535 1235 574 1270 eius
586 1240 642 1270 erant.
666 1235 727 1270 Dixit:
743 1241 760 1270 et
770 1246 803 1278 pro
814 1235 840 1270 eis

112 1303 131 1324 ιο
139 1290 170 1334 qui
178 1300 243 1323 manus
251 1287 339 1332 perdituri
347 1294 399 1322 erant
406 1288 484 1322 multum
491 1287 566 1332 plorans
575 1288 654 1322 ostendit
665 1289 688 1322 de
699 1300 735 1332 qua
745 1288 840 1322 affectione

139 1344 174 1376 hoc
189 1343 239 1376 dixit.
267 1342 337 1383 Quibus
352 1341 426 1385 punitis,
441 1341 523 1374 ascendit
538 1342 561 1374 ad
576 1342 632 1375 altare
647 1341 684 1375 lota
699 1341 749 1384 facie,
765 1341 839 1376 dicens:

140 1395 203 1429 ‘Nunc
212 1394 282 1429 confido
291 1394 339 1438 quod
347 1393 457 1428 sacrificium
465 1394 488 1427 de
499 1404 554 1427 manu
564 1404 605 1428 mea
615 1393 702 1438 suscipiet
713 1394 840 1438 omnipotens.¹

140 1449 161 1482 In
173 1460 209 1491 qua
220 1448 277 1482 missa
288 1448 332 1481 dum
344 1446 412 1480 diceret
424 1446 530 1480 ‘ecclesiam
542 1451 592 1480 tuam
603 1457 658 1489 quam
670 1446 771 1490 pacificare,
783 1452 841 1479 custo-

140 1501 184 1542 dire,
195 1502 280 1541 adunare,
291 1504 309 1533 et
320 1509 385 1542 regere
395 1498 486 1542 digneris,’
498 1498 552 1532 niuea
564 1498 647 1532 columba
656 1509 712 1543 super
721 1509 768 1540 eum,
779 1498 841 1532 multis

61 1586 63 1589 .
114 1568 132 1596 ²5
140 1554 251 1596 videntibus,
259 1551 358 1595 descendit,
368 1557 385 1586 et
393 1552 427 1586 alis
435 1550 523 1595 expansis
533 1562 589 1595 super
599 1556 654 1595 caput
662 1552 705 1592 eius,
714 1551 740 1585 sic
748 1551 815 1585 mansit
822 1551 841 1585 in

142 1607 219 1648 silentio,
229 1617 287 1648 usque
299 1607 343 1639 dum
355 1604 464 1638 sacrificium
475 1604 602 1647 compleretur.
625 1604 666 1646 Quo
677 1604 758 1647 impleto,
769 1604 842 1638 diuertit

142 1670 199 1703 super
211 1659 293 1692 tumbam
306 1658 377 1691 Odonis
390 1657 482 1700 quondam
497 1656 635 1699 archiepiscopi,
647 1656 680 1690 alis
692 1656 730 1690 suis
742 1667 782 1690 eam
794 1667 842 1690 com·

142 1714 220 1756 plexans
228 1716 246 1745 et
254 1716 313 1744 rostro
322 1710 436 1744 deosculans.
458 1709 512 1742 Vnde
521 1708 633 1751 Dunstanus,
641 1708 724 1752 quotiens
734 1714 799 1752 postea
808 1720 843 1752 per

142 1763 261 1807 sepulchrum
273 1762 321 1796 illius
332 1760 466 1806 pertransiuitt
476 1766 496 1795 vt
507 1761 623 1804 premittitur,
634 1772 695 1805 genua
706 1760 761 1803 ssexit,
770 1766 788 1794 et
800 1772 843 1795 eum

115 1830 134 1859 5⁰
142 1823 206 1863 postea
222 1817 317 1850 ‘Odonem
334 1814 445 1856 sododem⁴,’
458 1814 477 1848 id
492 1819 520 1848 est
536 1814 631 1848 ‘Odonem
646 1816 724 1849 bonum'
738 1814 842 1859 appellauit.

143 1873 191 1906 Dum
199 1876 260 1905 autem
265 1870 391 1913 digrederetur
396 1869 419 1902 ab
425 1868 481 1909 altari,
490 1867 578 1902 ministris
584 1879 618 1912 pro
626 1867 691 1912 signo⁶
698 1869 747 1912 quod
752 1868 843 1903 acciderat

142 1925 161 1959 in
170 1917 243 1958 diuersa
251 1923 340 1963 euntibus,
348 1933 385 1955 non
396 1922 429 1955 fuit
440 1921 470 1965 qui
481 1921 561 1955 casulam
571 1920 619 1954 illius
630 1920 736 1964 susciperet.
760 1920 801 1963 Que
811 1932 843 1965 pe·

142 1977 205 2022 pendit
218 1977 237 2013 in
250 1986 298 2017 aere,
311 1986 345 2010 nec
358 1980 426 2009 terram
437 1974 502 2018 tetigit,
514 1985 537 2009 ne
549 1985 623 2009 seruum
635 1974 665 2009 dei
676 1986 687 2009 a
698 1985 731 2009 sna
742 1973 842 2009 intentione

142 2031 228 2065 turbaret.
273 2021 324 2062 Cum
337 2033 398 2060 autem
412 2027 519 2061 Dunstanus
532 2029 624 2071 quandam
636 2027 729 2061 dedicaret
741 2026 842 2069 ecclesiam,

115 2093 134 2122 35
143 2089 161 2117 et
169 2082 219 2115 illam
229 2080 305 2114 uidisset
314 2090 379 2114 versus
390 2080 480 2113 orientem
490 2090 527 2113 non
538 2090 580 2113 esse
591 2090 709 2122 conuersam3
721 2080 799 2113 humero
810 2090 843 2112 suo

143 2146 208 2181 parurn
221 2133 337 2179 suppressit⁶
350 2144 402 2167 earn:
418 2138 436 2166 et
449 2143 493 2166 mox
508 2132 565 2166 fertur
576 2143 620 2166 eam
630 2133 653 2166 ad
666 2132 756 2166 orientem
768 2142 788 2166 se
800 2142 843 2166 con-

143 2189 225 2224 uertisse.
248 2186 296 2221 Villa
307 2190 369 2221 autem
380 2186 399 2220 in
410 2196 447 2230 qua
459 2186 494 2220 hoc
507 2186 574 2220 factum
587 2185 658 2229 legitur,
671 2185 779 2229 Magauelda
790 2196 843 2219 voca-

142 2243 200 2276 batur.
243 2232 303 2274 ⁷P0sr
314 2240 383 2273 obitum
393 2249 438 2274 vero
449 2239 517 2283 Edgari
528 2239 583 2283 regis,
593 2244 650 2273 status
658 2239 710 2282 regni
721 2238 843 2273 turbationem

143 2295 226 2340 pertulit:
241 2304 284 2328 nam
295 2294 358 2337 plures
369 2297 469 2336 magnates
479 2292 542 2327 eiectis
553 2292 647 2327 monachis
656 2293 679 2327 de
690 2292 762 2335 magnis
772 2302 844 2326 monas-

115 2348 193 2390 4oteriis
209 2357 255 2391 quos
270 2357 304 2380 rex
320 2346 403 2389 Edgarns
419 2351 437 2379 et
452 2346 560 2379 Dunstanus
575 2346 695 2385 instituerant,
711 2344 787 2378 clericos
802 2356 844 2379 cum

143 2400 230 2436 uxoribus
243 2400 361 2433 reduxerunt.
384 2399 450 2433 Coacto
464 2409 521 2443 super
532 2399 566 2432 hoc
578 2399 626 2443 apud
638 2397 752 2433 Wintoniam
764 2397 843 2438 consilio,

144 2465 210 2498 ymago
217 2452 299 2487 crucifixi
307 2453 325 2485 in
334 2452 392 2495 capite
402 2452 493 2485 refectorii
502 2452 556 2485 modo
566 2452 629 2493 locata,
638 2452 728 2485 humanas
737 2450 844 2494 exprimens

165 2536 170 2553 ¹
181 2537 227 2566 From
234 2536 278 2565 Vino.
288 2536 327 2566 Bell.
336 2544 348 2565 c.
358 2545 377 2573 79
385 2535 410 2574 (cs.
419 2534 540 2565 Eadmer'sVita
545 2535 561 2564 in
568 2534 635 2573 Surius).
667 2533 673 2551 ²
684 2533 701 2563 E.
709 2533 844 2565 Excomunicatur.

144 2576 303 2605 ²T.VB.transiuit.
350 2573 516 2613 *Eadm‘segode’
564 2575 598 2604 5Ε.
606 2574 657 2611 signa.
703 2571 772 2603 ⁰Eadm.
782 2574 843 2611 pressit.

145 2615 151 2633 ⁷
161 2615 184 2645 Cf.
193 2616 229 2645 Chr.
238 2615 319 2645 Bremton.
522 2614 524 2617 ’
