1762 2803
191 123 236 178 mc
252 120 351 174 &anon
368 119 470 177 otum
485 118 668 180 attitulatum.
737 130 780 176 377

79 242 149 278 delictis
158 242 177 278 in
187 243 244 278 missa
253 247 318 285 oraret,
326 242 372 276 adeo
382 241 495 275 humiliatum
507 247 545 275 erat
555 250 587 275 cor
597 240 637 275 eius
647 246 666 275 et
676 240 780 283 contritum,

78 304 98 333 vt
109 297 167 342 magis
179 308 221 331 cum
233 296 326 331 lachrimis
335 295 425 339 singultus
436 295 531 339 prodirent
542 305 597 339 quam
605 294 666 329 verba.
689 293 718 329 Ob
725 304 781 338 vagas

79 351 134 385 etiam
146 351 206 384 cordis
217 350 336 393 cogitationes
347 349 485 393 reprimendas¹
494 348 574 391 aliquem
585 348 667 381 libellum
679 347 781 380 orationum

79 403 98 437 in
110 403 166 437 missa
176 408 239 436 tenere
250 408 269 436 et
279 402 341 446 legere
351 401 456 442 consueuit;
468 401 579 446 missamque
590 400 697 435 festinanter
708 409 783 444 semper

80 455 213 491 consummauit
226 461 303 500 propter
313 454 438 490 immissiones
451 464 486 499 per
496 454 572 499 angelos
583 454 647 496 malos,
659 453 799 499 perniciosums

80 521 150 544 necnon
163 509 278 552 [uanamm]²
289 508 417 553 cogitationum
429 512 566 552 superuentum.
589 507 656 543 Manus
667 512 728 542 autem
739 516 782 541 suas

80 562 182 597 excutiebat
194 563 217 596 ab
228 562 278 596 omni
290 572 372 603 munere,
380 566 398 595 et
410 572 420 595 a
431 561 486 595 domo
496 571 530 595 sua
541 561 605 596 sordes
616 560 695 595 auaricie
705 570 782 604 prorsus

80 614 190 649 eliminabat.
212 614 266 648 Vnde
277 615 307 648 et³
314 614 378 648 accidit
389 621 408 648 vt
420 615 477 648 abbas
488 614 568 657 quidam,
576 614 669 657 negotium
681 614 752 647 habens
762 612 781 646 in

80 668 130 701 curia
141 667 186 708 eius,
198 667 266 712 aliquot
277 678 343 702 aureos
355 678 403 701 nunc
415 667 451 701 hiis
465 676 513 701 nunc
524 665 560 701 illis
571 666 602 711 qui
613 665 685 701 iudiciis
696 671 782 709 preerant

81 721 165 755 offerret:
187 721 220 755 sed
234 730 276 755 cum
291 731 357 755 omnes
371 725 486 766 respuerent,
500 720 556 755 abbas
571 719 664 764 negotium
679 718 749 764 peregit
764 723 782 754 et
793 728 811 750 10

61 805 63 811 ,
80 784 145 808 aurum
158 774 223 815 retulit,
236 779 254 808 et
267 775 356 809 recedens
368 773 424 809 dixit:
441 773 524 808 ‘Curiam
538 773 612 817 repperi
625 783 661 818 que
673 783 709 807 non
723 772 783 806 solum

80 831 122 871 post
133 837 198 861 aurum
210 837 247 861 non
258 827 307 869 abiit,
316 828 350 862 sed
361 838 426 862 aurum
437 826 502 868 abiicit,
512 826 582 871 spernit
594 833 612 861 et
623 826 690 861 calcat?
736 818 783 860 Erat

80 880 129 914 enim
147 880 235 923 prouidus
253 880 272 914 in
291 880 377 923 consiliis,
392 880 410 914 in
425 879 542 914 ventilatione
557 890 653 913 causarum
667 879 746 921 diligens
764 885 783 912 et

81 934 175 966 modestus
194 933 270 975 auditor,
285 933 303 966 in
321 932 491 976 interrogationibus
506 932 583 972 subtilis,
598 932 617 965 in
631 931 783 975 responsionibus

81 990 182 1029 promptus,
194 984 213 1019 in
228 985 299 1020 iudiciis
310 986 374 1030 iustus,
386 986 426 1020 sine
437 995 559 1031 personarum
570 985 676 1030 acceptione
687 984 732 1019 iuris
744 993 811 1027 rec-15

81 1039 162 1073 tissimus
170 1046 261 1074 executor.
285 1040 350 1074 Nullus
358 1051 429 1084 pauper
435 1041 458 1074 ab
466 1040 505 1074 eius
515 1040 574 1074 ianuis
581 1050 650 1074 vacuus
660 1038 723 1081 rediit3
735 1039 783 1073 lares

81 1103 167 1136 egrorum
178 1098 196 1126 et
210 1092 296 1127 debilium
307 1105 341 1138 per
352 1105 395 1128 suos
407 1093 503 1137 diligenter
515 1094 645 1134 scrutabatur⁴‚
657 1098 675 1126 et
689 1091 783 1126 beneficiis

81 1146 170 1178 visitabat.
194 1146 298 1189 Religiosos
303 1147 353 1180 viros
360 1152 409 1180 tanta
417 1146 520 1180 reuerentia
526 1145 633 1190 excipiebat,
639 1150 657 1179 vt
663 1145 714 1179 credi
720 1150 783 1189 posset

82 1199 100 1231 in
109 1198 136 1233 eis
144 1198 224 1233 diuinam
232 1200 345 1243 presentiam
353 1206 384 1234 aut
394 1199 469 1243 angelos
476 1199 566 1233 venerari.
612 1191 635 1232 In
643 1208 707 1232 mensa
715 1197 764 1232 enirn
772 1209 783 1232 a

82 1251 152 1285 dextris
160 1252 239 1286 eruditos
250 1262 299 1296 suos,
307 1252 406 1287 monachos
414 1262 458 1287 vero
466 1258 484 1287 et
494 1252 590 1296 religiosos
600 1263 611 1286 a
621 1251 700 1286 sinistris
711 1250 783 1294 statuit,
792 1260 812 1281 20

82 1303 148 1338 milites
155 1315 200 1339 vero
208 1305 299 1349 ceterique
308 1311 393 1349 potentes
403 1305 500 1350 separatim
511 1315 585 1350 semper
595 1311 613 1339 et
624 1316 658 1349 per
668 1315 689 1339 se
699 1315 783 1339 seorsum

82 1356 226 1399 discumbebant,
234 1369 257 1392 ne
265 1358 316 1401 ipsos
324 1359 429 1393 molestaret
438 1358 492 1392 lectio
499 1369 535 1401 que
543 1358 628 1392 continue
638 1357 657 1391 in
667 1367 732 1391 mensa
742 1368 784 1400 per-

82 1410 163 1442 sonabat.
185 1409 207 1443 In
220 1420 285 1443 mensa
298 1410 338 1444 eius
349 1421 386 1445 non
398 1411 518 1444 audiebantur
529 1409 636 1452 cornicines,
648 1419 684 1444 non
696 1408 735 1450 lira,
747 1419 784 1444 non

82 1462 148 1506 phiala,
162 1472 199 1497 non
210 1463 247 1497 vlla
260 1463 371 1498 musicorum
384 1474 463 1507 genera;
480 1462 530 1497 nulla
544 1462 587 1507 gule
601 1462 630 1497 vel
643 1461 723 1503 lasciuie,
735 1462 785 1496 nulla

82 1516 155 1559 penitus
167 1515 284 1550 incitamenta
295 1515 366 1551 luxurie
373 1516 486 1551 videbantur.
510 1516 559 1550 Inter
571 1516 628 1550 multa
639 1515 699 1549 enim⁶
707 1522 725 1549 et
735 1516 785 1550 varia
795 1527 812 1556 ²5

83 1579 118 1612 que
126 1569 265 1613 apponebantur
273 1569 291 1604 in
301 1581 371 1612 mensa,
379 1571 402 1604 ad
411 1570 476 1604 esum⁶
483 1569 579 1615 proprium
588 1580 652 1613 pauca,
660 1570 693 1603 sed
702 1570 785 1613 preciosa

83 1622 177 1657 retinebat.
200 1622 253 1657 Vnde
262 1634 303 1657 cum
312 1623 386 1667 quidam
396 1623 454 1657 semel
461 1623 513 1666 quasi
523 1623 635 1657 subridendo
645 1627 716 1656 notaret
725 1621 786 1665 ponti-

83 1674 143 1716 ficem,
151 1675 281 1718 aliquantisper
289 1681 349 1709 motus
357 1675 455 1719 episcopus
463 1675 489 1710 sic
497 1674 593 1719 respondit
600 1675 628 1709 ei:
644 1675 714 1716 ‘Certe
722 1674 786 1718 inquit,

84 1726 144 1769 trater,
155 1727 174 1760 ni
184 1726 241 1769 fallor,
251 1738 292 1762 cum
306 1728 391 1762 auiditate
404 1728 469 1762 maiori
480 1734 499 1762 tu
511 1734 561 1762 tuam
573 1727 631 1762 sumis
642 1727 720 1769 sabam⁷,
730 1738 785 1771 quam

84 1790 118 1822 ego
127 1780 230 1823 appositam
236 1780 280 1814 mihi
288 1781 384 1825 phasidem
392 1783 456 1815 auem.¹
480 1781 523 1815 Erat
531 1786 573 1815 tunc
581 1781 621 1815 auis
629 1781 662 1815 hec
670 1785 713 1815 ante
721 1791 785 1826 presu·
794 1789 813 1819 3ο

84 1832 120 1867 lem
129 1832 147 1866 in
155 1833 258 1878 parapside.
273 1834 356 1869 Pontifex
364 1834 413 1870 enim
423 1835 479 1879 [quia]
485 1836 491 1854 ³
498 1834 590 1879 grossiora
596 1845 633 1869 non
640 1840 716 1878 poterat,
722 1840 785 1879 vtpote

84 1891 147 1921 tenere
162 1887 247 1928 nutritus,
259 1887 345 1921 deliciosa
356 1887 436 1931 quidem,
450 1890 483 1923 sed
494 1900 549 1932 parce
560 1889 658 1922 admodum
670 1889 754 1923 sumebat
767 1894 785 1922 et

85 1939 151 1980 sobrie,
156 1945 175 1971 vt
180 1949 217 1971 non
225 1939 283 1983 magis
289 1939 358 1973 cibatus
364 1949 418 1983 quam
424 1940 502 1981 ieiunus,
507 1951 544 1974 non
550 1945 592 1985 post
600 1939 666 1974 ieiunia
671 1939 724 1984 tplus
730 1950 784 1984 quam

84 1996 131 2034 ante,
146 1992 201 2026 vllam
216 1991 247 2026 vix
262 1991 339 2027 sentiret
356 1993 416 2027 carnis
433 1993 557 2029 rebellionem.
586 1993 651 2029 Ocium
667 2003 785 2038 summopere

84 2046 175 2089 fugiebat:
188 2047 236 2090 quod
248 2051 308 2080 autem
320 2052 409 2080 nocturno
421 2058 499 2091 sompno
510 2048 550 2082 sine
561 2048 625 2092 grandi
637 2047 734 2091 dispendio
745 2058 786 2081 cor·
794 2059 813 2090 35

84 2099 135 2142 poris
142 2104 252 2143 extorquere
259 2099 323 2144 potuit,
331 2099 424 2134 lachrimis
431 2105 449 2134 et
457 2100 569 2135 orationibus
577 2100 689 2145 indulgebat.
733 2093 787 2136 Con-

84 2157 149 2185 uocato
159 2151 221 2195 itaque
231 2152 254 2186 ab
262 2152 370 2186 Alexandro
377 2163 426 2196 papa
432 2153 512 2186 Turonis
520 2154 596 2187 concilio
601 2154 619 2193 ¹⁰,
624 2158 699 2187 sanctus
704 2153 787 2187 Thomas

84 2214 118 2246 per
132 2209 189 2238 totam
203 2205 334 2238 Normanniam
350 2210 368 2238 et
383 2205 527 2240 Cenomanniam
542 2206 640 2248 transiens,
652 2211 738 2251 tanquam
754 2216 787 2240 rex

84 2256 187 2301 Anglorum
199 2259 222 2292 ab
233 2258 318 2292 omnibus
329 2263 418 2303 exceptus
429 2264 463 2293 est.
485 2259 566 2294 Turonis
575 2269 620 2294 vero
632 2258 787 2304 appropinquans,

85 2319 128 2345 mox
142 2310 205 2347 ciuitas
215 2310 302 2347 vniuersa
313 2316 444 2354 commonetur,
455 2317 474 2348 et
485 2312 559 2348 obuiam
571 2318 640 2347 exeunt
650 2311 738 2352 uniuersi,
749 2322 787 2346 non
795 2325 816 2355 4⁰

85 2364 144 2398 solum
156 2365 206 2399 ciues
217 2365 265 2409 [sed]
271 2364 282 2384 ¹¹
294 2371 313 2399 et
328 2364 410 2410 episcopi
423 2372 441 2400 et
452 2365 585 2411 archiepiscopi
596 2365 627 2411 qui
639 2366 662 2400 ad
673 2365 770 2400 concilium
775 2364 788 2385 ¹⁰

86 2425 209 2454 conuenerant
221 2418 278 2454 sere¹²
294 2430 370 2462 omnes;
386 2420 487 2455 cardinales
499 2430 572 2465 quoque
586 2430 656 2462 omneS,
669 2424 787 2464 preterquam

105 2501 260 2540 ¹E.reprimaudas.
311 2503 347 2534 1Ε.
355 2504 468 2540 malarum3T.
476 2512 555 2536 uauarum.
607 2503 703 2533 'om.inT.
753 2502 788 2532 ¹T.

85 2542 197 2574 scrutabantur,
237 2542 382 2573 'Renimmulta
427 2542 606 2581 ⁶T.esmn;E.vsum
649 2541 787 2574 'T.tua..saba.

85 2578 133 2612 ⁸om.
173 2583 258 2621 'Qvina
298 2583 310 2601 ¹⁰
321 2583 339 2614 E.
347 2583 418 2615 consitio.
459 2583 470 2602 ¹¹
481 2593 512 2614 oro.
553 2583 565 2602 ¹²
575 2584 593 2615 E.
601 2583 648 2614 setis.
