1762 2803
44 113 178 152 mnsam]
204 99 666 160 memtromomotmeetmortpre.
700 103 742 158 585

44 235 110 266 nostros
118 225 155 260 siue
163 222 235 258 diuieias
244 221 414 266 potentersurn'piat,
422 232 450 255 me
456 226 513 255 tamen
521 232 552 255 sue
560 220 655 256 infidelitati
662 231 697 254 non
706 221 745 254 sub·

45 282 87 315 iciet.
110 278 207 310 Honestum
213 280 239 307 est
247 272 293 307 enim
301 278 401 316 perpetuam
409 272 500 306 defendere
509 271 606 306 libertatem
614 271 698 315 simulque
706 270 745 305 fidei

44 331 137 376 puritatem.
161 327 194 359 Pro
202 324 264 368 quibus
271 324 326 357 eciam
337 324 438 357 occumbere
448 334 483 357 non
492 323 552 357 inutile
560 330 664 366 reputamus.
688 321 747 364 Igitur,

45 374 746 420 occepit,superbasuaseritaspostfamulosregemsotiodiripiatnrahaeexpuat,

45 441 75 472 pro
87 425 150 460 Christi
160 424 231 458 nomine
242 423 319 465 colaphis
330 423 385 461 cedat,
394 424 416 456 ad
424 424 502 456 vltimum
513 424 568 456 eciam
577 423 653 466 iugulet;
664 422 746 466 quoniam
755 433 764 463 5

45 490 73 514 rer
80 487 139 519 regum
146 475 179 509 hec
187 474 248 507 videns
255 484 283 507 me
291 474 379 508 transferet
388 473 466 508 inceium
474 474 583 518 perhenniter
589 473 709 517 regnaturum?

62 559 76 595 tt
91 559 121 590 Du
133 563 192 588 seruo
204 563 265 587 mrsu
276 562 367 588 senceum
379 555 497 588 Eonrunounr
509 562 534 588 nr
546 556 655 588 Iucrvnnunr
667 562 730 588 ruore

109 609 247 647 Taurorum,
259 613 284 639 ur
295 613 321 638 uu
333 612 389 639 nouo
400 612 491 638 nrnrrrru
504 612 571 638 seueri
584 606 686 639 Ennunnr.

225 664 257 694 Ex
266 663 339 695 cronicis
354 663 445 695 Weslmon.
456 666 473 695 el
483 663 568 695 Norwr'ci.

89 723 176 757 Ecedente
184 722 241 766 itaque
248 723 316 764 nuncio,
324 733 353 756 rex
361 722 464 755 Edmundus
472 722 521 756 iussit
532 723 657 757 commilitones
666 723 689 756 ad
699 732 749 757 anna

110 775 206 814 conuolare,
214 784 293 807 asserens
302 774 379 815 dignum,
387 784 418 816 pro
428 773 462 807 fide
473 773 537 816 pariter
547 784 623 816 pugnare
633 781 650 807 et
659 773 719 816 patria,
727 783 750 807 ne

48 828 141 860 desertores
154 824 217 857 milicie
231 835 249 857 se
261 835 299 857 esse
314 824 426 866 probarentur
440 830 458 856 et
473 824 530 867 populi
545 824 636 857 delatores.
659 824 714 865 igitur
726 823 750 856 ad

48 875 148 908 instanciam
162 875 261 907 Hunberthi
274 874 350 916 episcopi
364 885 384 906 uc
399 873 481 905 nobilium
495 874 569 906 virorum
582 884 603 906 ac
615 874 750 906 commilitonum
760 883 779 903 ro

48 934 116 957 suorum
128 922 214 956 animatus
227 923 336 956 beatissimus
349 933 378 955 rex
393 923 496 955 Edmundus
508 933 547 956 cum
560 929 597 956 toto
610 923 684 956 exercitu
699 934 750 966 quern

49 975 111 1006 habere
119 972 179 1015 potuit,
189 973 277 1005 confidens
287 974 309 1006 de
319 973 346 1005 dei
356 972 418 1005 auxilio
427 973 510 1016 processit
521 974 603 1007 audacter
612 973 629 1006 in
640 975 704 1007 hostes.
727 974 751 1006 Et

49 1035 82 1057 non
90 1024 140 1065 longe
148 1024 170 1056 ab
178 1024 219 1057 vrbe
227 1023 320 1057 Thesordie
326 1030 385 1057 contra
390 1023 504 1065 aduersarios,
509 1024 542 1057 sibi
548 1022 574 1058 in¹
580 1023 650 1058 obuiam
658 1024 751 1063 venientes,

49 1084 99 1117 graue
108 1080 195 1107 certarnen
206 1084 227 1107 ac
237 1075 288 1107 nimis
296 1073 384 1117 utrobique
394 1074 508 1116 dampnosum
519 1074 609 1108 commisit.
632 1075 701 1117 Nempe
711 1084 751 1108 cum

49 1135 60 1156 a
71 1134 121 1156 mane
132 1124 166 1157 diei
179 1134 233 1167 vsque
246 1124 268 1157 ad
281 1134 371 1166 vesperam
384 1129 443 1156 mutua
456 1134 475 1157 se
487 1134 529 1157 nece
540 1123 678 1166 prostrauissent,
690 1130 707 1157 et
720 1134 751 1166 pro
761 1134 779 1164 ¹5

49 1173 101 1205 nimia
116 1174 243 1207 interfectorum
257 1174 366 1207 multitudine
381 1172 476 1215 ²sanguine
489 1173 527 1206 loca
538 1173 636 1206 certaminis
648 1173 751 1213 rubuissent,

50 1222 134 1265 piissimus
148 1234 177 1257 rex
190 1224 293 1257 Edmundus
308 1234 344 1256 non
359 1222 413 1256 'solum
429 1233 449 1256 ex
462 1228 520 1264 strage
531 1222 667 1256 commilitonum
682 1233 752 1256 suorum

50 1283 80 1313 pro
93 1272 148 1313 patria
159 1280 211 1315 gente
223 1280 239 1306 et
252 1274 286 1306 fide
297 1273 349 1305 lhesu
357 1271 421 1305 Christi
432 1272 565 1313 decertantium,
573 1283 616 1315 quos
628 1272 662 1306 ianr
675 1272 752 1305 martirio

51 1329 139 1355 coronatos
147 1323 223 1365 agnouit,
231 1321 396 1364 condoluit³‚vemm
401 1322 455 1355 eciam
462 1333 493 1365 pro
497 1333 539 1356 nece
544 1323 654 1356 barbarorum
659 1322 753 1356 infidelium

51 1373 73 1404 ad
87 1372 147 1405 inferni
162 1375 250 1406 baratrum
267 1374 374 1405 detruserum
391 1372 443 1404 nimis
457 1383 515 1405 amare
530 1372 605 1414 lugebat.
626 1372 782 1407 Recedentibusro

52 1420 107 1463 itaque
117 1422 196 1464 primitus
206 1424 227 1455 de
238 1423 275 1455 loco
285 1422 348 1455 funeris
358 1421 435 1464 paganis,
443 1421 554 1455 beatissimus
564 1422 652 1455 confessor
663 1422 727 1455 Christi
737 1428 754 1455 et

52 1470 110 1503 martir
120 1474 187 1506 iuturus
198 1484 228 1506 rex
240 1473 343 1506 Edmundus
355 1483 394 1505 cum
406 1471 486 1515 reliquis⁴
497 1472 633 1506 commilitonum
644 1483 714 1507 suorum
726 1472 754 1516 qui

52 1523 148 1563 superstites
160 1529 209 1556 erant
221 1524 244 1556 ad
257 1523 366 1566 Heglesdene
377 1533 456 1556 reuersus
469 1528 500 1562 est,
512 1523 634 1557 inmutabiliter
646 1529 723 1557 statuens
736 1523 755 1557 in

52 1571 109 1605 animo
120 1584 151 1606 suo
162 1585 181 1606 se
192 1585 280 1617 nunquam
292 1575 370 1607 decetero
381 1580 441 1607 contra
452 1574 535 1606 barbaros
546 1580 673 1616 pugnaturum
687 1581 712 1607 set
722 1575 756 1607 hoc

53 1621 150 1655 solomodo⁵
157 1623 199 1656 dixit
207 1624 239 1657 sibi
247 1625 283 1657 fore
290 1624 406 1657 necessarium
413 1629 431 1656 vt
437 1624 483 1656 solus
489 1630 583 1657 moreretur
589 1634 619 1666 pro
625 1624 694 1667 populo,
699 1630 756 1657 etnon
764 1636 783 1666 ²5

54 1675 88 1702 tota
101 1681 143 1712 gens
156 1672 224 1714 periret.
247 1675 314 1714 lngrvar
328 1673 381 1715 igitur
393 1682 431 1705 cum
446 1673 468 1705 de
481 1678 537 1714 strage
550 1672 585 1705 suis
598 1673 645 1706 illata
660 1673 756 1706 inconsola-

53 1718 108 1753 biliter
120 1721 227 1756 anxiaretur:
244 1722 292 1757 venit
306 1722 329 1756 ad
343 1733 383 1756 eum
398 1722 444 1765 apud
459 1722 535 1755 Theiord
545 1722 597 1756 Vbba
608 1722 659 1756 irater
669 1723 706 1756 eius
717 1734 756 1756 cum

54 1768 112 1803 decem
123 1772 192 1806 milibus
203 1781 312 1807 armatorum.
334 1776 358 1807 Et
369 1774 393 1806 sic
405 1774 467 1806 iunctis
479 1773 548 1814 viribus,
560 1779 578 1806 vt
591 1784 610 1807 se
622 1774 727 1807 vindicarent
738 1774 755 1806 in

55 1827 130 1854 sanctum
138 1833 196 1865 regern
206 1824 324 1864 Edmundum,
331 1833 390 1856 versus
403 1823 506 1865 Eglesdene,
515 1833 548 1865 quo
557 1832 586 1855 rex
596 1823 706 1856 beatissimus
716 1829 757 1856 tunc

55 1876 95 1909 erat,
105 1878 161 1905 castra
174 1879 269 1906 mouerunt.
295 1873 416 1914 Wrrengfhrrl.
439 1873 478 1905 Hoc
490 1872 559 1905 audito:
577 1873 785 1915 beatusEdmundus,3o

55 1917 114 1952 videns
122 1922 214 1954 terminum
221 1922 307 1964 passionis
315 1933 345 1954 sue
353 1920 463 1963 im[m]inere,
471 1921 534 1955 talibus
542 1921 598 1955 verbis
608 1932 648 1955 suos
656 1922 758 1965 alloquitur:

55 1966 109 2010 ‘Scio‚
118 1971 243 2005 commilitones
251 1971 342 2014 karissimi,
349 1970 396 2014 quod
403 1971 438 2004 vim
445 1971 462 2005 vi
470 1972 551 2014 repellere
560 1982 619 2006 omnes
632 1973 679 2014 leges
691 1973 757 2005 omnia-

56 2026 87 2058 que
99 2019 136 2054 iura
151 2023 261 2064 permittunt:
278 2029 304 2056 set
315 2022 362 2055 aliud
373 2028 398 2055 est
409 2021 441 2054 fori
455 2021 548 2065 permissio,
560 2022 607 2056 aliud
620 2022 654 2065 poli
669 2022 757 2057 institutio.

56 2067 158 2113 Euangelice
172 2073 236 2116 quippe
250 2084 286 2107 non
304 2079 331 2107 est
348 2071 462 2106 institucionis
479 2072 581 2116 sanguinem
598 2074 675 2115 sundere,
690 2075 758 2108 hostem

56 2117 153 2153 dimicando
168 2124 272 2164 propulsare,
285 2123 337 2156 annis
353 2122 431 2155 inimicos
444 2122 518 2162 abigere.
541 2124 581 2155 Duo
594 2123 683 2165 proposuit
696 2123 758 2156 tiranni
767 2137 786 2167 35

56 2164 127 2211 legatus,
145 2170 232 2213 apostasie
249 2170 369 2205 enormitatem
386 2177 404 2204 et
422 2170 535 2205 subieccionis
550 2172 716 2214 degenerositatem:
734 2179 759 2207 set

56 2225 67 2247 a
83 2217 117 2252 fide
132 2221 196 2256 Christi
214 2222 261 2257 nulla
278 2233 306 2256 me
321 2220 413 2256 deterrebit
430 2222 535 2265 persecucio,
550 2222 573 2256 ad
588 2223 696 2258 dedicionem
712 2224 760 2258 nulla

57 2269 129 2303 emolliet
137 2273 233 2313 promissio.
256 2274 284 2306 De
292 2278 349 2306 cetero
356 2272 435 2314 angustia
445 2272 526 2315 temporis
535 2283 570 2307 non
578 2273 661 2316 permittit
668 2274 760 2308 exercitum

57 2325 159 2362 congregare
173 2328 191 2356 ut
204 2334 251 2356 more
266 2329 333 2366 patrum
348 2322 449 2356 dimicemus
461 2333 492 2365 pro
507 2323 561 2367 patrie
575 2323 654 2358 libertate
668 2331 686 2357 et
701 2323 759 2367 populi

58 2364 159 2405 liberacione
166 2384 170 2406 ι
178 2373 218 2415 quia
223 2373 301 2406 tirannus
307 2373 341 2405 iam
347 2382 410 2414 magna
415 2383 436 2405 ex
441 2379 489 2414 parte
495 2373 589 2406 debilitauit
595 2374 676 2415 populum
682 2380 759 2406 nostrum
767 2386 788 2416 40

58 2415 147 2454 deseuiens
161 2432 215 2465 vsque
230 2423 252 2456 ad
267 2421 423 2465 interempcionem,
438 2427 455 2455 et
470 2422 493 2455 ad
507 2432 578 2455 manum
593 2422 627 2455 iam
641 2420 694 2454 alium
708 2422 761 2455 habet

58 2468 149 2504 exercitum
156 2477 175 2507 vt
183 2472 235 2507 irruat
242 2472 260 2507 in
267 2483 325 2515 regem
333 2478 350 2506 et
357 2471 440 2516 populum
450 2470 538 2514 inermem,
546 2478 563 2506 et
572 2471 664 2515 triumphet
674 2471 695 2505 de
706 2469 760 2505 seruis

68 2524 104 2559 1al.
112 2539 143 2561 om.
173 2531 254 2564 ²alacs.
285 2533 321 2563 'al
329 2532 426 2564 condolebat.
456 2531 571 2571 ‘etreliquiis
604 2531 749 2563 ⁵ul.solummodo.
