1762 2803
336 117 472 178 theolocus.
742 132 754 176 5

53 240 145 275 subiectos
153 238 188 272 sibi
196 237 275 282 populos
285 237 324 272 suis
332 241 455 281 prouocarent
464 235 560 280 exemplis.
582 236 604 270 ln
616 247 668 271 sacre
680 248 755 272 conuer-

53 291 128 326 sationis
141 290 228 325 exercitio
242 295 312 325 tantum
326 289 464 333 impendebant,
476 294 495 323 et
507 288 524 323 is
537 298 612 332 semper
623 288 672 323 inter
684 294 756 324 eeteros

52 345 172 389 reputabatur
183 344 295 387 laudabilior,
303 343 334 388 qui
344 343 393 377 circa
402 343 432 377 dei
440 343 508 377 cultum
520 352 554 386 pre
565 342 632 377 ceteris
642 342 697 377 suerit
707 343 756 376 solli-

53 398 110 432 citior.
133 397 154 430 In
163 398 219 430 latum
228 402 326 430 extensum
334 400 363 429 est
370 395 406 428 illis
414 395 479 428 diebus
487 405 540 428 sacre
548 393 710 434 crucisvexillum3
722 394 757 428 cir·

53 459 169 492 cumquaque
180 449 312 484 edificabantur
323 447 407 489 ecclesie,
415 445 527 481 monasteria
536 446 617 492 undique
629 446 773 492 erigebantur35

52 508 71 538 et
78 508 149 537 tantum
157 502 190 536 luit
201 502 221 536 in
232 502 299 536 talibus
310 501 410 546 implendis
417 501 472 536 vnius
479 500 569 545 anglicani
577 500 627 545 regis
638 500 757 543 desiderium,

52 562 71 590 vt
89 555 176 599 quamdiu
195 555 262 589 vixerit
278 565 335 588 vnum
353 554 434 599 quolibet
451 564 500 588 anno
519 553 604 589 fundaret
619 553 757 589 monasterium.

52 609 131 643 Veniam
146 608 226 653 denique
243 609 266 642 ad
284 618 347 643 sacros
362 608 392 643 dei
409 612 500 652 martyres
517 618 577 651 reges,
594 607 625 651 qui
640 608 697 642 stolas
713 618 757 642 suas

52 664 137 696 lauerunt
147 661 166 694 in
180 661 270 705 sanguine
282 660 331 705 agni.
358 660 489 695 Enumerando
503 660 595 705 siquidem
607 670 645 701 eos,
658 661 756 695 duodecim

52 714 156 758 specialiter
162 714 225 748 inueni
233 714 341 756 nominatos,
347 724 368 747 ac
375 713 439 757 viginti
447 712 492 747 alios
500 713 537 757 qui,
544 713 598 747 tacito
606 712 686 755 nomine,
692 723 757 749 omnes
766 724 785 747 ro

53 772 95 802 sunt
106 778 159 801 sacro
170 767 258 812 martyrio
270 767 362 810 coronati3
377 766 461 812 ipsorum
474 766 530 802 etiam
541 766 679 811 anglicanorum
691 778 756 811 regum

52 826 130 864 septem,
138 820 174 863 qui,
184 821 259 864 pompis
270 820 326 854 seculi
337 831 415 863 prorsus
427 819 525 862 derelictis,
536 819 581 854 nudi
592 820 662 854 nudum
674 819 693 853 in
704 829 756 854 sacra

53 872 141 917 religione
148 874 273 916 sequebantur
281 872 380 915 Christum,
388 877 443 917 atque
453 871 548 906 hominum
556 872 651 908 consorcia
660 872 757 918 fugientes

52 925 137 960 monachi
148 925 213 969 effecti,
220 926 297 960 celibem
305 927 324 960 in
332 925 449 961 monasteriis
456 926 513 961 vitam
524 927 628 968 duxerunt;
640 931 703 970 preter
710 925 757 961 alios

52 979 177 1014 sanctissimos
189 979 219 1014 dei
230 979 351 1022 confessores,
359 979 395 1024 qui,
403 978 503 1023 superfluis
512 978 599 1014 resecatis
611 979 666 1022 curis,
673 979 757 1014 abiectis·
766 989 784 1021 ¹5

52 1042 88 1076 que
96 1032 152 1067 seculi
160 1032 233 1078 pompis
245 1043 266 1067 ac
276 1033 329 1068 vanis
337 1032 401 1067 mundi
409 1032 487 1075 solaciis,
495 1033 531 1067 deo
542 1033 623 1067 totaliter
631 1039 684 1067 erant
692 1033 756 1068 intenti

52 1085 198 1130 necessariisque
206 1086 259 1130 regni
267 1086 354 1130 negociis,
362 1087 450 1130 operibus
461 1086 587 1120 misericordie
596 1085 663 1129 iugiter
670 1091 757 1120 vacantes

52 1143 70 1171 et
84 1138 135 1171 iuxta
150 1138 219 1172 domini
237 1144 345 1184 preceptum
361 1138 431 1173 amicos
445 1138 481 1173 sibi
496 1139 519 1174 de
535 1148 640 1173 mammona
656 1138 757 1182 iniquitatis

52 1189 140 1226 facientes
146 1192 157 1226 ¹.

73 1242 128 1277 Vnde
136 1249 154 1278 et
162 1243 210 1278 inter
217 1249 289 1279 ceteros
299 1243 378 1279 Sanctus
386 1244 415 1278 dei
424 1244 528 1278 Edwardus
535 1255 570 1278 rex
576 1249 648 1278 tantum
656 1243 757 1278 dinoscitur
765 1253 785 1275 πο

52 1298 141 1331 mundum
153 1297 240 1332 habuisse
251 1297 364 1342 contemptui
375 1304 395 1332 vt
406 1298 496 1332 latronem
507 1297 624 1341 conspiciens
635 1308 680 1332 suos
691 1297 756 1342 sepius

51 1351 149 1384 thesauros
156 1350 253 1394 iurantem,
259 1361 296 1386 non
305 1351 364 1386 solum
372 1361 409 1386 non
418 1355 498 1397 caperet,
503 1351 537 1386 sed
544 1350 599 1387 etiam
608 1361 641 1387 suo
649 1351 756 1394 camerario,

52 1405 75 1437 de
94 1405 128 1438 hoc
147 1406 272 1448 conquerenti,
287 1405 362 1449 penitus
377 1409 485 1439 excusaret:
504 1404 581 1446 ‘Forte’
596 1404 687 1449 inquiens,
703 1407 708 1425 ‘
714 1405 756 1449 plus

52 1457 106 1490 nobis
124 1457 201 1501 indiguit
219 1457 250 1501 qui
265 1457 336 1491 furatus
353 1463 392 1500 est,
412 1457 478 1491 habeat
495 1457 612 1501 igitur'sibi3
633 1457 688 1492 nobis
706 1458 756 1492 enim

52 1509 119 1544 sufficit
133 1512 182 1553 quod
195 1510 294 1545 remansit!
324 1510 378 1544 Vnde
391 1510 447 1544 etiam
459 1516 498 1544 tam
511 1510 573 1553 largus
584 1509 604 1544 in
616 1521 709 1554 pauperes
723 1511 756 1544 luit
765 1519 783 1549 25

52 1564 101 1605 quod
113 1568 196 1597 sanctum
211 1563 313 1597 Iohannem
327 1562 469 1607 Euangelistam,
483 1562 552 1597 domini
565 1563 702 1606 consobrinum,
711 1574 756 1608 quo-

53 1616 95 1648 dam
103 1621 187 1659 ternpore
195 1616 214 1649 in
222 1615 315 1660 peregrini
323 1615 386 1649 habitu
393 1616 478 1659 recipere
485 1615 557 1649 meruit.

74 1667 173 1702 Oswaldus
187 1674 274 1713 preterea
287 1680 325 1710 rex,
336 1668 433 1703 salvatoris
446 1668 545 1712 perficiens
557 1668 671 1703 sentenciam
683 1679 719 1712 qua
731 1669 756 1703 ait

52 1721 118 1754 ‘Omni
130 1721 200 1765 petenti
212 1727 231 1756 te
243 1722 302 1756 tribue
307 1722 324 1764 ξ’
336 1722 407 1756 nullum
420 1720 494 1755 omnino
506 1731 608 1767 pauperem
621 1733 632 1756 a
643 1733 665 1757 se
676 1733 755 1758 vacuum

52 1773 126 1816 dimisit,
134 1774 191 1809 immo
199 1780 265 1809 cuncta
272 1775 353 1819 fereque
361 1775 423 1808 habuit
431 1775 556 1818 indigentibus
564 1775 653 1817 tribuens,
659 1776 755 1810 scutellam
764 1783 784 1812 30

51 1837 124 1870 quoque
137 1832 249 1871 argenteam,
261 1838 303 1862 cum
316 1827 453 1871 preciosissimo
466 1827 542 1870 ferculo,
554 1827 665 1862 mendicanti
677 1829 755 1873 pauperi

52 1880 107 1915 dedit.
130 1880 184 1914 Vnde
196 1885 214 1915 et
224 1886 299 1915 sanctus
310 1881 373 1925 presul
383 1881 468 1915 Aidanus
479 1881 514 1915 hoc
522 1881 589 1916 videns
599 1881 695 1917 brachium
706 1881 756 1926 regis

51 1935 143 1976 dextrum,
155 1946 191 1978 quo
205 1935 316 1970 elemosinas
328 1945 405 1979 erogare
416 1941 445 1969 est
456 1940 546 1976 assuetus,
558 1935 643 1979 protinus
656 1935 755 1978 benedixit,

53 1986 172 2031 ‘Nunquam'
183 1987 275 2031 inquiens,
287 1989 397 2023 ‘marcescat
412 1999 478 2022 manus
493 1988 560 2024 ister:
577 1989 626 2032 quod
641 1989 716 2033 quidem
730 1989 755 2023 ita

52 2040 115 2074 diuina
122 2045 151 2074 est
158 2039 254 2084 impletum
262 2040 335 2083 virtute,
342 2046 362 2075 vt
369 2047 412 2085 post
419 2041 469 2086 regis
476 2047 560 2085 mortem,
568 2041 635 2077 ceteris
645 2042 703 2077 tocius
715 2052 754 2076 cor·
763 2047 782 2078 35

52 2093 102 2136 poris
108 2093 198 2128 membris
204 2093 223 2126 in
230 2093 311 2127 cinerem
318 2094 409 2135 resolutis,
414 2105 472 2139 vsque
478 2094 497 2128 in
504 2094 675 2128 hodiernum³diem
683 2094 754 2137 integra

52 2147 111 2181 adhuc
127 2151 200 2181 maneat
215 2146 256 2180 sine
271 2146 394 2190 corruptione.
424 2146 473 2189 Quid
487 2147 554 2191 plura?
575 2147 621 2181 Tam
636 2147 706 2181 feruida
721 2147 754 2181 suit

51 2200 148 2234 retroactis
159 2199 273 2243 temporibus
284 2199 422 2243 anglicanorum
433 2210 498 2243 regum
509 2200 588 2241 deuotio,
599 2205 618 2232 vt
629 2199 697 2233 mirum
710 2205 754 2234 tunc

51 2252 106 2285 fuerit
117 2262 182 2295 regem
192 2252 256 2285 videre
267 2262 304 2284 non
315 2256 405 2285 sanctum.
432 2251 487 2286 Vnde
498 2256 516 2286 et
527 2251 638 2286 venerabilis
648 2251 679 2285 ille
691 2261 712 2285 ac
723 2262 754 2286 re-

51 2305 127 2349 ligiosus
140 2310 194 2349 pater
206 2305 236 2349 qui
248 2304 274 2339 ‘F
275 2303 373 2339 asciculum
386 2303 521 2348 Temporum⁴¹
533 2304 643 2348 compilauit,
655 2305 722 2340 asserit
734 2306 753 2340 in
763 2313 783 2342 40

51 2368 84 2392 sua
96 2358 179 2401 Cronica,
190 2359 254 2403 plures
267 2369 288 2393 se
301 2357 394 2393 inuenisse
407 2363 481 2392 sanctos
492 2368 546 2402 reges
557 2357 576 2392 in
588 2357 656 2403 Anglia
668 2370 723 2403 quam
734 2359 754 2394 in

50 2411 88 2445 vlla
95 2411 131 2446 alia
138 2411 202 2446 mundi
210 2411 306 2454 prouincia
313 2415 480 2455 quantumcumque
488 2410 582 2455 populosa.

70 2510 122 2541 ¹Luc.
130 2512 161 2541 xvi.
169 2521 193 2549 19.
233 2511 359 2549 'llatthuaa
402 2511 534 2542 'hodiernum
576 2511 722 2552 ⁴E.Temperium.
740 2512 755 2543 lt

50 2550 64 2580 is
71 2550 142 2581 Werner
149 2550 248 2582 Rolewiuk’s
255 2554 259 2569 ‘
266 2552 355 2582 Fasciculus
361 2551 468 2590 Temporum,¹
476 2552 492 2581 in
499 2551 562 2582 Pistorii
570 2552 627 2591 Script.
636 2554 688 2584 Germ.
697 2553 717 2583 ll.
726 2562 750 2591 73.
