1762 2803
86 152 88 158 ,
115 122 158 167 552
379 104 502 167 duumuir
520 107 551 151 ll.

114 229 211 274 triplicauit.
234 229 279 263 Hinc
287 235 313 263 est
321 229 367 273 quod
375 233 414 273 post
422 238 441 262 se
448 228 531 262 Rieuallie
540 227 608 272 reliquit
615 227 710 263 monachos
717 221 756 270 plus
764 238 814 271 quam

114 287 189 323 centum,
199 287 216 314 et
222 291 274 323 supra
282 280 338 314 decies
345 278 470 322 quinquaginta
476 279 530 312 laicos
538 280 599 313 fratres
606 291 610 319 ;
623 285 639 313 et
647 278 754 313 substancias
762 279 815 315 eciam

114 338 172 366 tantas
184 331 248 365 dimisit
260 331 292 364 illis
304 340 338 373 que
349 330 372 363 ad
380 331 445 363 victum
454 336 472 363 et
483 329 563 363 vestitum
574 329 634 363 maiori
645 329 731 363 sufficiant
741 330 815 364 multitu-

115 382 150 416 dini
163 382 177 414 si
188 392 215 415 res
226 391 265 415 cum
277 381 372 423 prudencia
383 385 481 421 tractentur,
493 386 511 412 et
522 380 595 421 posteris
608 379 765 422 superhabundent.
793 382 815 414 Et

97 433 156 473 5dum
166 430 205 464 talis
217 431 280 464 fructus
294 429 369 472 prodiret
376 429 388 469 ¹,
399 428 536 463 comitabantur²
547 440 587 463 eum
598 429 719 462 nichilominus
730 430 815 465 miracula.

114 483 127 519 tl
138 482 213 526 Quidam
226 481 272 515 enim
285 482 381 514 monachus
392 480 472 514 cardiaca
484 480 566 522 passione
578 480 663 522 detentus,
674 489 724 514 usum
735 480 815 523 loquendi

114 532 200 573 amittens,
213 542 244 574 per
257 532 294 565 dies
307 532 442 574 quamplurimos
454 531 570 573 perseuerauit
582 537 643 564 mutus.
666 530 695 564 Ad
706 540 757 572 quern
768 537 816 572 pater

115 582 204 623 accedens,
212 588 229 616 et
237 582 311 624 digitum
318 581 392 615 indicem
400 581 417 614 in
425 592 444 614 os
452 581 488 615 eius
500 581 594 623 imponens
602 580 655 615 dixit:
664 581 752 623 ‘Loquere
759 581 815 624 michi,

114 635 171 673 frater,
183 633 201 666 in
212 632 281 666 nomine
294 632 370 665 domini?
394 633 427 674 Qui
440 631 498 665 statim
508 631 608 673 respondit:
621 631 717 671 ‘Libenter,
727 631 816 665 benedicte

89 682 190 724 rodomine‚
206 694 248 715 narn
265 693 296 724 per
311 688 341 715 tua
358 681 419 715 merita
437 681 528 714 sanitatem
543 681 636 723 perfectam
651 692 690 714 sum
704 683 816 714 consecutus!

116 735 164 768 Alter
176 739 234 766 mutus
246 734 308 766 ductus
320 733 343 766 ad
356 732 456 773 abbathiam
467 737 484 766 et
495 742 553 765 coram
565 737 613 774 patre
624 731 699 765 Aelredo
710 730 817 774 constitutus,

116 784 164 818 audit
175 785 198 817 ab
208 795 239 818 eo:
252 784 349 826 ‘Loquerel
362 783 437 826 precipio
447 793 478 825 per
489 782 577 816 Christum
584 783 599 817 ':
612 788 629 816 et
639 782 698 816 statim
711 782 788 825 prorupit
799 782 816 816 in

115 846 182 877 vocem,
194 841 211 868 et
224 836 276 868 deum
289 841 306 867 et
319 840 398 868 sanctum
413 835 505 867 Aelredurn
517 834 611 868 benedixit.
636 834 651 870 il
665 834 741 876 Quidam
752 833 817 868 iuuenis

116 885 236 928 paruissimam
243 886 321 918 ranulam
329 885 408 917 nesciens
416 884 506 925 deglutiuit
512 885 553 917 dum
561 883 607 917 sitim
615 895 664 917 suam
672 894 735 925 aquam
743 883 817 917 bibendo

90 948 108 979 ¹5
116 936 176 968 sedare
191 934 283 967 voluisset:
300 943 333 976 que
345 932 453 967 creueratin
465 938 525 967 ventre
537 933 587 974 illius,
599 939 617 967 et
628 933 694 967 viscera
709 932 745 966 eius
762 943 817 966 corro-

116 985 159 1018 dens
175 984 247 1026 singulis
264 983 324 1017 diebus
340 982 381 1017 inde
396 983 477 1026 carpebat
492 994 526 1027 quo
539 982 609 1018 viueret⁴
638 982 671 1026 Qui
687 983 779 1027 procidens
795 984 817 1017 ad

115 1036 169 1078 pedes
182 1035 256 1074 Aelredi,
268 1034 320 1067 dixit:
337 1034 428 1076 ‘Domine
440 1035 454 1067 si
466 1033 497 1076 vis,
509 1039 559 1077 potes
570 1043 598 1067 me
609 1035 680 1067 sanare.¹
703 1035 727 1067 At
738 1034 771 1075 ille,
782 1043 817 1067 ora-

116 1086 165 1119 cione
175 1085 226 1125 tacta,
234 1085 290 1128 posuit
302 1085 346 1117 duos
356 1084 419 1127 digitos
432 1084 449 1117 in
461 1095 491 1117 ore
503 1084 558 1118 illius:
571 1089 588 1118 et
598 1084 656 1117 statim
667 1095 710 1117 rana
719 1083 785 1117 inclusa
796 1084 818 1117 ad

116 1137 179 1178 digitos
197 1135 233 1168 eius
251 1135 333 1168 ascendit.
360 1135 441 1167 Articulis
459 1135 511 1176 igitur
525 1135 611 1176 extractis,
628 1135 725 1177 quadrupes
740 1144 771 1176 per
785 1133 818 1166 oris

90 1199 109 1219 κο
117 1185 186 1218 ianuam
195 1184 286 1226 egrediens
297 1184 344 1217 cadit
355 1184 450 1217 interram.
474 1185 513 1225 Qua
523 1189 595 1217 exeunte
607 1184 672 1217 iuuenis
684 1184 742 1216 dolore
753 1183 818 1216 sublato

117 1235 225 1278 sanitateque
238 1240 313 1278 recepta,
325 1234 393 1277 gracias
406 1233 441 1278 agit
455 1235 487 1269 deo
500 1240 517 1269 et
531 1240 590 1268 sancto
603 1234 684 1276 Aelredo,
698 1234 745 1268 cuius
758 1233 818 1267 merito

117 1296 178 1321 sanum
189 1296 208 1319 se
216 1296 254 1320 esse
262 1296 297 1319 non
306 1284 396 1319 dubitauit.
419 1284 433 1322 il
442 1285 482 1319 Hiis
491 1291 507 1320 et
515 1285 612 1320 huiusmodi
620 1285 679 1320 multis
687 1284 725 1319 aliis
733 1284 818 1319 miraculis

117 1338 189 1377 clarens,
197 1335 240 1369 obiit
251 1335 306 1378 pridie
319 1335 361 1368 Idus
373 1335 407 1369 ian.
417 1345 463 1369 anno
475 1336 540 1369 domini
551 1340 649 1377 M.c.LXVI⁰‚
659 1341 677 1369 et
686 1346 732 1368 anno
743 1334 778 1373 vite
789 1346 819 1369 sue

116 1395 161 1427 uun,
170 1393 187 1419 et
195 1397 240 1418 anno
248 1390 285 1418 xx⁰
292 1391 384 1428 postquam
394 1387 466 1418 domum
475 1386 559 1419 Rieuallie
568 1385 643 1428 suscepit
649 1387 752 1428 -regendam
775 1387 819 1419 Cum

90 1446 109 1475 25
117 1443 175 1470 autem
183 1446 244 1478 corpus
252 1436 293 1475 eius,
301 1442 319 1469 vt
327 1436 378 1469 mon's
389 1442 421 1478 est,
429 1437 452 1469 ad
462 1437 556 1469 lauandum
567 1437 643 1470 delatum
651 1436 711 1470 ruisset
719 1441 736 1469 et
747 1436 819 1469 munda·

116 1493 158 1529 tum,
166 1496 206 1520 caro
217 1486 253 1519 eius
261 1486 305 1519 vitro
315 1485 378 1529 purior,
385 1491 402 1519 et
410 1486 450 1519 niue
460 1486 549 1520 candidior
556 1486 641 1529 apparuit,
649 1486 698 1530 quasi
706 1485 819 1530 quinquennis

117 1536 165 1580 pueri
173 1537 251 1570 membra
259 1535 353 1577 induisset3
366 1546 399 1579 que
407 1547 440 1570 nec
449 1547 504 1579 paruo
513 1536 582 1580 quidem
590 1537 657 1570 macule
664 1548 709 1570 ueuo
716 1537 818 1570 fuscabatur,

119 1587 233 1630 Sepultusque
240 1592 267 1619 est
275 1586 359 1619 Rieuallie
366 1587 413 1620 iuxta
422 1587 561 1629 predecessorem
573 1598 623 1620 suum
630 1587 736 1620 Willelmum
746 1587 819 1630 primum

118 1639 199 1671 abbatem
211 1636 255 1669 illius
267 1637 304 1676 loci,
312 1637 367 1669 virum
377 1636 434 1678 vtique
445 1637 559 1670 venerabilem
571 1643 588 1669 ct
599 1638 729 1670 sanctum—At
739 1637 819 1679 quoniam

91 1698 110 1728 3⁰
118 1687 214 1721 secundum
221 1685 298 1720 veritatis
306 1686 324 1719 in
332 1686 397 1720 Genesi
405 1686 522 1721 testimonium
531 1687 589 1731 ‘proni
598 1693 638 1721 sunt
645 1698 706 1722 sensus
716 1686 792 1721 hominis
803 1685 819 1719 in

118 1739 187 1778 malum,
197 1738 218 1771 ab
226 1737 346 1771 adolescencia
354 1737 395 1779 sua,¹
404 1749 438 1770 non
449 1744 475 1772 est
486 1738 547 1771 mirum
558 1737 571 1772 si
582 1738 643 1782 aliquis
653 1739 671 1772 in
682 1738 751 1772 iuuenili
759 1739 819 1778 calore,

118 1789 162 1823 iuter
174 1787 246 1822 diuicias
257 1793 274 1822 et
286 1787 362 1828 delicias,
370 1787 447 1830 negociis
459 1788 531 1831 publicis
543 1788 633 1832 inplicatus
644 1795 661 1823 et
672 1788 749 1823 materiis
761 1799 819 1831 pecca-

118 1846 174 1873 torum
187 1839 262 1881 undique
276 1837 406 1880 circumseptus,
419 1839 470 1872 fuerit
483 1840 587 1882 aliquociens
598 1845 723 1881 preoccupatus
735 1840 752 1872 in
764 1839 820 1880 aliquo

118 1888 185 1929 delicto,
193 1887 233 1920 licet
240 1888 263 1920 ad
272 1887 297 1920 sui
306 1887 403 1920 custodiam
411 1898 492 1929 magnam
504 1888 602 1922 adhibuerit
612 1889 727 1931 diligenciam.
750 1889 779 1922 Sic
789 1888 820 1920 iste

90 1945 109 1974 35
118 1938 207 1979 Aelredus,
215 1937 244 1982 qui
252 1937 269 1970 in
280 1938 338 1970 multis
350 1938 498 1981 commendabilis,
506 1944 525 1973 ut
534 1944 631 1982 pretactum
642 1945 673 1981 est,
682 1946 699 1974 et
707 1939 744 1974 sine
752 1938 820 1983 querela

118 1990 206 2029 incedens,
220 1990 252 2023 sub
267 1989 322 2032 primo
334 1989 428 2023 iuuentutis
440 1990 481 2023 flore
492 1989 608 2032 virginitatem
624 2001 673 2025 suam
684 1991 737 2025 fertur
748 1991 820 2025 deflora-

118 2040 168 2074 uisse.
191 2039 243 2081 Quod
252 2050 288 2073 non
295 2038 364 2082 penitus
372 2040 394 2073 ad
402 2040 428 2074 sui
436 2040 536 2083 perniciem,
545 2047 570 2075 set
581 2041 640 2084 pocius
650 2042 674 2075 ad
683 2040 820 2075 humiliacionem

118 2090 193 2124 creditur
207 2090 304 2133 contigisse,
317 2101 356 2124 cum
369 2091 410 2124 illud
423 2092 446 2125 ad
459 2091 561 2126 memoriam
574 2092 635 2135 iugiter
647 2094 749 2135 reuocando,
763 2097 780 2126 et
794 2088 820 2124 dei

118 2141 253 2174 misericordiam
264 2142 309 2174 circa
320 2152 339 2174 se
350 2143 484 2183 magnificando,
494 2142 512 2175 in
522 2143 589 2186 scriptis
599 2143 634 2176 suis
644 2144 731 2177 humiliter
739 2140 820 2180 confiteri,

90 2202 111 2233 40
119 2197 136 2223 et
146 2192 169 2223 ob
178 2192 211 2222 hoc
222 2201 240 2223 se
250 2191 307 2232 ipsum
318 2196 400 2233 tanquam
410 2191 566 2233 flagiciosissimum
575 2194 643 2235 culpare
651 2193 719 2227 videtur
728 2199 745 2227 et
756 2193 820 2225 lamen-

119 2239 156 2273 tari.
180 2240 209 2273 set
217 2245 234 2273 et
241 2240 273 2273 hoc
281 2240 299 2273 in
307 2240 363 2283 prima
370 2240 460 2284 pubertate
471 2241 555 2276 accidisse
566 2242 650 2287 opinatur,
657 2251 708 2287 prout
719 2243 792 2287 ipsemet
803 2240 820 2273 iu

119 2290 163 2323 libro
178 2291 206 2322 De
221 2289 302 2323 institutis
317 2292 420 2324 inclusarum
435 2293 524 2335 meminit;
543 2293 597 2326 sorori
615 2304 645 2327 sue
664 2293 709 2328 inter
725 2300 782 2328 cetera
797 2290 821 2325 sic

119 2341 204 2374 scribens:
217 2340 295 2381 ‘Recole
302 2340 316 2374 si
324 2341 385 2384 placet,
391 2342 429 2376 illas
436 2342 516 2376 feditates
523 2353 572 2377 meas
577 2354 609 2386 pro
615 2345 677 2387 quibus
683 2356 711 2378 ine
716 2340 820 2387 plangebas:

120 2397 153 2424 etc.
177 2391 206 2424 Sic
217 2401 271 2433 vsque
283 2391 300 2423 in
312 2397 399 2424 senectam
411 2398 428 2426 et
440 2392 507 2425 senium
518 2403 574 2436 pauca
584 2396 677 2429 commissa
684 2396 760 2437 puerilia,
769 2394 821 2426 multa

91 2451 110 2481 45
119 2441 212 2481 iudicabat,
224 2447 241 2475 et
252 2442 327 2474 deflebat
338 2446 420 2484 tanquam
433 2441 556 2477 inmanissima.
580 2445 613 2485 Qui
626 2445 666 2479 licet
678 2445 745 2479 iuuenis
757 2443 821 2478 veniret

119 2495 142 2528 ad
149 2492 256 2537 religionem,
264 2494 326 2528 caritas
335 2500 393 2529 tamen
401 2496 501 2539 cooperiens
510 2497 637 2532 multitudinem
644 2504 760 2542 peccatorum,
768 2497 785 2531 in
794 2495 821 2530 illo

226 2562 231 2579 ¹
242 2561 276 2594 MS.
282 2563 342 2602 periret
529 2564 535 2581 ²
545 2565 579 2596 MS.
587 2566 721 2598 commitebantur.
