1762 2803
125 166 169 207 240
317 153 398 206 mooe
413 151 529 214 troanno
545 150 637 213 finalia

124 274 184 309 insula
192 276 226 309 deo
235 274 276 319 iuge
284 274 394 309 sacrificium
404 273 541 319 impendebant.
563 274 635 309 Accidit
643 272 693 308 enim
701 278 754 308 nocte
762 273 827 309 natalis

124 328 197 369 domini,
210 339 251 362 cum
263 328 310 362 circa
321 328 379 361 noctis
391 328 472 362 medium
485 328 560 363 missam
574 328 652 371 primam
665 328 796 368 celebrassent,
810 332 828 361 et

124 380 171 414 facto
186 381 279 424 paululum
294 381 391 413 interuallo
406 381 514 414 alterutrum
529 380 618 414 secretius
634 380 711 414 orationi
724 382 828 414 vacandum

124 433 255 471 decreuissent,
263 433 313 472 alter,
321 432 352 474 qui
364 432 421 465 laicus
433 438 476 473 erat,
485 443 518 476 pro
529 438 618 466 nocturno
627 432 689 466 labore
700 432 761 466 fessus
769 431 828 465 modi·

107 497 116 526 5
125 497 166 519 cum
178 485 240 529 sopori
249 486 332 518 membra
343 485 397 526 dedit,
406 490 424 518 et
433 486 479 519 alius
490 485 509 519 in
518 486 573 520 choro
581 484 660 528 peruigil
667 484 686 519 in
694 484 776 519 oratione
787 495 828 529 per·

124 539 195 572 mansit.
223 537 246 570 Et
262 549 304 572 eece
319 538 379 571 subito
393 538 438 572 vidit
457 538 553 572 luminaria
572 543 636 571 cuncta
655 537 735 579 accendi,
750 542 827 581 vtroque

124 595 209 626 mouente
221 590 295 625 cardine
307 591 354 625 ostia
364 591 448 631 reserari,
461 592 507 625 duos
521 596 607 633 attonsos¹
617 602 658 625 cum
674 591 733 625 cereis
745 590 828 625 accensis

123 644 205 686 introire,
220 649 238 678 et
253 645 313 679 virum
329 646 421 689 quendam
440 650 531 679 maturum
550 645 685 689 pontificalibus
704 645 787 678 indutum
805 645 827 678 ad

123 697 180 731 altare
191 699 297 742 procedere.
321 697 374 731 Dicta
381 698 503 738 confessione,
511 704 530 732 et
537 698 655 740 absolutione,
664 698 739 732 missam
747 698 770 731 ad
778 697 828 732 diem

97 765 116 786 10
124 751 188 785 natalis
200 750 323 794 pertinentem
335 751 429 794 incipiunt.
453 752 476 785 Et
488 752 531 785 dum
543 751 626 795 pontifex
638 751 706 794 ‘gloria
717 751 736 784 in
748 751 828 785 excelsis

124 805 158 838 deo
165 806 169 820 ¹
177 803 282 846 incepisset,
290 804 343 847 quasi
355 804 451 839 multitudo
463 805 575 847 angelorum,
583 805 632 847 quod
644 803 734 848 reliquum
746 809 775 838 est
786 815 828 838 cum

124 857 171 891 dulci
183 856 306 891 modulatione
317 857 425 891 decantauit.
449 858 514 891 Frater
524 862 585 891 autem
593 858 624 901 qui
637 857 671 891 hec
681 857 744 892 videre
756 857 828 899 meruit,

123 915 173 944 tanta
186 909 234 944 mole
247 909 360 955 deprimitur,
371 910 420 955 quod
432 910 479 944 inter
492 920 544 944 sacra
556 909 638 944 misteria
651 920 662 944 a
673 910 712 944 solo
726 920 747 943 se
757 909 827 954 erigere

124 963 199 997 minime
207 969 276 1006 posset.
299 962 365 1007 Sicque
377 964 446 997 cunctis
458 964 492 997 rite
504 963 587 1007 expletis,
599 975 621 997 eo
632 974 668 1007 quo
676 968 752 998 venerat
764 964 828 997 ordine

98 1030 116 1061 15
125 1019 173 1049 totus
185 1020 235 1049 cetus
247 1015 277 1049 ille
289 1024 386 1058 regressus
398 1020 431 1049 est.
454 1015 544 1059 Cognouit
555 1015 605 1050 enim
616 1015 635 1049 in
647 1015 712 1059 spiritu
723 1015 779 1049 frater
791 1016 827 1058 ille,

125 1069 211 1112 quoniam
222 1069 287 1101 beatus
299 1069 410 1102 Cutbbertus
424 1069 483 1102 extitit
496 1069 527 1112 qui
539 1068 564 1102 ibi
576 1074 626 1102 tanta
637 1068 724 1103 virtutum
737 1068 828 1113 magnalia

125 1122 209 1155 ostendit.
232 1121 302 1155 Audire
310 1132 354 1155 vero
366 1127 385 1155 et
392 1121 455 1156 videre
466 1122 500 1155 hec
512 1122 574 1156 omnia
585 1128 661 1166 poterat,
673 1122 729 1156 facies
738 1132 781 1156 vero
794 1133 827 1166 pre

125 1174 223 1218 splendore
231 1173 306 1208 luminis
313 1173 419 1208 discernere
426 1186 463 1208 non
469 1174 546 1209 valebat.
590 1168 688 1210 lClericus
694 1174 768 1225 quidam
774 1175 828 1209 beato

124 1226 196 1260 Thome
208 1231 250 1259 ante
263 1226 303 1260 eius
314 1227 390 1268 exilium
405 1227 493 1268 seruiens,
506 1228 575 1272 aliquot
589 1228 642 1261 annis
656 1228 744 1261 vomitum
759 1228 797 1261 oris
810 1232 828 1261 et

97 1296 116 1317 20
124 1279 195 1313 fluxum
210 1279 305 1322 sanguinis
319 1290 354 1322 per
368 1280 471 1323 posteriora
485 1281 564 1322 patiens,
576 1280 718 1323 dolentibusque
733 1281 827 1314 oculorum

124 1332 198 1376 pupillis
210 1332 269 1375 magis
280 1332 366 1365 tenebras
378 1342 433 1375 quam
445 1332 505 1365 lucem
515 1332 579 1366 videre
591 1332 654 1377 potuit.
678 1332 713 1366 Hic
723 1332 827 1376 quindecim

124 1384 188 1419 diebus
205 1384 302 1418 Cantuarie
316 1385 403 1428 martyris
418 1395 472 1429 opem
487 1385 553 1429 iugiter
565 1384 675 1430 implorauit.
705 1385 738 1419 Cui
754 1386 828 1419 demum

124 1443 198 1473 sanctus
211 1437 293 1472 Thomas
307 1448 404 1482 apparens
418 1438 474 1472 dixit:
493 1438 562 1482 ‘Surge
574 1438 661 1478 velociter
673 1443 691 1473 et
706 1439 729 1473 ad
744 1444 828 1473 sanetum

125 1491 245 1526 Cuthbertum
260 1491 383 1536 proficiscere,
397 1491 448 1525 cuius
467 1491 538 1525 meritis
552 1491 697 1526 misericordiam
712 1496 730 1526 et
746 1491 828 1526 sanitatis

98 1564 116 1594 ²5
124 1546 201 1589 gratiam
213 1544 310 1578 obtinebis.
336 1545 382 1578 Volo
398 1545 447 1578 eninr
459 1550 479 1579 vt
490 1545 526 1579 mei
538 1546 561 1579 de
571 1544 677 1579 infirmitate
692 1556 725 1579 sua
740 1546 762 1579 ad
777 1545 828 1579 illum

125 1598 188 1632 salutis
200 1597 257 1640 gratia
269 1597 378 1640 confugiant,
386 1602 440 1640 atque
449 1597 507 1641 ipsius
515 1597 565 1632 serui
573 1608 593 1631 ac
601 1597 679 1632 ministri
687 1598 796 1641 languentes
805 1599 827 1632 ad

125 1660 155 1683 me
163 1650 247 1684 veniant’
271 1650 328 1692 Igitur
340 1650 452 1683 Dunelmum
463 1660 570 1692 properans,
582 1651 642 1692 primo
654 1650 683 1683 die
697 1652 787 1684 aduentus
800 1651 828 1684 sui

125 1713 182 1736 sanus
188 1702 269 1743 effectus,
275 1713 316 1735 cum
323 1702 388 1745 gaudio
395 1702 453 1735 rediit.
488 1695 583 1747 tQuidam
590 1702 644 1736 miles
650 1703 673 1736 de
681 1702 828 1747 peregrinatione

125 1754 199 1790 rediens
206 1768 210 1796 ;
222 1759 262 1788 orta
272 1760 382 1798 tempestate
392 1754 411 1788 in
425 1754 471 1788 mari
482 1755 548 1797 valida,
560 1755 624 1789 mortis
638 1756 758 1799 compellente
772 1761 827 1796 metu,

98 1830 117 1859 30
125 1820 183 1853 equos
198 1813 216 1843 et
231 1808 316 1852 quicquid
331 1808 422 1842 habebant
437 1807 520 1843 certatim
535 1807 595 1843 cuncti
610 1808 629 1843 in
643 1819 694 1844 mare
707 1808 827 1853 proiecerunt.

125 1862 184 1897 Vndis
199 1863 274 1896 demum
289 1861 419 1906 tranquillitate
434 1861 504 1905 sopitis,
517 1872 559 1895 cum
576 1862 629 1896 miles
645 1867 718 1905 portum
733 1862 828 1906 attigisset,

124 1927 158 1960 pro
169 1915 269 1951 amissione
283 1914 325 1959 equi
337 1916 424 1957 turbatus,
437 1919 521 1949 sanctum
535 1914 654 1950 Cuthbertum
670 1915 756 1959 precibus
771 1916 828 1951 inter·

124 1970 193 2013 pellare
205 1968 258 2013 cepit.
282 1969 305 2002 Et
314 1979 357 2003 ecce
367 1978 378 2002 a
390 1969 444 2012 longe
452 1968 504 2012 quasi
514 1973 568 2013 caput
576 1969 672 2002 coruinum
681 1968 778 2012 aspiciens,
786 1974 828 2013 post

124 2022 223 2056 biduanam
237 2021 382 2055 submersionem
395 2033 462 2064 equum
476 2021 554 2055 celerius
567 2022 590 2054 ad
605 2021 663 2065 ripam
678 2021 765 2055 festinare
777 2022 828 2056 vidit.

97 2088 116 2118 35
125 2068 209 2109 ³Mulier
218 2076 296 2117 quedam
307 2085 348 2108 cum
358 2074 423 2108 marito
431 2085 464 2108 suo
476 2075 499 2107 de
510 2073 593 2108 conuiuio
601 2080 654 2107 nocte
664 2074 743 2115 rediens,
751 2080 829 2118 propter

97 2122 98 2125 ¹
124 2128 194 2162 lutosas
201 2127 303 2170 platearum
310 2127 408 2170 voragines
416 2138 450 2170 per
458 2125 567 2160 cimiterium
575 2126 633 2160 sancti
639 2126 734 2160 Cuthberti
742 2127 828 2169 transire,

125 2185 143 2214 et
158 2185 254 2224 peccatum
269 2184 311 2223 post
326 2179 432 2214 elemosinis
449 2179 524 2222 expiare
544 2179 643 2222 proposuit.
667 2179 750 2223 Cumque
769 2179 828 2213 intra¹

125 2232 234 2268 cimiterium
247 2233 316 2277 pedem
329 2237 411 2276 poneret,
424 2231 471 2276 cepit
484 2231 546 2267 nescio
559 2231 602 2276 quid
616 2232 715 2266 abhorrere
721 2232 733 2275 ⁶,
746 2236 764 2266 et
776 2237 829 2267 extra

125 2296 201 2320 sensum
210 2295 231 2318 se
241 2285 281 2319 fore
292 2286 375 2319 clamare.
400 2286 422 2319 Et
435 2287 458 2319 ad
472 2291 540 2319 terram
551 2286 624 2325 cadens,
632 2285 663 2320 vix
674 2287 697 2319 ad
710 2286 784 2320 domum
797 2287 828 2320 de·

97 2362 117 2393 40
125 2339 165 2381 lata,
181 2339 246 2373 eadem
261 2343 314 2372 nocte
329 2343 401 2373 mortua
416 2343 448 2374 est.
491 2331 562 2373 Diuitis
577 2338 672 2372 cuiusdam
686 2348 738 2378 vxor,
751 2337 828 2373 audiens

124 2392 195 2427 variam
207 2402 249 2425 esse
262 2398 412 2426 ornamentorum
426 2391 503 2426 ecclesie
518 2391 679 2435 pulchritudinem,
695 2389 775 2424 feminea
790 2391 828 2425 aui·

126 2445 181 2479 ditate
198 2455 287 2478 succensa
305 2444 395 2489 impetum
411 2445 467 2478 animi
485 2445 579 2478 refrenare
594 2455 631 2478 non
646 2444 715 2484 valens,
730 2443 779 2478 viam
794 2455 828 2488 per

126 2496 234 2530 cimiterium
244 2497 325 2540 arripuit.
349 2497 373 2530 Et
384 2508 427 2530 ecce
437 2497 533 2530 confestim
543 2496 612 2529 amisso
620 2506 682 2538 sensu,
691 2496 771 2539 linguam
779 2508 828 2530 mor-

146 2579 264 2616 ¹Reg.c,116.
321 2579 431 2618 lReg.e.75.
491 2579 651 2611 ³l·list.Dun.ll.8.
713 2576 747 2609 4Τ.
757 2578 774 2609 E.
782 2579 827 2609 infra.

125 2618 131 2636 ⁵
142 2618 159 2647 E.
167 2619 252 2649 abhorreri.
