1762 2803
164 114 210 168 Do
225 111 325 165 sonno
340 111 446 173 botone
462 111 581 173 otorano.
712 126 742 169 49

39 239 84 273 tium
92 236 161 271 valeret
168 235 269 279 imponere.
290 234 321 269 Ad
330 243 385 278 quam
392 244 435 268 cum
442 233 551 268 accessisset
558 233 744 277 sanctus-episcopus,

39 289 91 335 quasi
99 299 141 323 cum
148 288 273 330 indignatione
285 287 384 329 obiurgans
394 286 506 319 habitantem
518 286 537 318 in
549 296 571 319 ea
581 286 679 319 demonem
687 284 743 319 dixit:

39 396 121 431 clausum
136 403 225 436 pugnum,
238 391 373 427 extremitatem
386 391 434 426 stole
449 402 483 425 sue
495 390 514 425 in
527 403 550 426 eo
561 391 620 425 tenuit
631 391 744 435 implicitam,

40 447 115 482 dicens:
127 445 179 487 ‘Dic,
188 445 203 479 si
211 445 286 489 quidem
294 444 348 486 nosti,
353 443 397 489 quid
405 445 471 479 habeat
479 444 571 479 inclusum
579 455 644 479 manus
652 444 697 479 ista!
721 445 744 480 Et
752 459 761 490 5

40 499 101 536 statim
112 498 162 533 velut
175 498 266 533 exanimis
275 498 344 533 corruit
356 499 379 532 ad
392 499 451 543 pedes
463 498 503 532 eius
517 498 628 538 muliercula,
636 499 691 541 paulo
701 504 744 532 ante

40 562 108 597 procax
113 556 131 585 et
138 552 237 585 ceruicosa.
252 551 364 594 Aulugerat¹
371 550 420 584 enim
427 550 504 594 agitator
509 549 593 583 internus
599 549 629 594 qui
636 550 744 584 malevexa-

40 604 103 639 uerat²
114 614 160 637 eam.
183 603 256 638 Etcum
268 603 334 639 debilis
345 603 456 648 aliquamdiu
467 602 558 643 iacuisset,
565 602 659 647 inquisiuit
667 603 745 647 qualiter

40 657 156 692 diuinationis
169 657 254 701 peritiam
265 657 371 701 accepisset.
395 656 436 699 Que
448 656 554 701 respondit:
566 656 644 690 ‘Nescio
653 657 744 698 diuinare;

40 712 73 745 sed
86 710 229 744 misericordiam
240 710 306 754 iugiter
317 710 408 753 imploro!
432 710 515 753 Cumque
527 709 613 753 imposita
622 719 678 743 manu
691 709 745 754 capiti
755 722 774 745 ro

40 763 80 799 eius
87 774 121 807 pro
129 774 152 797 ea
159 763 240 797 breuiter
247 769 323 806 orasset,
331 763 415 808 precepit
423 762 440 797 ei
448 764 471 797 de
479 763 564 797 omnibus
574 762 653 806 peccatis
661 763 745 807 peniten-

40 817 92 850 tiario
103 827 169 860 puram
182 817 243 851 facere
252 816 392 858 consessionem,
401 821 419 850 et
431 816 472 849 data
484 815 611 850 benedictione
619 815 687 850 dimisit
698 826 745 850 eant.

42 863 137 904 lntimauit
143 875 203 903 autem
210 869 317 904 exoniensis
322 869 421 913 episcopus
429 873 492 903 saneto
500 867 575 913 Hugoni
580 869 629 913 quod
634 870 701 903 demon
707 869 745 914 qui-

41 923 83 957 dam
91 922 110 956 in
119 922 181 967 specie
187 923 260 957 iuuenis
265 923 313 957 abuti
320 928 441 965 consueuerat
447 923 527 966 quadam
538 922 605 956 infelici
613 922 719 956 muliercula
727 923 745 956 in

41 987 74 1009 sua
79 975 157 1008 diocesi³
162 976 264 1016 constituta,
269 986 305 1019 que
311 981 349 1009 tam
355 975 390 1009 sibi
396 985 451 1018 quam
457 974 497 1008 aliis
504 975 570 1008 deuote
577 974 667 1016 confessa,
673 974 745 1008 ieiuniis
756 986 761 1007 ι
765 986 774 1019 5

41 1033 59 1062 et
66 1027 120 1062 variis
128 1027 188 1063 carnis
196 1027 323 1064 afflictionibus
330 1029 414 1063 membra
422 1039 456 1062 sua
464 1027 502 1061 lere
509 1039 569 1072 usque
577 1028 599 1061 ad
608 1028 745 1063 internitionem

41 1083 165 1125 perdometur,
171 1082 205 1116 sed
213 1081 258 1116 nihil
267 1087 329 1116 contra
337 1081 441 1126 improbum
446 1086 547 1115 amatorem
552 1090 629 1125 prorsus
635 1081 745 1115 conserebat.

42 1134 75 1168 Cui
81 1140 156 1168 sanctus
161 1134 195 1168 ait:
204 1135 232 1168 ‘Si
238 1134 287 1168 enim
294 1134 340 1168 iste⁴
346 1140 409 1168 contra
414 1139 510 1178 peccatum
515 1133 624 1168 contritione
631 1133 696 1176 cordis,
703 1144 746 1169 con-

42 1187 121 1222 sessione
130 1187 172 1229 oris,
178 1192 196 1222 et
204 1187 286 1231 corporis
294 1188 393 1222 afflictione
401 1187 481 1221 deletum
486 1187 498 1228 ⁵,
505 1186 586 1230 erigitur,
591 1186 616 1220 nil
624 1187 673 1221 aliud
681 1197 747 1231 super-

42 1250 84 1274 esse
91 1239 145 1274 video
153 1240 188 1274 nisi
195 1247 214 1274 vt
222 1247 284 1275 oretur
291 1251 325 1285 pro
334 1251 356 1274 ea
367 1240 464 1274 instantius
476 1239 524 1283 apud
536 1239 652 1273 clementiam
660 1240 746 1284 redemp-
757 1252 776 1274 ao

41 1293 95 1325 toris!
118 1293 171 1334 Quod
191 1304 233 1327 cum
248 1293 355 1328 exoniensis
370 1304 411 1328 cum
431 1292 534 1327 innumeris
549 1303 571 1326 se
589 1291 656 1326 secisse
672 1293 746 1333 diceret,

42 1351 125 1379 sanctum
133 1347 192 1379 virum
200 1358 234 1390 pro
242 1357 264 1380 ea
272 1346 378 1390 suppliciter
388 1355 466 1380 exorare
476 1345 573 1389 flagitabat.
595 1344 629 1379 Cui
639 1345 682 1379 ille:
695 1346 747 1380 ‘Hoc

43 1398 91 1431 enim
97 1409 134 1431 non
142 1410 177 1442 ego
185 1403 261 1440 tantum,
269 1399 302 1432 sed
311 1399 389 1443 quisque
395 1398 477 1431 fidelium
485 1397 604 1432 deuotissime
612 1397 673 1432 lacere
680 1399 746 1433 debet!

43 1449 86 1484 Post
94 1450 128 1485 hec
136 1450 225 1495 digressis
233 1453 256 1485 ab
263 1451 342 1485 inuicem
351 1451 449 1495 episcopis,
457 1456 474 1484 et
482 1460 519 1484 non
529 1450 585 1484 multo
595 1456 638 1494 post
649 1461 746 1485 occurren-

43 1501 96 1544 tibus,
104 1502 197 1548 inquisiuit
205 1509 279 1539 sanctus
287 1504 365 1549 qualiter
372 1513 403 1538 res
411 1513 431 1538 sc
440 1503 516 1538 haberet
526 1502 574 1538 circa
584 1503 674 1538 ouiculam
684 1505 747 1548 gregis
756 1516 775 1547 ²5

43 1556 71 1589 sui
79 1567 134 1599 quam
141 1557 218 1601 pestifer
225 1558 256 1591 ille
267 1558 322 1601 lupus
331 1556 436 1591 immaniter
447 1555 529 1590 laniarat.
551 1555 585 1590 Cui
596 1556 627 1590 ille
638 1567 676 1590 non
687 1558 747 1592 solunt

43 1609 162 1652 ereptionem,
170 1610 204 1644 sed
212 1609 308 1644 ordinem⁰
316 1609 361 1644 satis
371 1609 474 1643 mirabilem
483 1609 568 1652 exposuit
575 1608 594 1642 in
603 1610 651 1643 hunc
659 1610 734 1645 modurn
743 1623 747 1645 :

43 1660 125 1703 ‘Adiuta,
131 1662 194 1706 inquit,
200 1662 314 1696 orationibus
319 1661 391 1703 vestris,
398 1662 467 1696 dudum
472 1661 502 1695 illa
507 1663 565 1695 euasit
570 1663 679 1705 probrosum
685 1662 747 1706 iugum

44 1714 142 1749 seruitutis.
165 1715 211 1749 Cum
224 1715 274 1749 enim
289 1715 319 1749 die
333 1715 412 1759 quadam
427 1715 509 1749 incestus
521 1714 552 1748 ille
564 1715 632 1749 demon
645 1715 748 1750 incredibili

44 1775 84 1799 eam
99 1773 186 1802 vexasset
203 1767 278 1803 libidine
297 1772 316 1802 et
330 1778 379 1812 pene
398 1766 504 1801 exanimem
522 1768 639 1810 reddidisset,
654 1770 748 1805 abcedens
757 1781 776 1811 ³0

44 1819 122 1862 euanuit,
128 1826 146 1854 et
153 1820 185 1854 illa
192 1821 251 1855 dolori
259 1826 277 1854 et
285 1820 353 1855 merori
360 1819 432 1854 addicta
437 1820 575 1854 solaremansit.
595 1821 618 1854 Et
626 1822 748 1866 eeccquidam

44 1871 62 1905 in
71 1872 133 1916 specie
140 1872 213 1907 iuuenis
221 1873 244 1907 ad
252 1884 293 1907 eam
301 1873 414 1918 ingrediens
419 1883 493 1908 causam
502 1878 551 1908 tante
559 1874 641 1910 mesticie
649 1875 748 1920 inquisiuit.

45 1923 85 1966 Qua
96 1925 122 1960 nil
133 1928 263 1971 respondente,
272 1927 303 1962 ille
312 1928 349 1962 ait:
362 1927 421 1961 “Scio
430 1938 511 1971 vereque
522 1927 565 1962 noui
573 1928 616 1972 quia
627 1939 706 1972 nequam
718 1930 749 1965 illc

44 1978 108 2013 afflixit
113 1985 137 2019 te,
145 1981 178 2014 sed
186 1991 221 2014 nec
228 1980 295 2015 mirum
303 1992 307 2015 :
320 1986 349 2015 est
355 1980 405 2015 enirn
413 1991 514 2024 peruersus
519 1981 618 2015 admodum
627 1987 645 2016 et
653 1982 749 2026 malignus.

44 2030 114 2066 Verum
119 2033 135 2067 si
140 2033 231 2067 consiliis⁷
237 2033 283 2068 meis
289 2033 407 2078 acquiescere
411 2033 497 2076 volucris,
503 2045 598 2078 nunquam
603 2035 627 2069 de
632 2042 694 2070 cetero
700 2038 723 2070 ad
730 2042 748 2071 te
758 2050 776 2080 ³5

45 2094 139 2119 accessum
144 2086 299 2131 haherepoteritl’
319 2087 349 2120 Ad
355 2087 389 2120 hec
395 2086 425 2119 illa
430 2086 529 2130 plurimum
536 2087 637 2121 exhilarata
642 2089 748 2132 respondit:

45 2136 110 2171 “Nihil
121 2144 154 2177 est,
164 2138 228 2182 inquit,
238 2139 272 2173 sub
283 2139 323 2172 celo
331 2139 380 2181 qnod
394 2149 431 2171 non
445 2139 505 2172 libens
518 2138 604 2181 lacerem,
615 2140 715 2174 dummodo
726 2142 749 2175 ab

45 2188 85 2222 eius
96 2200 172 2224 accessu
184 2190 251 2224 saluari
262 2191 353 2234 possem.''
377 2189 467 2224 “Mecum
479 2200 529 2235 ergo,
537 2191 562 2225 ait
573 2191 608 2233 ille,
617 2191 670 2226 sedus
681 2193 749 2227 amoris

45 2240 92 2275 inire
99 2253 123 2276 ne
131 2243 214 2277 dubites:
226 2254 336 2287 quecunque
343 2242 435 2287 optaueris
442 2244 474 2277 tibi
480 2243 572 2287 prestabo,
580 2243 625 2278 nihil
633 2245 669 2279 tuis
677 2245 749 2290 exigam

45 2294 92 2328 votis
105 2296 222 2338 contrarium,
236 2297 281 2331 nihil
295 2308 332 2331 non
346 2296 453 2331 delectabile
468 2307 502 2331 seu
519 2297 597 2332 amabile
610 2298 642 2332 tibi
654 2298 749 2334 inleram.’'
757 2308 778 2338 40

46 2345 99 2388 Quod
111 2361 153 2383 cum
168 2351 198 2384 illa
210 2351 290 2385 fideliter
304 2350 408 2394 sponderet,
418 2350 495 2384 herbam
509 2351 601 2393 quandam
613 2362 650 2384 non
663 2353 727 2396 procul
739 2364 749 2387 a

47 2399 100 2435 domo
108 2409 263 2437 succrescentem
272 2403 380 2437 monstrauit
387 2403 410 2445 ei,
416 2402 490 2437 dicens:
503 2403 571 2437 “Tolle
581 2403 657 2437 herbam
668 2404 721 2439 istam
731 2412 749 2439 et

46 2450 65 2484 in
72 2454 114 2488 sinu
122 2460 153 2490 tuo
159 2457 244 2497 reconde,
251 2467 272 2491 ac
280 2456 396 2491 circumcirca
403 2456 422 2490 in
430 2456 484 2490 domo
492 2462 523 2490 tua
531 2466 599 2501 sparge
604 2457 616 2490 l.
633 2457 681 2491 Dum
688 2464 749 2492 autem

65 2540 212 2582 ¹T.E.Affugerat.
237 2544 399 2582 “Vitvegetauerat
420 2544 531 2575 ⁵E.deocesi.
551 2544 633 2575 ‘Vitista
679 2546 750 2578 ⁵omia

45 2578 75 2610 Vit,
116 2583 122 2599 ⁰
131 2584 163 2632 llit.
170 2585 256 2622 ereptionis
264 2585 341 2614 ordinem,
382 2582 388 2601 ⁷
398 2584 430 2615 Vit.
436 2585 523 2622 desideriis,
532 2589 562 2617 ete.
603 2585 609 2602 ⁹
619 2585 638 2617 E.
645 2595 707 2625 sperge.

67 2631 134 2658 VOL.11.
392 2634 403 2658 ε
