1762 2803
73 128 233 171 ursianam]
295 118 359 174 Uita
373 119 410 176 ἦ.
422 119 568 180 nttuunui.
728 123 774 179 ⁶97

74 240 141 282 gracias
156 241 197 284 agit.
225 243 306 287 Quinque
320 243 344 277 ibi
359 244 456 278 habitantes
474 242 573 277 sacerdotes
591 240 639 286 petit,
654 240 679 275 rei
693 247 774 275 euentum

73 291 195 334 nescientibus,
208 300 225 327 et
238 305 268 336 pre
279 294 343 336 gaudio
357 294 385 328 nix
401 295 470 328 credere
482 293 585 333 uolentibus,
598 304 619 326 ex
633 291 694 325 ordine
708 293 774 334 pandit.

74 341 113 383 Quo
126 341 185 376 audito
200 354 261 378 omnes
273 355 308 378 vna
322 343 419 385 deuotione,
431 344 531 378 thesaurum
544 342 641 386 preciosum
654 341 732 376 inuenire
746 352 775 375 cu-

74 391 142 432 pientes
153 394 290 435 progrediuntur,
298 400 315 427 et
325 394 399 428 ductoris
411 394 436 427 sui
446 394 518 436 uestigia
528 394 614 437 usquead
624 392 680 426 locum
691 391 773 426 diuinitus
803 411 804 414 =

74 448 219 484 premonstratum
232 445 346 486 comitantur3
358 446 414 478 locum
422 443 510 485 effodiunt,
517 443 592 477 martiris
601 443 706 477 Freemundi
717 444 774 486 sepul·
783 453 792 483 5

74 492 134 525 chrum
142 493 236 527 inueniunt.
259 495 310 536 Quod
317 504 356 527 cum
363 494 462 537 peregrinus
470 493 499 527 ille
506 495 622 533 Ethelhertus,
630 494 678 527 cuius
685 493 774 527 brachium

73 542 162 586 hucusque
170 544 243 586 angelici
251 550 307 579 tactus
314 545 394 587 'dampna
405 544 489 585 sustinuit,
497 543 515 577 in
524 550 573 585 parte
583 545 670 578 defossum
679 544 722 577 letus
734 554 774 577 con·

74 592 134 633 spexit,
146 603 186 625 mox
197 593 220 626 ad
231 593 283 627 deum
294 600 310 627 et
322 594 344 627 ad
355 593 430 626 martiris
442 593 467 626 sui
479 603 540 635 corpus
553 602 609 634 genua
621 593 673 633 flexit,
684 603 743 636 preces
754 604 775 627 ex

74 641 136 675 intimo
147 643 199 676 corde
210 643 275 683 effudit,
285 643 350 677 doloris
360 643 455 677 remedium
466 641 548 684 expetiit:
560 646 578 675 et
590 641 648 675 statim
658 652 689 684 per
699 642 775 676 martiris

74 691 102 726 dei
118 692 222 727 Freemundi
236 692 298 728 merita
312 693 392 736 gloriosa,
407 693 440 728 deo
455 692 553 733 miserante,
568 691 633 726 brachii
649 691 740 727 sanitatem
754 704 775 727 ex
784 704 803 725 ro

75 741 141 784 integro
159 744 239 786 suscepit.
266 745 305 786 Quo
323 745 382 778 audito
401 744 489 784 miraculo,
507 742 584 785 languidi
604 741 736 786 circumquaque
753 743 776 776 ad

75 792 161 835 sepulchri
172 794 229 827 locum
239 797 355 837 recuperande
364 795 424 828 salutis
433 794 492 836 gracia
503 794 604 833 adueniunt,
614 803 698 832 cecorum,
706 793 776 826 claudo·

74 852 118 881 rum,
125 843 220 876 arridorum
229 849 246 876 et
256 851 342 877 mutorum
350 843 469 877 multitudines
479 847 587 882 concurrunt,
595 847 612 875 et
622 841 702 875 inuocato
712 841 776 876 Christi

75 891 145 925 nomine
158 903 189 935 per
200 893 274 927 martiris
287 894 347 928 merita
360 894 448 936 sospitatis
462 893 539 935 graciam
553 892 653 935 suscipiunt.
677 892 720 926 Cum
735 901 777 926 uero

74 942 160 985 sepulchri
172 943 229 976 locum
242 943 294 977 altius
305 944 394 986 effodiunt,
407 943 450 978 sicut
465 942 556 987 peregrino
569 942 593 976 illi
606 942 703 986 predictum
715 941 776 985 suerat,
784 955 805 988 15

75 993 167 1035 scropham
180 1004 232 1027 vnam
248 1004 287 1028 cum
301 994 393 1029 tresdecim
407 995 470 1029 fetibus
484 993 601 1037 prosilientem
614 993 696 1027 mirantes
710 994 776 1037 prospi-

74 1042 121 1076 ciunt
126 1055 131 1083 ς
143 1044 173 1077 sed
179 1055 238 1077 eorum
246 1045 341 1086 ingressum
349 1045 376 1079 uel
383 1045 447 1079 exitum
455 1044 531 1078 inuenire
539 1054 574 1078 non
581 1049 679 1086 potuerunt.
700 1045 777 1078 Extenso

75 1092 126 1134 igitur
141 1094 215 1136 desuper
229 1094 320 1137 papilione,
334 1095 432 1128 sacerdotes
446 1100 481 1128 tres
496 1104 556 1136 corpus
568 1093 643 1126 martiris
655 1094 673 1126 in
687 1094 777 1137 sepulchro

75 1143 163 1176 conditum
178 1144 240 1178 deuote
255 1145 358 1187 custodiunt,
373 1145 408 1177 duo
422 1155 463 1179 vero
479 1154 518 1178 cum
535 1144 638 1177 Ethelberto
655 1143 678 1177 ad
695 1143 777 1178 Berinum

76 1193 180 1235 episcopum,
192 1200 233 1228 tunc
246 1195 328 1238 temporis
341 1196 387 1238 apud
399 1194 485 1228 ciuitatem
497 1204 530 1237 qne
543 1194 669 1226 Dorchecestre
683 1194 778 1227 uocabatur
785 1211 805 1232 20

74 1244 172 1285 presulatus
180 1245 221 1278 sede
229 1245 344 1287 sublimatum,
352 1246 376 1279 rei
387 1245 437 1278 huius
447 1251 528 1279 euentum
538 1244 620 1288 episcopo
631 1244 715 1278 narraturi
724 1244 776 1278 adue·

76 1293 130 1327 niunt.
152 1295 264 1329 Ethelbertus
275 1296 328 1339 igitur
337 1296 395 1340 apices
403 1297 425 1330 de
432 1306 484 1329 manu
494 1295 559 1329 domini
569 1305 614 1338 pape
624 1293 724 1337 susceptas¹
732 1295 777 1338 epis·

74 1345 205 1385 copolegendas
210 1345 289 1378 tradidit:
297 1352 387 1388 susceptas
393 1345 439 1387 legit,
444 1345 468 1378 rei
474 1346 569 1378 nouitatem
575 1345 607 1376 sibi
613 1344 697 1385 apertius¹
702 1344 776 1377 intimari

74 1394 156 1436 precepit.
179 1396 243 1428 Narrat
250 1395 279 1428 ille
288 1405 321 1438 que
329 1396 401 1436 uiderat,
409 1405 442 1438 que
451 1395 530 1437 angelico
540 1395 609 1427 oraculo
620 1394 714 1429 didicerat:
726 1394 777 1428 mira·

74 1449 102 1476 tur
112 1444 204 1485 episcopus
214 1440 238 1477 'ad
250 1445 322 1485 singula,
334 1445 387 1478 credit
398 1445 463 1485 audita,
474 1451 491 1477 et
504 1444 568 1478 Christi
581 1444 598 1477 in
610 1443 644 1477 hiis
655 1454 688 1487 que
699 1444 777 1478 audierat
786 1461 805 1492 ¹5

74 1493 139 1527 extollit
150 1493 235 1537 preconia
259 1496 313 1530 Mane
324 1494 374 1538 igitur
384 1495 436 1536 facto,
448 1505 481 1538 que
492 1494 570 1528 audierat
581 1493 619 1528 uisu
630 1493 697 1536 plenius
710 1493 778 1528 discere

75 1543 151 1587 cupiens,
161 1555 200 1577 cum
211 1545 247 1579 suis
258 1545 281 1578 ad
292 1545 378 1588 sepulchri
389 1547 446 1579 locum
457 1546 522 1580 tendit:
534 1552 596 1588 etque
607 1545 690 1586 audierat,
697 1545 778 1582 uniuersa

75 1594 114 1628 uisu
126 1601 215 1635 annotata,
226 1606 266 1628 cum
276 1597 383 1630 mirabilibus
397 1607 431 1639 que
442 1597 466 1629 ibi
479 1596 538 1629 diuina
551 1596 631 1638 potencia
643 1595 721 1636 iaciebat,
733 1596 779 1628 letus

75 1644 168 1686 conspexit.
189 1646 255 1687 Aperto
266 1645 317 1687 igitur
326 1646 422 1689 sepulchro,
434 1656 496 1688 corpus
508 1644 577 1688 gloriosi
589 1645 663 1678 martiris
675 1644 778 1679 Freemundi

75 1693 121 1728 intus
133 1694 239 1729 aromatibus
251 1697 344 1739 conditum,
353 1702 370 1731 et
379 1697 460 1731 decenter
470 1696 533 1741 pannis
545 1696 645 1738 inuolutum,
653 1695 778 1730 admirantibus
786 1710 806 1741 30

76 1746 142 1779 cunctis
153 1747 222 1787 inuenit,
231 1753 248 1781 et
258 1747 275 1780 in
286 1749 347 1781 eodem
359 1749 454 1790 sepulchro,
463 1748 512 1780 simul
523 1757 561 1780 cum
572 1756 648 1789 corpore,
659 1746 712 1789 ipsius
724 1746 777 1781 uitam
808 1772 811 1778 .

76 1802 93 1829 et
107 1791 292 1839 passionem'anglicis
305 1797 383 1839 apicibus
396 1803 497 1830 annotatam
510 1795 590 1839 repperit.
613 1797 716 1830 Conuocatis
727 1796 779 1838 igitur

75 1846 207 1888 circumquaque
218 1846 303 1889 religiosis
313 1847 396 1889 personis,
406 1853 445 1889 post
456 1847 538 1880 ieiunium
550 1845 652 1888 triduanum,
663 1846 691 1879 die
701 1847 777 1880 denomi-

75 1901 122 1938 nato,
135 1901 151 1929 et
166 1897 258 1930 multorum
271 1896 343 1940 collegio
357 1896 438 1939 adunato,
449 1896 540 1941 episcopus
551 1895 623 1930 Ben'nus
638 1902 655 1930 et
666 1896 778 1931 Ethelbertns

76 1947 176 1988 peregrinus
184 1957 223 1980 cum
231 1953 304 1990 quatuor
311 1947 351 1981 uiris
358 1947 441 1990 religiosis
451 1948 560 1990 sepulchrum
570 1957 609 1980 curn
619 1957 690 1990 corpore
698 1947 778 1981 manibus
786 1963 806 1995 ³5

76 1997 182 2041 suscipiunt:
202 2004 219 2033 et
236 1999 259 2032 ad
273 1998 349 2033 uicinum
366 1999 488 2034 monasterium
506 1998 571 2032 deferre
586 1998 670 2040 uolentes,
685 1998 708 2032 ad
722 1999 778 2033 locum

76 2049 163 2091 quendam
174 2049 203 2091 qui
213 2049 309 2091 appellatur
317 2048 379 2083 Ridic³
388 2055 512 2092 peruenerunt:
525 2050 556 2082 sed
566 2048 608 2081 illud
618 2049 640 2081 ab
650 2059 672 2082 eo
682 2049 721 2082 loco
732 2050 779 2082 nulla

24 2143 25 2146 Ἴ
76 2097 145 2131 racione
159 2107 228 2131 mouere
242 2104 337 2141 potuerunt.
361 2099 412 2140 Quod
426 2108 497 2132 cernens
510 2097 606 2140 episcopus,
619 2102 636 2130 et
650 2097 733 2141 quidnam
746 2097 779 2133 sibi

76 2147 174 2182 faciendum
186 2154 232 2182 esset
242 2154 337 2191 suspectus,
349 2149 428 2183 homines
439 2149 550 2192 quamplures
561 2148 584 2183 ad
595 2149 699 2192 portandum
712 2160 779 2183 ammo-

75 2199 123 2232 nuit:
140 2199 171 2233 sed
184 2200 202 2232 in
215 2200 248 2232 hoc
260 2207 323 2233 conatu
335 2199 389 2233 nichil
401 2201 482 2243 proficere
495 2199 555 2243 potuit.
576 2201 605 2232 Ad
618 2200 716 2233 oracionem
729 2201 780 2242 igitur
786 2210 808 2240 4⁰

76 2260 169 2284 conuersus
179 2250 270 2293 episcopus
280 2249 338 2284 diuine
347 2250 439 2284 uoluntatis
450 2249 527 2293 graciam
537 2249 615 2293 quesiuit,
623 2250 664 2293 quid
674 2250 696 2284 de
704 2250 778 2284 martiris

76 2300 102 2333 sui
118 2311 189 2342 corpore
204 2300 238 2333 deo
253 2301 289 2334 fieri
306 2300 394 2343 placuerit.
421 2301 486 2333 Diuino
501 2300 552 2343 igitur
568 2301 648 2343 prodigio
666 2300 779 2333 commonitus

76 2350 166 2391 episcopus
181 2351 227 2383 hunc
241 2352 298 2384 locum
313 2351 368 2384 solum
383 2350 416 2384 sibi
431 2350 518 2383 martirem
533 2350 661 2383 Freemundum
675 2349 786 2391 praelegisse

76 2399 168 2442 intellexit;
180 2406 197 2434 et
208 2402 254 2443 quod
264 2400 329 2436 martiri
339 2401 427 2445 placuerit,
436 2401 516 2436 omnibus
526 2411 583 2435 coram
595 2400 678 2435 stantibus
688 2398 778 2434 intImauit.

77 2451 160 2493 Ligneam
168 2450 219 2493 igitur
229 2452 308 2486 cellulam
319 2452 337 2486 in
348 2452 419 2487 articulo
430 2453 512 2496 temporis
523 2463 575 2495 super
584 2450 658 2485 martiris
669 2450 778 2493 sepulchrum
786 2458 806 2489 ts

77 2502 156 2545 componi
164 2501 245 2544 precepit,
253 2509 270 2536 et
278 2503 320 2536 illud
328 2513 359 2546 pre
368 2504 430 2538 ceteris
440 2505 542 2537 Ethelberto
551 2508 568 2536 et
579 2502 653 2545 quinque
661 2501 779 2535 sacerdotibus

140 2566 146 2582 ¹
156 2567 174 2597 L.
181 2571 259 2607 susceptos
266 2589 270 2598 .
278 2589 283 2598 .
290 2590 294 2598 .
302 2568 379 2608 legendos.
440 2568 446 2585 ²
456 2567 489 2599 MS.
496 2567 551 2608 aptius.
612 2565 619 2583 '
629 2565 662 2598 MS.
670 2564 712 2597 tidie.
