1762 2803
54 145 194 184 assarna]
296 133 506 188 bematius.
709 148 753 193 545

54 263 118 296 intrans
134 258 204 291 domurn
219 255 248 290 vbi
263 255 348 290 Aelredus
363 255 430 291 iacebat
444 256 462 290 in
475 257 529 297 cunis,
544 256 587 291 vidit
601 256 662 291 faciem
677 256 722 291 illius
737 255 755 290 in

54 310 128 356 speciem
135 307 176 342 solis
184 317 290 348 conuersam,
299 312 316 340 et
324 312 391 341 tantum
399 307 432 342 sibi
440 314 528 342 mutuasse
539 306 614 349 luminis,
624 313 642 342 vt
651 318 681 342 sue
694 318 756 341 manus

54 360 130 406 apposite
136 359 196 392 vmbra
202 358 302 391 succederet
309 369 320 390 a
327 364 375 401 parte
383 369 449 400 auersa,
455 369 495 393 cum
501 360 519 393 in
525 360 578 401 plano
584 360 642 400 palmo
649 358 696 401 quod
701 358 756 399 respi-

54 412 109 445 ciebat
120 410 143 443 ad
154 408 216 441 faciem
227 407 297 441 infantis
309 407 358 447 quasi
370 407 430 441 solaris
443 408 485 441 lucis
497 409 561 451 fulgore
574 408 695 450 splendescere
707 407 755 440 vide-

54 468 103 495 retur.
125 459 199 492 Miratur
210 457 238 490 ille
250 464 267 491 et
277 457 377 501 parentibus
389 458 440 493 refert
451 459 602 503 incomparabilem
612 459 684 502 gloriam
694 457 755 493 innati
764 463 772 495 5

55 514 80 546 sui
94 511 155 544 faciem
170 508 276 552 apparuisse.
325 508 354 542 Fit
368 510 450 551 gaudium
463 510 572 544 audientibus
586 509 625 550 hec,
637 515 654 543 et
669 509 756 544 felicitatis

54 561 122 597 exordia
133 560 150 593 in
161 558 258 601 primordiis
266 559 335 593 Aelredi
346 560 433 602 pululasse
444 560 559 603 intelligentes
566 561 647 594 exultant.
668 560 756 597 llVenrm

54 623 92 647 curn
100 611 179 654 puerulus
187 609 281 643 admodum
289 616 334 643 esset
342 610 428 653 paruulus,
436 611 505 644 rediens
515 622 526 644 a
536 610 576 644 ludo
585 621 636 653 quem
647 609 707 644 habuit
716 621 755 645 cunr

55 661 139 696 coetaneis
147 660 182 693 suis
190 660 207 692 in
215 660 258 693 locis
266 659 345 701 publicis,
352 666 442 703 paternam
450 660 546 703 ingreditur
553 660 634 694 domum:
646 670 698 703 quem
707 664 756 703 pater

55 709 142 745 intuens¹:
155 710 208 752 ¹Eya,
222 709 286 751 inquid,
298 709 327 750 fili,
339 710 397 752 quales
410 710 464 743 edicis
477 709 575 743 rumoresi’
594 710 617 743 Et
630 709 671 743 ille:
685 709 756 743 ‘Archi-
764 720 783 742 ro

55 762 143 805 episcopus
154 759 263 795 eboracensis
275 759 325 795 hodie
333 760 380 802 obiit,
388 767 436 804 pater
443 761 478 795 mi!
500 760 552 795 Ridet
559 766 608 804 pater
615 770 654 794 cum
661 760 731 801 familia,
738 766 755 794 et

54 812 122 846 Aelredi
132 810 231 845 vaticinium
242 812 370 854 commendans,
378 813 438 854 ‘Vere,
446 812 475 854 fili,
482 812 511 853 ait,
521 812 550 847 ille
560 810 602 846 obiit
612 811 641 854 qui
650 812 695 845 male
702 810 756 845 vluit!

55 864 78 896 Et
86 873 138 905 puer:
150 862 215 896 ‘Aliter
224 868 257 903 est,
264 869 319 905 pater,
329 874 369 896 nam
380 874 432 896 came
443 865 509 897 solutus
516 865 595 897 vltimum
607 863 659 896 hodie
667 863 705 895 vale
716 862 756 895 fecit

54 911 162 945 mortalibus!
184 911 213 945 Ad
221 912 253 945 hec
261 912 351 956 stupefacti
361 913 460 957 omnesqui
471 913 548 955 aderant,
556 913 640 947 mirantur
651 923 723 956 puerum
733 912 756 946 de

55 963 152 1005 absentibus
160 963 279 1006 prophetando
286 962 367 997 indicare.
390 965 421 998 Set
429 964 468 1008 quia
475 965 523 998 locus
531 964 559 998 vbi
567 963 706 1006 archiepiscopus
713 963 755 997 obiit
765 975 783 1006 ¹5

55 1015 76 1046 ab
85 1012 109 1046 eis
120 1013 181 1056 longo²
191 1013 267 1047 distabat
276 1013 342 1055 itinere,
352 1015 415 1058 pendet
426 1015 444 1049 in
455 1015 508 1049 dubio
518 1015 573 1048 exitus
583 1013 681 1057 prophecie,
692 1023 725 1048 nec
735 1024 756 1048 eo

55 1064 81 1097 die
89 1064 116 1096 vel
123 1063 177 1097 altero
184 1065 219 1097 vlla
227 1064 333 1099 certitudinis
342 1065 444 1099 auctoritate
451 1066 545 1099 roboratur.
567 1066 591 1098 At
599 1064 616 1097 in
624 1064 678 1098 tercio
684 1064 755 1107 quidem

55 1124 110 1146 rumor
119 1124 150 1155 per
159 1114 265 1156 prouinciam
273 1114 338 1154 volitat,
348 1116 401 1148 fertur
410 1115 474 1158 passim
486 1125 518 1157 per
527 1125 587 1148 omnes
596 1113 682 1157 pontificis
693 1113 755 1147 obitus.

56 1162 108 1204 Igitur
115 1162 132 1195 in
139 1164 215 1205 puericia
223 1164 307 1198 mirabilis
314 1164 350 1206 fuit,
358 1170 375 1198 et
386 1165 421 1198 fere
429 1164 484 1199 virum
494 1163 590 1199 mirabilem
599 1164 639 1199 fecit
649 1174 688 1198 cum
699 1164 754 1198 minu·

54 1214 118 1247 scolam
125 1221 183 1255 ageret
191 1221 261 1249 etatem.
282 1216 297 1252 il
306 1217 327 1249 ln
337 1216 385 1249 curia
394 1217 452 1249 Dauid
460 1216 505 1259 regis
513 1216 578 1256 Scocie,
586 1226 626 1249 cum
634 1216 712 1249 ilenrico
719 1215 754 1248 filio
764 1229 783 1250 ro

55 1265 103 1307 regis,
111 1273 128 1300 et
136 1267 228 1300 Waltheuo
234 1266 344 1309 postmodum
352 1267 415 1300 abbate
420 1268 443 1301 de
450 1267 521 1307 Meiros,
526 1266 599 1300 nutritus
606 1265 637 1299 fuit
643 1271 660 1300 et
666 1266 755 1299 educatus.

56 1315 109 1356 Quem
120 1327 149 1350 rex
159 1316 176 1349 in
187 1323 254 1350 tantum
265 1316 336 1358 amauit,
343 1323 361 1350 vt
370 1328 409 1350 eum
420 1323 522 1360 preponeret
531 1317 583 1351 rebus
592 1316 656 1358 multis,
664 1316 755 1359 mancipiis

54 1366 128 1407 plurimis
139 1373 155 1400 et
166 1366 246 1400 omnibus
253 1367 344 1410 palatinis3
356 1374 373 1401 et
380 1367 437 1409 magis
444 1378 465 1400 ac
474 1366 530 1409 magis
541 1367 563 1400 de
574 1367 602 1400 die
612 1367 630 1399 in
640 1366 686 1400 diem
698 1367 755 1409 ipsum

54 1416 76 1448 acl
83 1417 145 1450 alciora
152 1417 246 1460 prouehere
254 1417 340 1459 cogitauit.
363 1419 385 1451 In
392 1423 459 1451 tantum
466 1424 485 1450 vt
492 1428 532 1451 eum
540 1416 640 1461 episcopatu
648 1416 755 1452 nobilitasset

54 1466 132 1508 primario
144 1475 189 1502 terre
201 1479 237 1508 sue,
248 1468 281 1502 nisi
294 1469 346 1503 cicius
357 1470 380 1503 ad
392 1469 492 1511 religionem
504 1469 609 1502 aduoiasset.
622 1470 629 1508 Ιι
641 1469 685 1502 Erat
696 1473 754 1502 tamen
764 1483 782 1514 ²5

55 1518 156 1552 echonomus
168 1519 230 1553 domus
241 1520 308 1562 regalis,
316 1526 333 1553 et
343 1525 400 1562 preter
407 1519 455 1552 illum
462 1519 514 1552 nichil
525 1529 570 1562 pene
580 1519 667 1561 agebatur,
675 1518 721 1552 intus
729 1520 756 1552 vel

54 1567 98 1605 foris,
104 1569 183 1600 omnibus
191 1578 222 1610 per
228 1568 287 1601 omnia
294 1569 370 1611 placens.
392 1570 415 1601 Et
423 1570 463 1601 lieet
470 1569 551 1601 uniuersa
558 1578 592 1610 que
599 1568 663 1601 fiebant
671 1569 708 1601 eius
715 1578 756 1601 cure

54 1615 166 1656 subiacerent,
176 1618 206 1652 tali
215 1624 292 1662 tempore
302 1618 365 1662 agebat
375 1618 438 1661 omnia,
449 1624 468 1653 vt
477 1624 543 1653 remota
554 1616 658 1653 distensione
669 1618 755 1661 popularis

54 1666 179 1710 inquietudinis,
187 1675 234 1703 recto
241 1669 360 1703 moderamine
370 1679 391 1703 ac
401 1668 469 1713 perutili
480 1668 596 1713 disposicione
607 1669 624 1702 in
634 1680 690 1703 rerum
699 1668 755 1712 proui-

54 1716 99 1751 sione
107 1719 199 1761 frueretur3
211 1718 235 1754 ibi
242 1720 297 1762 figens
305 1718 403 1754 interiorem
411 1720 479 1754 oculum
487 1720 515 1754 vbi
524 1719 591 1753 dulcius
600 1726 617 1754 et
628 1719 694 1755 diucius
704 1721 755 1754 deum
765 1730 784 1760 ,κο

54 1768 106 1809 potuit
119 1771 235 1815 contemplari.
258 1770 304 1804 Hinc
319 1776 346 1804 est
360 1772 408 1816 quod
423 1781 469 1815 sepe,
484 1781 523 1805 cum
538 1776 591 1806 staret
606 1780 664 1805 coram
678 1780 718 1813 rege
732 1771 756 1806 ad

54 1820 143 1858 prandium
154 1821 218 1854 fercula
229 1821 333 1853 distribuens
341 1827 359 1853 vt
369 1831 429 1854 mense
439 1821 502 1863 regalis
514 1820 581 1864 dapifer
591 1830 697 1863 suppremus,
705 1821 755 1864 quasi

54 1876 84 1908 per
93 1870 173 1911 agoniam
182 1877 242 1913 raptus
254 1870 277 1904 ad
287 1881 358 1913 superos
366 1870 451 1904 ventrium
462 1870 534 1913 negocia
545 1870 679 1911 obliuisceretur,
688 1877 705 1903 et
715 1871 755 1904 illud

54 1920 125 1959 apostoli
132 1931 163 1963 per
172 1932 261 1954 excessum
270 1921 342 1954 dulciter
349 1921 479 1964 contemplans:
487 1922 538 1955 ‘esca
545 1920 600 1955 ventri
608 1926 625 1955 et
632 1926 693 1955 venter
699 1921 756 1955 escis:

55 1967 96 2002 deus
106 1971 152 2005 hunc
161 1978 178 2005 et
187 1970 243 2006 hanc³
251 1972 337 2013 destrue&
345 1971 373 2005 vix
382 1972 464 2014 deinceps
475 1971 503 2005 die
514 1970 543 2004 illo
555 1970 598 2004 cibis
607 1970 644 2014 ipse
654 1970 755 2014 indulgeret.
764 1982 782 2013 55

55 2017 100 2052 Nam
107 2031 175 2065 semper
182 2034 193 2056 a
203 2022 279 2066 puericia
289 2022 368 2066 parcitati
379 2033 449 2066 operam
460 2023 517 2057 dabat.
540 2023 561 2055 ln
570 2021 676 2056 vestimentis
687 2032 755 2065 quoque

55 2074 71 2101 et
83 2072 171 2106 ornatibus
185 2073 261 2116 corporis
274 2073 331 2107 taliter
345 2073 435 2107 incedebat
449 2079 533 2115 comptus,
546 2078 564 2105 vt
577 2073 624 2105 nulla
639 2072 755 2114 superfluitate

55 2119 150 2160 cupiditatis
158 2133 188 2155 seu
196 2134 240 2156 vane
248 2122 301 2165 glorie
310 2128 403 2164 notaretur,
410 2122 459 2164 signo
469 2123 545 2164 quodam
551 2122 609 2155 veraci
616 2122 673 2155 future
680 2122 715 2156 uite
725 2133 756 2156 sue

55 2170 156 2212 prophetans
163 2172 267 2207 laudabilem
275 2179 398 2216 paupertatem.
420 2172 518 2205 Affabilitas
525 2179 574 2206 tanta
581 2180 598 2206 et
605 2174 728 2208 beneuolencia
738 2174 755 2208 in

55 2227 75 2252 eo
87 2230 213 2265 concurrerunt,
225 2230 243 2258 vt
254 2225 299 2258 lesus
310 2235 321 2257 a
333 2234 420 2267 quoquam
432 2222 502 2264 iniuriis,
514 2233 549 2257 nou
561 2224 659 2257 turbaretur
671 2224 694 2257 ad
707 2224 756 2267 iram,
764 2235 785 2265 40

55 2269 160 2307 stimulatus⁴
168 2275 264 2308 maledictis
271 2286 306 2308 non
314 2281 434 2318 prouocaretur
440 2275 463 2308 ad
468 2274 568 2315 vindictam,
573 2275 680 2309 contumeliis
685 2275 757 2309 affectus

55 2327 88 2354 non
103 2323 181 2359 redderet
196 2326 288 2359 talionem:
307 2331 334 2359 set
346 2335 423 2359 amorem
437 2335 468 2368 pro
481 2325 527 2366 odio,
539 2326 604 2358 bonum
617 2336 648 2368 pro
661 2325 713 2366 malo,
725 2336 756 2367 pro

56 2367 118 2405 inuidia
125 2375 213 2418 obsequia,
221 2381 239 2409 et
247 2385 278 2418 pro
286 2376 344 2417 lingua
352 2375 437 2408 maledica
444 2375 516 2409 verbum
527 2375 577 2409 dulce
586 2381 603 2408 et
614 2385 657 2417 opus
666 2374 757 2408 amicabile

55 2420 132 2457 omnibus
143 2425 205 2459 diebus
212 2425 247 2460 vite
255 2435 285 2459 sue
292 2426 365 2460 reddere
376 2426 472 2468 satagebat.
515 2425 529 2462 il
538 2424 614 2468 Quidam
624 2425 673 2459 miles
682 2425 700 2460 in
709 2425 756 2459 curia

54 2470 98 2511 regis
106 2473 158 2510 durus
165 2481 182 2510 et
190 2477 269 2518 crudelis,
277 2475 337 2511 con'tra
344 2487 385 2511 eum
392 2476 481 2511 insaniens
491 2487 512 2511 eo
520 2477 566 2520 quod
573 2488 584 2510 a
591 2487 632 2520 rege
639 2487 670 2520 pre
677 2477 756 2511 omnibus
764 2487 783 2517 45

55 2528 143 2565 amaretur,
155 2527 199 2561 inter
212 2528 268 2562 socios
281 2534 298 2561 et
311 2527 438 2562 commilitones
451 2528 504 2562 verba
516 2527 630 2562 detraccionis
644 2533 703 2561 contra
716 2538 756 2561 eum

98 2602 226 2647 ¹MS.inquiens.
278 2608 386 2647 2Μᾶἰοιιεε.
436 2608 513 2639 'aldins
569 2607 712 2639 ‘libaturam

76 2655 142 2686 VOL.ii.
390 2663 423 2690 Nn
