1762 2803
117 118 168 172 '150
314 114 393 171 more
409 110 526 183 tarenta
541 110 633 172 0111111.

123 246 195 270 merore
202 235 288 279 affectus,
300 234 351 269 illum
362 245 396 279 per
407 235 457 269 littus
469 245 510 268 cum
521 233 584 278 pueris
596 234 683 268 inuanum
695 231 726 267 diu
738 243 823 276 querens,

122 290 176 323 rediit
187 293 205 320 et
216 288 295 322 officium
309 293 421 321 mortuorum
435 297 468 329 pro
481 287 541 319 anima
553 287 606 329 pueri
619 296 661 318 cum
673 296 740 328 magno
752 295 824 330 merore

123 340 199 386 peregit.
223 340 261 375 Nec
275 350 331 383 mora,
343 339 403 374 nuncii
417 351 428 374 a
442 339 548 384 parentibus
563 338 630 373 Macuti
642 337 706 373 directi
717 337 740 372 ad
751 336 824 371 ianuam

123 396 223 439 pulsantes
229 395 321 428 Macutum
330 404 396 427 sanum
404 399 423 427 et
430 393 540 426 incolumem
548 392 594 426 sicut
602 392 619 426 ei
627 391 705 426 traditus
713 391 777 432 suerat,
783 402 825 425 cum

106 459 114 489 5
124 449 178 482 minis
187 459 197 480 a
207 447 304 480 Brendano
315 447 437 491 postulabant.
459 445 492 479 Vir
501 446 530 479 dei
540 446 647 488 respondit:
660 445 712 479 ‘Iam
720 456 757 478 non
765 445 825 478 solum

123 500 229 543 magnitudo
241 499 309 532 doloris
321 505 397 542 occupat
409 509 443 539 me,
452 498 499 532 sedl
509 504 570 533 vestra
580 498 671 541 legatione
683 499 733 532 tedet
744 508 774 531 me
788 497 825 532 vite

123 553 170 586 mee.
193 551 231 584 Sed
244 562 277 584 vos
290 561 353 593 queso,
365 551 390 583 ite
404 556 422 584 et
434 549 518 583 nunciate
530 550 566 583 illis
581 551 630 592 quod
642 549 691 583 filius
704 559 768 582 eorum
784 559 825 582 cum

123 609 175 647 patre
185 602 203 636 in
216 603 260 637 celis
272 602 317 637 viuit
329 603 348 636 in
361 603 455 637 eternum!
479 602 616 636 Oranteautem
625 601 723 636 Brendano
734 600 757 636 ad
770 601 825 636 deum

123 668 164 691 cum
176 656 274 699 lachrimis,
285 656 340 690 astitit
350 655 427 699 angelus
437 654 506 689 domini
517 655 591 689 dicens:
601 655 712 689 r‘Brendane
724 665 778 688 serue
789 654 825 697 dei,

97 721 115 742 ιο
123 711 160 744 noli
168 710 233 745 timere
241 721 245 744 :
258 709 300 753 quia
308 710 354 744 deus
362 709 482 753 omnipotens
490 709 521 752 qui
529 719 595 743 seruos
602 719 645 742 suos
653 708 672 741 in
678 707 825 742 tribulationibus

109 808 110 811 Ἴ
123 762 244 805 consolatur²,
251 772 330 807 puerum
338 762 431 796 Macutum
439 761 487 795 inter
498 762 564 795 fluctus
575 761 631 795 maris
640 760 759 801 conseruauit,
768 766 786 794 et
795 760 825 794 vbi

123 816 182 850 insula
191 826 284 860 nunquam
297 816 335 858 suit,
346 820 422 860 propter
436 816 476 850 eius
488 825 570 849 amorem
582 825 637 849 vnam
649 815 721 849 nouiter
734 814 826 856 exaltauit‚

123 880 159 913 que
170 869 206 903 nisi
216 870 287 913 nauigio
300 869 319 902 in
331 874 415 903 eternum
426 880 437 902 a
448 869 497 902 nullo
508 868 565 902 adiri³
576 868 652 911 poterit!
675 867 758 911 Pergens
771 867 826 911 igitur

123 923 152 955 vir
167 921 197 955 dei
212 932 266 955 mane
278 923 301 955 ad
313 922 368 963 littus,
380 932 458 965 puerum
470 920 489 954 in
502 920 591 965 superiori
603 921 662 954 insule
675 920 719 963 loco,
733 921 778 953 odas
790 921 825 954 deo

98 987 115 1014 15
125 978 228 1017 canentem,
240 974 322 1018 aspexit:
339 974 368 1008 cui
379 979 397 1008 et
410 974 465 1007 dixit:
482 974 544 1016 ‘Veni,
556 974 614 1007 electe
628 973 662 1014 dei,
675 979 693 1007 et
706 974 729 1007 da
744 973 826 1007 osculum

124 1028 190 1060 nobis:
202 1027 244 1069 quia
255 1027 279 1059 ita
289 1037 324 1069 ego
335 1027 390 1059 hodie
402 1027 469 1070 accipio
481 1031 600 1070 conspectum
612 1031 668 1068 tuum,
677 1026 729 1070 quasi
737 1026 826 1059 Lazarum

99 1075 112 1077 '¹
124 1084 188 1124 quarto
213 1079 241 1113 die
265 1080 288 1112 de
312 1084 432 1112 monumento
453 1084 580 1124 resurgentem
599 1078 692 1112 viderem!
726 1078 759 1111 Ille
781 1089 826 1112 vero

125 1131 217 1166 humiliter
235 1132 351 1176 respondens
367 1132 423 1166 dixit:
444 1131 514 1165 ‘Nolite
530 1131 574 1164 mihi
589 1131 692 1165 molestiam
707 1131 775 1165 inferre
793 1132 826 1165 sed

127 1187 191 1220 saltem
202 1196 238 1219 vna
246 1186 276 1219 die
283 1185 302 1218 in
311 1185 350 1219 loco
358 1185 388 1219 vbi
395 1185 520 1220 misericordia
527 1185 557 1218 dei
564 1195 594 1218 me
603 1184 680 1219 saluauit
687 1184 784 1229 relinquite
792 1196 827 1219 me.

98 1252 117 1273 ao
126 1239 149 1274 Et
160 1238 267 1283 psalterium
279 1249 340 1273 meum
352 1238 396 1272 mihi
408 1239 499 1281 remittite,
511 1244 529 1272 et
545 1238 560 1272 si
575 1238 611 1272 alio
624 1239 679 1272 modo
694 1249 730 1273 non
745 1239 827 1283 potestis,

126 1293 190 1326 mittite
202 1291 245 1325 illud
257 1292 276 1325 in
288 1302 349 1326 mare:
362 1296 380 1325 et
390 1292 442 1334 deus,
450 1291 480 1335 qui
489 1291 564 1325 saluauit
574 1301 604 1326 me
613 1291 661 1325 inter
672 1293 731 1325 vndas
742 1292 803 1333 maris,
812 1293 827 1326 si

109 1348 111 1351 ’
125 1345 185 1388 placet
195 1343 220 1377 illi
231 1354 260 1378 me
271 1344 335 1378 saltem
343 1354 379 1378 vna
387 1343 416 1378 die
424 1343 453 1378 hic
461 1349 526 1385 astare,
535 1343 593 1377 mittet
601 1343 643 1377 illud
652 1343 703 1387 aquis
711 1343 798 1378 intactum
805 1345 827 1378 ad

126 1400 166 1431 me!
189 1396 241 1430 Tunc
250 1397 348 1430 Brendano
356 1396 464 1440 psalterium
474 1401 550 1430 tenente
560 1396 606 1430 etin
617 1407 667 1430 mare
678 1397 765 1437 mittente,
773 1397 827 1431 fascis

126 1450 171 1494 alge,
184 1449 322 1492 superquam*
336 1449 366 1482 ille
380 1449 484 1491 dormierat,
496 1448 573 1482 occurrit
585 1454 603 1482 et
616 1459 672 1492 super
687 1460 707 1483 se
722 1449 827 1493 psalterium

99 1513 117 1543 25
126 1501 203 1542 admisit,
210 1506 228 1536 et
236 1503 258 1536 ad
267 1502 326 1536 locum
334 1502 364 1536 vbi
372 1508 446 1537 sanctus
454 1501 563 1536 Machutns⁶
571 1502 625 1536 deum
631 1502 699 1545 orabat,
704 1513 751 1546 aqua
757 1502 828 1538 illesum

126 1555 205 1600 pertulit.
228 1555 280 1588 Tunc
289 1566 354 1589 omnes
362 1555 427 1589 fratres
436 1556 470 1588 hoc
478 1554 585 1599 miraculum
594 1554 709 1599 aspicientes,
717 1556 803 1599 prostrati
809 1556 828 1589 in

126 1613 194 1642 terram
206 1608 267 1650 spacio
276 1607 331 1641 trium
343 1608 429 1641 horarum
439 1608 503 1641 laudes
515 1608 588 1641 domino
599 1608 617 1641 in
629 1618 726 1642 commune
737 1609 828 1643 fuderunt.

127 1660 211 1696 Crastina
219 1660 249 1694 die
258 1660 359 1694 nauiculam
368 1660 477 1695 Brendanus
488 1660 537 1695 misit
547 1665 565 1695 et
575 1671 653 1704 puerum
664 1661 687 1695 ad
697 1666 763 1695 terram
774 1667 828 1706 atque

127 1712 259 1747 monasterium
267 1713 329 1747 reduci
337 1713 384 1747 iecit.
400 1713 446 1747 Cum
454 1718 515 1746 autern
519 1724 597 1756 puerum
603 1714 713 1748 incolumem
720 1715 829 1749 Brendanus

99 1778 118 1807 30
126 1764 233 1811 parentibus
248 1766 401 1807 commendasset,
414 1765 502 1807 Macutus,
518 1765 570 1809 quasi
585 1765 677 1799 iracundia
693 1771 758 1809 motus,
774 1773 828 1811 atque

127 1818 189 1853 omnia
196 1823 287 1852 transacta
295 1819 397 1860 recolueris,
406 1820 441 1853 ait:
453 1819 480 1852 ‘O
493 1819 585 1862 magister,
594 1830 661 1861 nonne,
670 1830 711 1853 cum
721 1820 760 1854 aliis
770 1820 829 1855 fratri-

126 1872 161 1906 bus
179 1871 296 1915 euangelium
311 1871 421 1915 predicares,
436 1870 497 1905 audiui
512 1876 530 1905 te
545 1871 648 1906 dicentem:
668 1873 739 1907 “nolite
758 1880 829 1917 patrem

126 1935 192 1960 vocare
200 1924 252 1959 vobis
259 1935 316 1967 super
323 1931 403 1958 terram:
415 1936 462 1959 vnus
470 1929 498 1958 est
506 1930 558 1968 pater
565 1931 627 1959 vester
634 1926 653 1959 in
662 1926 706 1960 celis
713 1928 744 1960 ?”’
761 1927 829 1962 Huius-

126 1977 177 2012 modi
183 1978 245 2011 verbis
253 1988 295 2011 cum
303 1977 415 2021 magistrum,
423 1978 489 2011 fratres
497 1983 620 2022 parentesque
626 1979 738 2021 admoneret,
745 1980 828 2014 admirati

100 2037 118 2067 35
127 2035 169 2064 sunt
178 2029 237 2063 valde.
260 2030 312 2063 Tunc
322 2034 408 2073 parentes
418 2030 476 2063 lilium
487 2040 550 2071 suum,
557 2030 601 2064 ssetu
612 2035 630 2064 et
642 2031 734 2065 lachrimis
746 2042 766 2065 se
778 2043 829 2066 man-

127 2084 197 2125 dentes,
202 2094 244 2116 cum
250 2082 347 2116 Brendano
353 2082 471 2126 reliquerunt.
494 2082 572 2117 Sanctus
581 2082 651 2126 [νενο]α
658 2083 741 2119 Macutus
748 2085 828 2129 quotidie

127 2136 214 2170 orationis
228 2136 285 2180 gratia
299 2138 322 2170 ad
337 2137 387 2169 illam
401 2136 491 2170 insulam⁷
504 2136 523 2170 in
535 2136 618 2169 nauicula
631 2136 697 2172 exibat.
721 2138 829 2173 Brendanus

127 2188 194 2234 itaque,
202 2189 279 2232 gratiam
287 2188 317 2223 dei
324 2189 343 2223 in
352 2189 424 2223 Macuto
433 2188 558 2232 considerans,
566 2189 636 2234 rogauit
643 2195 662 2225 vt
670 2192 747 2234 gradum
758 2192 829 2237 presbi-

128 2246 197 2283 teratus
209 2241 305 2285 acciperet.
327 2242 379 2275 Tunc
389 2242 420 2276 ille
431 2242 527 2285 indignum
539 2243 573 2275 hoc
584 2244 640 2285 gradu
652 2254 672 2277 se
684 2255 726 2278 esse
738 2245 830 2280 humiliter

99 2303 120 2334 40
128 2294 224 2334 confitens,
234 2293 277 2328 etin
285 2293 359 2328 iuuenili
367 2294 426 2328 adhuc
434 2299 481 2328 etate
490 2305 532 2329 esse
540 2299 649 2336 contestans,
656 2295 713 2332 dixit:
726 2297 830 2342 ‘Magisten

128 2348 166 2382 noli
179 2346 224 2380 mihi
236 2347 325 2381 molestus
338 2358 390 2381 esse:
403 2347 494 2391 quianon
508 2358 549 2381 sum
561 2347 627 2391 dignus
639 2349 674 2383 hoc
687 2350 767 2385 officium
781 2351 829 2395 quod

128 2400 173 2444 dicis
182 2399 287 2442 suscipere!
310 2398 343 2433 Cui
352 2399 470 2433 Brendanus:
483 2399 534 2433 ‘Noli
543 2399 635 2435 dubitare:
648 2401 690 2445 quia
697 2402 782 2438 iuuenilis
791 2409 830 2437 etas

127 2452 180 2486 alicui
194 2462 231 2485 non
243 2456 302 2494 nocet,
314 2452 330 2486 si
343 2450 397 2485 luerit
409 2457 471 2485 mente
484 2453 587 2496 perfectus,
603 2465 637 2487 nec
650 2455 714 2488 senilis
727 2460 766 2489 etas
778 2455 830 2490 alicui

131 2531 180 2565 ,¹T.
189 2531 206 2562 E.
214 2531 271 2562 sedet.
301 2529 499 2562 ²T.consolacionibusc.
535 2531 632 2565 ΒΕ.11111111ἰ.
669 2531 765 2572 *atquem
796 2533 830 2564 θΤ.

127 2576 203 2602 macutus.
243 2572 249 2589 Β
258 2572 276 2601 Τ,
284 2571 302 2600 Ε.
310 2572 356 2602 enim.
396 2570 402 2588 ⁷
413 2572 445 2603 Vit.
453 2572 493 2601 adds
500 2582 531 2610 que
538 2582 588 2610 usque
595 2574 643 2607 hodie
650 2574 694 2604 Rore
701 2579 770 2605 vocatur.
