1762 2803
238 119 284 175 mc
299 117 399 172 &catto
415 118 547 186 maledic.
708 123 747 165 161

50 241 152 277 cedendum
160 240 242 285 turpiter,
250 246 281 276 aut
288 241 392 286 periculose
399 242 512 277 certandum.
535 242 573 276 Sed
583 241 615 285 qui
625 252 647 276 se
656 247 749 285 pastorem

50 301 68 328 et
80 305 117 327 non
128 294 261 328 mercenarium
273 295 389 337 agnoscebat,
400 294 455 338 elegit
467 299 516 329 stare
529 305 583 339 quam
596 293 665 339 sugere,
676 299 751 339 paratus

51 347 130 382 animam
145 357 198 381 suam
213 347 257 382 dare
269 358 303 391 pro
316 347 393 381 ouibus¹
404 347 448 382 suis.
471 347 494 382 Et
507 358 619 392 quamquam
630 357 696 381 omnes
707 346 751 390 lupi,

51 407 68 434 et
80 410 124 433 oues
132 399 192 442 nulle;
204 400 255 435 stetit
266 400 285 435 in
296 400 358 435 medio
367 405 429 435 tamen
440 400 537 445 luporum²
545 406 608 446 pastor
616 399 725 444 intrepidus,
733 405 751 434 et

50 452 110 497 cepitt
119 453 340 496 monere⁴communiter‚
347 458 418 488 secreto
425 464 509 497 arguere,
515 454 560 488 llere
568 464 603 498 per
608 452 696 497 singulos,
702 463 751 487 nunc
760 462 769 493 5

51 516 116 550 aspere
132 517 180 540 nunc
196 507 262 541 leniter
277 506 408 550 [conuenire]⁵,
423 512 477 551 prout
492 506 558 552 cuique
573 505 661 550 expedire
673 506 751 541 videbat.

52 559 73 593 in
81 558 147 603 quibus
155 569 196 593 cum
204 560 266 594 minus
274 570 308 604 per
319 559 366 594 noct
374 559 487 604 profecisset,
495 571 526 594 cor
534 559 632 594 contritum
640 564 658 594 et
667 558 751 594 humilia-

51 618 90 645 tum
108 612 196 645 offerebat
214 623 249 655 pro
268 613 300 653 eis,
315 617 379 646 noctes
397 617 445 645 totas
464 612 562 657 peruigiles
578 611 636 653 duxit,
651 621 717 646 manus
732 610 750 644 in

51 663 132 698 oratione
143 666 251 700 extendens.
274 665 350 700 Etcum
359 665 424 700 venire
435 665 458 699 ad
469 664 565 699 ecclesiam
577 664 651 704 nollent,
660 676 693 709 per
701 663 751 698 vicos

51 723 69 750 et
83 718 153 761 plateas
168 719 280 760 occurrebat,
293 717 383 754 anelans⁷
397 728 452 764 quem
466 717 540 754 Christo
553 717 660 763 acquireret.
683 717 721 753 Sed
733 723 751 753 et
763 731 781 753 ιο

51 771 94 805 foris
106 782 149 805 rura
159 772 278 806 nihilominus
289 778 307 807 et
318 773 373 817 opida
387 772 451 816 sepius
462 772 586 816 percurrebat,
594 782 636 806 cum
646 777 710 805 sancto
722 771 752 805 illo

52 824 136 858 comitatu
151 824 283 868 discipulorum
298 835 374 859 suorum
389 824 420 869 qui
435 835 529 868 nunquam
545 825 621 858 deerant
637 824 689 858 lateri
707 824 752 859 cius.

53 877 91 911 Ibat
110 882 128 911 et
147 878 243 921 errogabat
261 878 291 913 vel
310 877 386 921 ingratis
405 878 478 912 celestis
497 877 551 911 tritici
570 887 682 911 mensuram,
713 877 752 910 Nec

52 930 153 963 vehebatur
170 940 224 973 equo,
242 930 276 964 sed
294 931 353 974 pedes
370 930 412 970 ibat,
427 941 448 964 se
464 929 483 963 in
501 930 536 963 hoc
552 928 611 962 virum
631 928 752 973 apostolicum

52 981 137 1026 probans.
168 981 310 1027 Blasphematus
329 983 443 1025 obsecrabat,
461 981 557 1017 iniuriatus
574 988 646 1017 scutum
665 982 754 1026 patientie
764 994 781 1025 ¹5

53 1035 163 1079 opponebat,
174 1041 193 1070 et
202 1035 287 1071 vincebat
300 1036 318 1071 in
333 1036 382 1071 bono
391 1036 466 1071 malum.
489 1035 585 1071 Cessauit³
595 1036 669 1071 tandem
680 1034 754 1077 duritia,

54 1088 121 1132 quieuit
136 1089 241 1124 barbaries:
257 1090 370 1134 recipiuntur
384 1090 452 1133 ubique
470 1088 593 1123 ecclesiastice
605 1089 753 1130 consuetudines,

54 1141 144 1175 contrarie
155 1141 265 1184 reiiciuntur,
273 1142 402 1177 reedificantur
412 1142 493 1181 basilice,
503 1142 598 1176 ordinatur
609 1142 671 1176 clerus
682 1141 701 1175 in
712 1141 754 1181 illis,

54 1199 209 1230 sacramentorum
224 1195 327 1239 solempnia
341 1195 376 1230 rite
391 1195 511 1236 celebrantur,
523 1194 648 1229 confessiones
664 1195 714 1234 fiunt,
730 1196 753 1228 ad

55 1247 151 1279 ecelesiam
163 1248 273 1281 conueniunt
284 1248 361 1290 plebes3
373 1252 467 1290 postremo
479 1247 505 1280 sic
517 1251 585 1280 mutata
598 1250 642 1280 sunt
654 1246 673 1279 in
687 1245 753 1280 melius
763 1256 783 1277 ro

55 1299 120 1340 omnia,
130 1304 150 1331 vt
161 1299 215 1333 hodie
226 1299 252 1333 illi
263 1299 314 1344 genti
326 1298 423 1334 conueniat
431 1299 479 1343 quod
492 1298 577 1333 dominus
588 1309 623 1344 per
634 1297 755 1343 prophetaml

56 1351 110 1385 dixit:
123 1352 169 1394 ‘Qui
180 1357 223 1386 ante
234 1363 271 1386 non
283 1352 362 1397 populus
373 1363 432 1395 meus,
444 1363 493 1386 nunc
504 1352 583 1396 populus
596 1354 658 1386 meus.¹
702 1345 755 1387 Con-

55 1404 94 1447 tigit
105 1410 147 1448 post
158 1416 217 1440 annos
229 1406 296 1449 aliquot
309 1405 379 1439 destrui
392 1404 484 1439 ciuitatem
496 1415 507 1439 a
519 1416 562 1449 rege
575 1404 687 1449 aquilonaris
697 1405 755 1449 partis

56 1456 156 1492 Hibernie:
176 1462 195 1493 et
214 1457 319 1501 Malachias,
338 1458 448 1493 necessitate
467 1458 578 1503 compulsus,
593 1468 634 1492 cum
650 1458 703 1492 turba
718 1458 755 1492 dis·

55 1510 155 1552 cipulorum
167 1521 242 1544 suorum
254 1511 303 1554 exiit,
311 1522 389 1545 numero
400 1516 474 1545 centum
485 1511 549 1555 viginti
561 1511 644 1552 fratrum,
653 1516 672 1545 et
681 1521 756 1544 monas·
765 1520 783 1549 25

56 1562 122 1596 terium
134 1563 241 1597 Ybracense
256 1564 363 1598 construxit.
386 1563 413 1596 lbi
429 1563 507 1597 occurrit
518 1562 535 1597 ei
547 1562 656 1596 Cormarcus
668 1562 755 1607 rex-qui

56 1614 98 1649 olim
109 1625 167 1660 regno
178 1616 242 1661 pulsus
256 1616 290 1651 sub
303 1626 346 1651 cura
360 1615 450 1651 Malachie
461 1616 485 1651 de
496 1615 621 1650 misericordia
632 1616 662 1650 dei
674 1617 756 1650 consola-

57 1669 124 1703 tionem
138 1669 250 1713 accepit—se
264 1674 282 1703 et
297 1680 330 1703 sua
345 1670 406 1703 omnia
419 1680 516 1714 exponens
526 1669 553 1712 ei;
571 1674 589 1704 et
602 1669 688 1704 animalia
700 1669 757 1704 multa

57 1721 79 1754 ad
92 1733 136 1757 vsus
152 1722 234 1766 fratrum,
245 1734 347 1766 aurumque
361 1729 379 1757 et
393 1728 489 1766 argentum
504 1724 527 1758 ad
542 1728 627 1768 sumptus
642 1722 756 1757 edificiorum

57 1774 106 1817 regia
117 1775 225 1809 liberalitate
236 1776 316 1817 contulit,
324 1776 401 1810 sedulus
412 1781 430 1809 et
443 1775 537 1810 officiosus
548 1775 619 1809 intrans
631 1786 673 1809 cum
685 1774 712 1809 eis
718 1775 731 1795 ¹¹³
739 1780 757 1809 et
766 1786 786 1815 30

58 1827 127 1868 exiens,
140 1827 218 1861 habitu¹¹
230 1828 304 1871 quidem
319 1838 358 1868 rer,
374 1828 407 1861 sed
422 1827 483 1862 animo
498 1827 598 1872 discipulus
611 1827 706 1862 Malacbie.
729 1827 756 1861 ibi

57 1888 100 1913 vero
110 1879 139 1914 vir
150 1880 180 1915 dei
193 1881 212 1914 in
226 1880 290 1914 ordine
302 1879 346 1914 vicis
358 1891 398 1923 sue,
405 1880 483 1924 coquine
496 1880 598 1915 ministerio
609 1880 726 1921 inseruiebat,
738 1885 756 1914 et

57 1930 142 1967 iratribus
155 1944 197 1968 cum
210 1934 339 1968 recumberent
354 1933 479 1976 ministrabam
495 1939 513 1967 et
527 1933 546 1967 in
559 1933 642 1974 ecelesia,
655 1933 703 1968 inter
716 1943 756 1968 suc-

57 1985 143 2020 cedentes
157 1986 192 2021 sibi
205 1986 284 2021 inuicem
297 1986 363 2020 fratres
374 1987 397 2020 ad
408 1986 519 2020 cantandum
530 1986 560 2021 vel
571 1986 675 2030 legendum,
687 1997 724 2021 non
735 1997 756 2020 se

57 2039 142 2078 preteriri
156 2039 264 2082 patiebatur,
279 2044 354 2072 strenue
368 2038 448 2081 implens
463 2038 544 2071 officium
561 2039 601 2071 loco
620 2049 654 2071 suo
670 2044 757 2083 tanquam
765 2049 784 2080 35

57 2098 103 2124 vnus
122 2101 146 2124 ex
164 2090 210 2133 illis,
226 2095 289 2125 sancte
304 2090 416 2135 paupertatis
431 2100 468 2124 non
484 2091 544 2125 solum
561 2090 676 2135 participem,
690 2091 724 2125 sed
739 2098 758 2126 et

57 2142 159 2187 principem
168 2144 203 2188 [se]
207 2144 221 2163 ¹²
228 2143 331 2178 exhibebat.
355 2136 438 2187 Contigit
446 2147 508 2177 autem
516 2142 675 2188 archiepiscopum
684 2144 757 2179 Celsum

57 2193 150 2239 infirmari,
164 2202 182 2231 et
198 2196 282 2240 cognouit
295 2196 337 2240 quia
350 2201 464 2231 moreretur:
480 2202 498 2230 et
509 2195 552 2231 fecit
563 2197 616 2240 quasi
627 2203 758 2231 testamentum

58 2251 77 2279 vt
95 2248 195 2284 Malachias
214 2249 249 2283 sibi
267 2250 380 2291 succederet,
394 2260 417 2283 eo
432 2249 481 2293 quod
496 2248 557 2283 nullus
572 2249 645 2295 dignior
659 2250 757 2285 videretur.

60 2298 99 2334 Hoc
109 2302 227 2346 presentibus
237 2301 308 2344 indixit,
317 2302 351 2336 hoc
362 2302 468 2336 absentibus
479 2302 579 2344 mandauit,
589 2308 608 2338 et
618 2303 676 2337 sancti
687 2302 759 2338 Patricii
767 2313 788 2344 40

59 2355 163 2389 auctoritate
169 2356 257 2399 precepit.
272 2355 342 2389 Verum
348 2365 389 2389 mos
395 2354 488 2398 pessimus
493 2355 593 2389 inoleuerat
600 2355 715 2399 quorundam
721 2356 759 2389 dia-

58 2403 115 2439 bolica
123 2407 220 2442 ambitione
228 2406 360 2452 potent[uml¹³‚
368 2408 432 2441 sedem
438 2412 520 2440 sanctam
526 2407 636 2442 hereditaria
642 2409 759 2443 successione

78 2499 197 2532 ¹E.omnibus.
221 2502 339 2540 ²E.loporum.
363 2502 438 2533 ’aiom
463 2501 574 2532 'Emouere
600 2503 708 2538 'soT.;om,
717 2503 733 2533 in
741 2503 759 2533 E.

59 2536 135 2572 “athen
162 2541 414 2580 ²Vicetperquirebatanhetus
447 2541 482 2573 'al
490 2542 548 2572 Cessit.
579 2542 693 2581 ”Oseeiiap
725 2544 737 2561 ¹¹¹
747 2553 759 2574 r.

60 2587 93 2609 cum
101 2581 123 2610 eis
131 2582 195 2612 intrans.
217 2581 228 2600 ¹¹
238 2583 256 2612 E.
264 2582 321 2613 habita
342 2581 353 2600 ¹²
364 2592 394 2612 om,
402 2582 418 2612 in
426 2581 444 2613 E.
467 2581 480 2599 ¹³
490 2582 508 2612 T.
516 2582 534 2612 E.
542 2584 758 2622 potenter..occupantium.

81 2639 121 2664 VOL.
129 2642 149 2665 Il.
399 2641 412 2665 lt
