1762 2803
230 108 276 163 vo
291 106 569 160 &noctemnoctem
706 118 751 164 417

50 230 121 277 prepeti
129 239 184 266 cursu
191 229 227 265 iter
234 229 316 274 arripuit.
339 229 380 273 Quo
387 228 460 264 iuuenis
469 234 569 274 comperto,
573 228 682 264 furibundus
690 228 750 263 statim

50 285 125 320 effectus
136 282 278 327 vehementique
289 282 393 317 iracundia¹
404 282 492 327 repletus,
500 287 582 316 extracto
593 280 654 325 gladio
664 280 752 315 velociter

50 346 91 372 earn
98 336 211 379 insequitur-3
223 340 242 369 et
249 340 302 369 toruo
309 334 360 369 vultu
370 344 412 368 eam
423 333 503 376 intuens,
510 334 548 368 ait:
560 333 621 368 ‘Olim
631 338 650 367 te
661 332 722 366 amaui
733 336 752 365 et

51 389 97 423 meis
109 387 225 431 amplexibus
238 391 257 422 te
270 386 380 431 coniungere
391 385 508 427 desideraui;
523 396 572 422 nunc
583 386 607 420 ad
618 390 637 420 te
647 385 752 420 venientem

51 442 120 485 refugis
132 445 151 475 et
163 445 182 474 te
193 444 287 484 petentem
301 439 421 485 contempnis.
448 438 488 474 iam
500 437 575 484 quidem
590 449 625 484 pro
640 443 690 475 certo
704 436 771 476 sciass

50 494 93 539 quia
104 499 135 528 aut
146 493 191 527 mihi
204 494 223 527 in
238 493 321 537 presenti
333 494 416 527 ultronea
431 492 585 534 commisceberis,
598 497 630 527 aut
645 491 686 527 sine
700 501 752 526 mora

50 547 110 593 gladio
118 557 160 581 meo
168 550 222 591 caput
229 551 280 581 tuum
292 547 400 591 amputabo.¹
423 545 475 580 Tunc
485 544 517 580 illa
527 545 551 580 ad
561 545 648 580 iuuenem
657 554 753 584 conuersa,

51 600 173 644 imperterrita
184 599 290 643 respondit:
305 599 375 642 ‘Regis
387 598 446 633 eterni
457 603 476 632 et
487 598 570 632 omnium
581 598 677 632 hominurn
688 597 753 631 iudicis

51 652 88 687 filio
99 651 118 685 in
130 650 246 686 matrimonio
257 650 347 697 copulata,
357 650 427 685 nullum
438 650 493 685 atium
504 650 590 696 excipere
599 660 688 695 possum;
699 655 718 685 et
729 659 754 685 ne

51 712 69 740 te
82 704 151 740 diutius
162 705 274 750 protraham,
289 705 360 739 nullum
375 709 439 748 preter
449 703 501 738 illurn
515 704 560 738 dum
572 704 636 738 vixero
651 703 754 739 admissura
763 709 783 733 10

52 769 98 794 sum.
128 756 210 801 Ideoque
228 758 290 792 exime
310 757 398 801 gladium,
416 756 495 791 exerce²
512 756 568 799 vires,
583 756 663 802 qualibet
681 756 754 791 feritate

52 809 144 846 accinctus
151 815 170 844 vt
181 809 241 854 placet
250 814 313 852 vtere;
329 815 426 853 certusque
438 814 478 844 esto
490 809 532 853 quia
543 819 578 843 nec
589 815 671 843 terrores
682 809 708 842 tui
719 819 754 843 nec

52 860 755 907 blanditie,necpromissionessiuemunera³‚abilliusdilectionisdulcedine

53 925 83 950 me
94 914 182 949 diuellere
192 919 285 959 poterunt,
297 914 348 949 cuius
360 913 477 959 amplexibus
489 913 564 948 astricta
576 924 618 949 sum
630 918 649 949 et
662 913 754 949 deuotioni

53 967 145 1012 copulata.¹
174 967 259 1003 Incestus
273 973 335 1003 autem
349 967 426 1011 iuuenis,
442 978 463 1003 se
478 968 583 1012 contempni
597 967 669 1010 videns,
684 976 754 1012 sueque
764 974 782 1006 15

53 1020 133 1056 libidinis
140 1020 244 1065 impatiens,
251 1020 378 1065 virginemque
385 1020 434 1056 flecti
441 1031 479 1055 non
486 1031 543 1065 posse
550 1031 585 1055 nec
593 1031 614 1055 se
622 1020 702 1065 quietem
710 1022 754 1055 dum

53 1074 83 1107 illa
90 1074 160 1108 uiueret
168 1074 236 1107 habere
244 1073 368 1115 considerans,
376 1073 436 1118 gladio
445 1078 499 1117 caput
510 1072 550 1108 eius
560 1073 666 1117 amputauit.
688 1072 755 1108 Statim

53 1131 72 1160 vt
80 1131 134 1171 caput
142 1125 218 1170 virginis
228 1126 251 1161 ad
262 1131 331 1161 terram
342 1125 413 1168 corruit,
420 1125 440 1160 in
451 1125 517 1160 eodem
528 1125 568 1160 loeo
579 1125 621 1160 sons
632 1124 755 1160 lucidissimus

54 1179 99 1212 mire
110 1178 240 1222 magnitudinis
251 1188 352 1224 erumpens
363 1188 449 1213 emanare
461 1178 515 1223 cepit,
523 1177 554 1223 qui
564 1188 622 1222 vsque
633 1178 688 1213 hodie
696 1178 754 1213 fluere

54 1242 91 1265 non
99 1231 176 1275 desistit,
180 1231 242 1267 multis
249 1230 408 1276 infirmisvirginis
414 1236 476 1266 sancte
481 1231 551 1266 meritis
559 1231 655 1266 sanitatem
663 1237 754 1276 prestans.
764 1243 783 1265 ro

55 1284 77 1318 In
85 1284 188 1319 descensu‘
196 1285 245 1320 enim
256 1284 324 1319 montis
334 1290 388 1329 caput
398 1284 474 1329 virginis
485 1283 583 1327 abscisum,
591 1284 643 1320 facile
654 1285 725 1320 ruendo
735 1286 755 1319 in

55 1334 152 1369 ecclesiam
163 1335 256 1379 relapsum
267 1340 305 1377 est;
321 1340 406 1368 huncum
417 1345 461 1368 vero
473 1345 540 1379 corpus
551 1345 587 1379 quo
598 1334 651 1379 prius
663 1335 755 1370 ceciderat

54 1386 115 1421 iocum
126 1386 225 1422 obtinebat.
252 1387 304 1422 Inter
314 1388 372 1432 podes
384 1387 434 1422 enirn
445 1386 513 1421 diuinis
524 1387 611 1422 misteriis
622 1387 755 1423 intendentium

56 1445 109 1484 caput
120 1450 214 1482 corruens,
221 1440 342 1476 admiratione
353 1439 434 1475 maxima
441 1440 538 1476 uniuersos
545 1440 649 1476 commouit.
665 1441 756 1476 Omnibus

55 1494 116 1536 itaque
131 1494 188 1528 nimio
205 1499 276 1528 terrore
291 1493 387 1538 perculsis
402 1497 420 1528 et
435 1493 496 1528 dirum
510 1492 582 1538 nephas
596 1494 678 1538 grauiter
695 1505 706 1529 a
721 1495 756 1530 deo
766 1504 784 1535 ²5

55 1545 757 1590 ulciscendumasserentibusscelerisqueauctoremdetestantibus,parentes

55 1598 121 1640 puelle,
127 1598 202 1632 tristicia
209 1603 228 1633 et
236 1597 327 1633 anxietate
333 1598 392 1641 soluti,
398 1597 479 1632 flebilem
483 1608 547 1633 vocem
556 1599 665 1641 emittentes,
671 1599 757 1634 clamosis

56 1650 159 1693 planctibus
177 1651 260 1686 dolorem
275 1662 329 1686 suum
343 1650 469 1697 prodiderunt.
496 1651 605 1697 Perernptor
618 1652 668 1687 enirn
680 1652 757 1698 virginis

56 1703 115 1738 adhuc
128 1702 179 1739 iuxta
190 1704 275 1739 exanime
288 1715 355 1749 corpus
369 1704 444 1739 timidus
458 1704 504 1740 soris
519 1710 587 1748 astans,
602 1705 682 1750 gladium
697 1716 758 1749 suum,

57 1766 120 1791 cruore
131 1756 208 1801 virginis
219 1756 318 1800 madidum,
325 1768 360 1802 per
371 1757 448 1792 herbam
460 1758 572 1803 detergebat.
594 1758 642 1793 Nam
654 1758 697 1803 quia
708 1759 757 1795 filius
766 1769 786 1801 30

58 1809 106 1854 regis
114 1816 158 1853 erat,
166 1810 242 1855 impune
253 1810 342 1856 flagitium
353 1821 375 1846 se
386 1816 504 1855 perpetrasse
515 1810 611 1854 arbitrans,
619 1811 638 1846 in
645 1812 757 1847 admissione

56 1863 101 1896 tanti
116 1863 201 1897 facinoris
216 1863 261 1897 nihil
276 1875 297 1898 se
312 1865 367 1898 deum
382 1863 442 1898 vereri
455 1869 532 1897 testatus
547 1869 581 1898 est.
603 1864 636 1898 Vir
650 1870 711 1898 autem
726 1864 757 1898 dei

58 1913 149 1958 Beunous,
158 1915 197 1950 eius
208 1915 314 1960 superbiam
324 1919 343 1949 et
352 1914 467 1949 obstinatiam
480 1913 560 1960 grauiter
570 1915 637 1960 ferens,
645 1916 722 1952 accessit
734 1917 757 1953 ad

58 1977 105 2015 eum,
120 1968 139 2003 in
158 1968 242 2004 manibus
260 1974 315 2014 eaput
331 1968 407 2012 virginis
421 1968 508 2011 baiulans,
527 1974 546 2003 et
563 1969 582 2003 in
600 1969 666 2004 taciem
684 1969 757 2005 iuuenis

58 2022 160 2065 respiciens
171 2021 207 2057 ait:
219 2020 249 2057 ‘0
262 2022 345 2064 sceleste,
354 2021 418 2066 inquit,
425 2021 457 2066 qui
467 2021 553 2056 iuuenilis
564 2022 635 2056 decoris
646 2023 726 2058 indolem
738 2029 756 2058 et
766 2034 786 2065 ³⁵

59 2074 109 2117 regie
123 2074 216 2119 dignitatis
230 2074 338 2119 progeniem
353 2073 456 2109 homicidali
474 2074 568 2109 maculasti
587 2075 669 2118 crimine,
687 2086 720 2111 cur
738 2082 757 2111 te

58 2130 128 2161 tantum
137 2127 233 2162 admisisse
241 2128 301 2162 scelus
308 2138 346 2162 non
353 2127 434 2171 penitet?
445 2137 510 2171 pacem
516 2128 629 2163 conturbasti
636 2134 655 2163 et
662 2129 759 2164 ecclesiam

59 2182 90 2212 tuo
102 2180 197 2225 sacrilegio
208 2180 278 2222 sedasti,
290 2181 383 2225 deumque
393 2178 478 2215 irritasti:
490 2190 525 2215 nec
536 2180 600 2216 doles?
626 2180 679 2217 Nunc
691 2187 758 2225 autem,

59 2231 145 2274 quoniam
163 2233 241 2269 ecclesie
256 2244 294 2268 non
308 2233 408 2279 pepercisti
422 2243 457 2269 nec
472 2232 509 2269 diei
524 2233 616 2270 dominice
633 2236 757 2270 reuerentiam

59 2285 163 2330 exhibuisti,
176 2288 232 2322 deum
250 2297 313 2322 meum
327 2288 417 2332 deprecor
433 2286 519 2332 quatinus
533 2298 570 2333 que
584 2293 604 2323 tu
619 2287 694 2332 indigne
709 2299 789 2329 com-40

59 2338 130 2382 misisti,
145 2340 164 2374 in
178 2341 261 2385 presenti
276 2340 331 2386 digna
346 2340 517 2386 recompensatione
531 2340 620 2386 recipias?
644 2340 686 2377 Hiis
701 2342 760 2385 dictis,

59 2389 131 2428 iuuenis
138 2392 186 2428 illico
194 2394 217 2427 ad
225 2399 293 2429 terram
301 2404 389 2428 corruens
397 2393 492 2438 expirauit.
514 2394 619 2438 Minnnque
627 2394 681 2437 dictu,
689 2395 708 2429 in
715 2405 759 2430 con-

60 2449 123 2486 spectu
141 2445 223 2480 omniurn
240 2446 339 2481 astantium
354 2456 422 2491 corpus
437 2445 518 2481 defuncti
533 2446 650 2491 liquefactum
665 2447 760 2492 disparuit,

60 2496 122 2532 multis
134 2498 260 2535 asserentibus
274 2499 319 2534 illud
330 2509 341 2533 a
352 2503 402 2534 terra
413 2497 532 2544 absorptuml
543 2498 601 2535 luisse
612 2504 630 2535 et
642 2511 683 2534 cum
694 2499 758 2544 spiritu

79 2563 175 2604 ¹T.ira·,E.
182 2567 269 2600 iracundia.
288 2567 380 2600 ‘aluere
400 2568 486 2599 ’uimine
507 2568 615 2601 trecensu
640 2568 762 2601 trahendum.

81 2620 149 2647 vomi.
394 2624 424 2648 Ee
