1762 2803
85 124 87 130 ,
131 77 174 133 558
380 74 504 135 euomuit
522 76 552 120 ll.

130 200 189 230 menta
196 196 218 229 de
226 206 265 229 cera
272 195 421 230 sinrilitudinaliter
429 197 552 230 transformata
563 197 586 229 ad
598 195 634 229 eius
646 196 729 229 tumulum
741 196 763 231 de
775 197 802 233 dic
812 201 828 236 in

130 246 177 280 diem
189 246 301 280 deuotissime
313 247 415 280 obtulerunt.
439 248 466 280 lta
478 253 496 281 ut
509 252 545 280 tam
557 247 587 280 viri
602 257 653 290 quam
666 246 746 280 mulieres
760 258 830 294 peregre

130 298 214 338 tumulum
229 298 265 331 eius
277 297 366 332 visitantes
385 298 453 340 publice
472 300 599 331 conclamarent
614 297 661 341 quod
672 297 770 340 ‘propicius
789 301 830 336 dens

130 348 195 381 meritis
207 348 253 382 beati
265 347 309 382 serui
322 348 346 382 sui
360 348 417 382 fratris
428 349 496 383 Thome
508 350 530 383 de
540 350 557 382 la
569 349 614 382 Hale
625 348 705 382 monachi
718 349 799 392 Douorye
810 353 831 387 de

113 413 121 442 5
131 399 270 431 tribulacionibus
282 404 299 431 et
310 399 399 439 angustiis,
408 398 488 441 periculis
500 405 517 431 et
529 398 657 431 infirmitatibus
667 398 736 439 nostris,
744 399 762 432 in
771 400 831 437 virtute

131 448 195 481 domini
204 449 257 482 nostri
267 450 318 482 lhesu
327 449 390 482 Christi
401 460 433 482 nos
444 448 577 482 misericorditer
587 449 655 483 sanauit
666 454 683 482 et
694 448 772 483 liberauit
779 451 793 491 ς’
806 454 831 488 cui

130 500 191 541 honor,
198 501 236 533 laus
244 505 261 533 et
269 500 325 541 gloria
333 500 351 533 in
359 501 418 534 secula
425 501 520 534 seculorum
528 510 584 533 amen.

152 585 221 628 p1822.]
316 596 331 629 3.
342 588 391 621 Vim
402 594 471 621 snucrr
482 588 614 621 Wtuuwnsosr
625 594 709 621 usensis.

172 648 221 679 RAT
235 648 252 679 in
266 648 321 680 insula
335 648 434 681 Britannica
445 648 471 680 vir
485 648 555 690 quidam
569 647 643 687 illustris,
656 657 695 688 spes
711 647 763 689 prolis
778 649 831 690 beate,

194 698 264 730 nomine
274 696 382 739 F[r]acanus,
390 697 447 730 Caton'
455 697 501 739 regis
511 695 607 737 britannici,
615 695 646 729 viri
655 697 750 730 secundum
758 698 832 732 seculum

131 747 247 788 famosissimi,
256 747 378 789 consobrinus,
392 747 439 784 cuius
450 747 507 780 adhuc
518 757 585 780 sacrum
596 746 614 779 in
624 746 686 780 lumbis
696 747 761 781 latebat
770 758 832 783 semen.

105 811 124 833 10
133 800 168 832 Iste
180 798 231 840 igitur
241 807 280 831 cum
291 798 364 840 geminis
373 798 423 839 natis,
431 798 535 831 Withnocho
546 798 643 840 Iacoboque
651 797 721 838 vocatis,
729 804 832 842 parenteqne

132 860 191 883 eorum
202 850 247 882 Alba
257 849 331 890 nomine,
342 859 375 892 que
388 848 541 892 cognominabatur
552 847 674 882 Trimammis¹
686 859 706 882 eo
720 849 765 891 quod
777 856 832 885 ternas

132 906 194 943 equato
206 906 285 933 natorum
297 911 368 932 numero
380 900 458 934 habuerit
470 910 617 933 mammas-nam
630 910 688 933 eorum
703 910 785 941 germana
799 912 832 934 non

131 955 158 983 est
172 949 190 982 in
203 959 317 982 mammarum
330 949 396 982 calculo
411 950 512 992 reputanda,
528 949 568 991 quia
581 949 684 982 feminarum
696 955 770 982 nonest
783 950 832 983 moris

132 1000 149 1034 in
157 998 244 1041 scripturis
250 1004 307 1033 texere
314 998 433 1042 genealogiam
439 998 504 1040 :-iste,
512 999 587 1042 inquam,
595 999 716 1034 marmoricam
722 999 831 1042 Britanniam,

105 1065 123 1093 15
132 1050 160 1083 vbi
174 1056 214 1083 tunc
226 1062 299 1094 opacum
311 1051 369 1083 adhuc
382 1052 419 1083 sine
432 1051 482 1083 clade
495 1051 596 1084 audiebatur
609 1051 677 1084 siluisse
692 1056 736 1084 terre
752 1052 832 1094 spacium,

132 1109 169 1136 rate
179 1112 272 1134 conscensa
281 1102 384 1143 aggreditur,
393 1108 462 1135 enatato
470 1112 509 1134 cum
517 1101 576 1144 paucis
586 1107 640 1144 ponto
651 1101 750 1144 britannico,
759 1109 776 1136 et
784 1102 833 1136 circio

131 1152 192 1187 leuiter
199 1152 252 1185 flante
264 1151 327 1185 dilatus
339 1157 365 1185 est
376 1152 393 1184 in
404 1157 471 1194 portum
479 1151 508 1195 qui
521 1152 608 1186 Bracheus
616 1151 682 1185 dicitur,
705 1153 726 1185 In
735 1163 769 1195 qua
777 1152 833 1186 statim

131 1202 209 1245 proxima
217 1212 283 1244 queque
294 1203 399 1244 perlustrans
411 1208 428 1235 ct
438 1203 510 1235 fundum
521 1202 607 1245 quendam
618 1201 704 1244 reperiens
713 1212 748 1235 non
757 1212 833 1243 paruum,

132 1252 179 1285 siluis
195 1253 285 1294 dumisque
296 1253 371 1294 vndique
383 1252 520 1293 circumseptum,
533 1251 647 1285 inundacione
660 1251 713 1293 fluuii,
725 1252 754 1293 qui
768 1251 833 1295 proprie

106 1314 125 1337 ro
133 1302 207 1345 Sanguis
222 1301 288 1344 dicitur,
301 1301 409 1345 locupletem,
421 1302 491 1336 feliciter
507 1313 545 1335 curn
561 1302 596 1335 suis
612 1302 676 1336 ibidem
692 1302 770 1337 habitare
785 1302 833 1347 cepit.

133 1354 200 1387 Eodem
212 1359 289 1396 tempore
301 1359 388 1387 crescente
396 1354 480 1396 paulatim
492 1354 576 1387 sociorum
588 1363 659 1387 numero
670 1364 767 1397 magnaque
778 1365 833 1387 rerum

133 1404 183 1447 copia
196 1404 294 1444 inundante,
303 1404 368 1444 tertius,
379 1410 438 1437 sancte
450 1405 524 1437 formam
533 1403 630 1446 exprimens
645 1403 732 1445 trinitatis,
746 1410 834 1447 exoptatur

133 1455 181 1495 filius,
190 1455 239 1497 quasi
248 1454 318 1487 omnino
325 1462 371 1487 esset
381 1466 443 1497 parum
453 1455 496 1487 duos
508 1461 574 1487 tantum
584 1455 649 1487 habere
660 1456 710 1488 filios.
732 1457 787 1488 Beata
794 1465 833 1496 ergo

133 1505 196 1538 femina
204 1510 311 1548 preoptatum
320 1506 337 1538 in
345 1516 364 1538 se
372 1506 435 1538 habere
440 1516 458 1538 se
463 1504 546 1547 persensit
554 1511 660 1547 conceptum,
665 1505 736 1539 maritus
745 1504 833 1548 pregnanti

107 1570 125 1599 25
134 1557 234 1598 aggaudens
252 1555 315 1589 femine
334 1565 397 1598 magna
416 1555 472 1589 cordis
493 1555 580 1588 alacritate
598 1555 678 1597 tangitur,
698 1567 769 1598 sperans
788 1554 833 1589 illum

134 1606 215 1639 heredem
223 1611 262 1648 post
273 1615 291 1638 se
300 1606 374 1639 futurum
382 1615 386 1646 ;
398 1616 470 1648 magnus
482 1605 519 1639 dies
529 1606 591 1638 natalis
599 1605 668 1640 infantis
676 1618 687 1639 a
694 1606 749 1640 cuntis
758 1612 834 1648 speratur

133 1662 219 1689 venturus.
250 1656 303 1689 Affuit
318 1667 359 1697 ergo
374 1656 411 1689 dics
426 1656 541 1689 desideranda
555 1656 573 1689 in
587 1666 621 1698 qua
634 1657 680 1689 bona
693 1657 722 1690 diu
738 1661 834 1698 exspectata

133 1707 246 1739 ostenduntur
260 1706 326 1748 patrie:
343 1706 384 1745 dies,
396 1706 471 1748 inquam,
483 1716 515 1748 que
531 1706 587 1738 cuntis
598 1705 671 1739 lucidior
682 1706 748 1748 diebus,
760 1704 834 1739 occiduis

133 1756 188 1800 patuit
199 1756 298 1789 Arruoricis.
321 1757 377 1798 Quem
388 1757 464 1798 genitum
475 1766 517 1798 pure
529 1757 615 1799 appellant
626 1757 696 1790 nomine
706 1757 834 1791 Winwaloeum.

106 1822 125 1853 3⁰
134 1807 247 1841 Beatissinrus
260 1813 317 1841 autem
330 1807 384 1840 infans
400 1808 451 1841 beata
465 1813 536 1850 parente
550 1813 606 1848 natus,
619 1813 636 1842 et
650 1807 729 1842 nobiliter
742 1807 833 1841 secundum

134 1857 234 1901 dignitatem
243 1859 294 1892 seculi
303 1859 390 1899 educatus,
398 1869 438 1892 mox
446 1864 464 1892 vt
471 1858 518 1892 effari
529 1869 577 1891 orsus
586 1865 616 1900 est,
624 1859 647 1891 ad
655 1859 682 1892 dei
690 1859 734 1892 mira
742 1858 834 1892 intentione

133 1910 202 1943 laudern
209 1916 288 1942 assuetus
296 1915 347 1943 estet
355 1909 423 1942 cuidam
431 1910 475 1952 patri
484 1909 573 1952 spirituali,
581 1909 609 1952 qui
617 1920 665 1943 suam
670 1915 728 1951 posset
737 1916 755 1943 et
765 1910 834 1942 aliorum

134 1969 193 1992 curare
207 1960 287 2000 animam,
303 1959 370 1992 auidius
385 1960 438 1992 sacris
453 1959 565 1992 imbuendum
580 1959 668 1992 literarum
683 1959 744 1993 studiis
759 1969 778 1992 se
792 1955 834 1991 tradi

133 2009 210 2052 rogabat,
225 2015 317 2052 perpetuas
331 2010 375 2043 inter
387 2009 450 2043 celibes
465 2010 548 2043 affectans
563 2009 625 2043 ducere
640 2010 717 2044 choreas.
745 2011 775 2044 Set
787 2013 835 2051 pater

107 2073 124 2102 35
133 2059 228 2093 beatissimi
239 2060 287 2101 pueri
298 2059 376 2103 precibus
388 2060 470 2100 abnuens,
478 2058 615 2093 amantissimum
627 2060 679 2094 filium
691 2070 741 2093 suum
752 2060 834 2093 minorem

134 2116 175 2144 natu
183 2110 235 2144 seculi
246 2110 315 2144 molitur
322 2110 359 2143 fieri
367 2110 455 2143 athletam.
478 2109 530 2153 [Aut
538 2110 580 2143 deus
588 2110 617 2153 qui
626 2115 677 2142 cunta
685 2109 702 2143 in
710 2110 771 2144 melius
780 2106 834 2147 vertit,

134 2161 183 2194 illum
193 2171 232 2193 cum
243 2160 340 2202 pastoribus
351 2161 427 2203 quadam
439 2160 467 2193 die
477 2167 576 2202 pascentem
588 2171 662 2202 gregem,
673 2160 745 2194 terribili
758 2156 834 2193 chorusci

135 2209 166 2243 celi
182 2210 271 2250 perterruit
285 2210 357 2251 fragore.
387 2209 430 2243 Vir4
446 2210 515 2243 luminis
532 2210 609 2242 nouitate
624 2210 717 2252 perculsus,
731 2208 800 2243 acclinis
814 2215 834 2240 ac

135 2259 227 2293 semiuiuus
236 2258 296 2293 cecidit
304 2258 321 2292 in
332 2266 401 2302 terram,
412 2259 435 2293 ita
446 2261 497 2293 deum
506 2269 588 2293 exorans:
601 2259 687 2293 ‘Domine
694 2260 737 2294 deus
744 2270 774 2293 rex
781 2255 834 2292 omni·

107 2324 127 2355 4⁰
134 2316 202 2354 potens,
210 2309 228 2342 in
238 2314 269 2342 tua
280 2309 348 2342 dicione
359 2315 409 2343 cunta
419 2315 458 2343 sunt
469 2308 537 2352 posita:
550 2316 598 2344 tuum
609 2309 645 2352 tibi,
657 2321 691 2344 non
703 2321 765 2352 meum,
777 2306 835 2351 inquit,

135 2361 189 2395 filium
196 2360 320 2393 Winualoeum
330 2361 348 2393 in
358 2371 388 2393 ara
398 2366 427 2393 tue
434 2360 490 2393 laudis
497 2361 557 2393 volens
568 2360 625 2394 offero.
648 2361 671 2394 Et
678 2371 714 2394 non
722 2362 777 2394 solum
785 2366 834 2402 quern

135 2411 192 2455 queris
207 2411 297 2451 minorem,
309 2417 338 2444 set
353 2417 370 2444 et
384 2412 428 2443 duos
442 2411 479 2444 eius
493 2411 557 2453 pariter
568 2422 607 2444 cunr
620 2421 641 2444 eo
654 2422 746 2452 germanos
760 2409 790 2444 tibi
803 2408 834 2441 deo

134 2461 217 2495 reddam?
239 2461 277 2494 Nec
289 2470 337 2494 mora
349 2460 420 2494 terribili
433 2470 497 2501 pauore
510 2471 604 2494 concussus
616 2461 687 2494 domum
698 2460 772 2501 rediens,
785 2461 834 2490 cunta

155 2531 311 2562 llllS.trimamitus.
352 2530 466 2562 'alsuanum
503 2530 697 2569 tuteqqcrosseuout.
737 2527 825 2560 ‘illuvie
