1762 2803
47 132 182 173 assuras]
206 109 671 172 Manuamuooouaatttaattuta
703 115 748 169 607

48 238 147 276 ecclesiam
160 233 257 277 nostrisque
269 233 350 276 deinceps
360 234 417 267 minus
428 233 534 267 considerate
543 234 640 276 agentibus,
648 233 749 267 norwicensi

48 289 118 327 ecclesie
131 287 153 320 de
166 285 244 329 predicto
256 285 337 327 carnagio
349 285 435 318 continuis
446 284 496 318 annis
507 286 529 319 ab
541 285 594 328 ipsius
605 284 678 319 diocesis
690 285 750 319 incolis

47 340 162 382 respondetur.
185 338 212 368 Eo
220 341 278 368 tamen
287 342 363 377 excepto,
368 336 414 377 quod
420 337 441 369 de
446 336 514 368 duobus
521 336 638 374 decanatibus,
645 346 679 367 vno
684 335 749 368 seilicet

48 393 69 425 de
74 392 130 424 Stowe
136 386 153 419 in
160 385 271 425 Suthlolchia‚
277 391 294 418 et
300 385 360 418 allode
366 384 473 418 Belihowein
480 385 606 427 Northsolchia,
611 385 628 418 in
634 385 750 419 testimonium

48 442 87 477 iuris
96 437 148 472 nostri
157 435 382 480 pristinumnobisretentis,
388 436 551 471 Stowenobismore
557 436 606 471 solito
613 437 714 480 responden
724 443 749 471 set
759 445 767 475 5

50 492 130 526 Bililrowe
135 488 207 520 sacrista
212 486 335 528 norwic[ensis]
341 487 391 521 nobis
397 487 484 528 deforciat,
490 494 506 520 et
511 488 544 520 hac
550 488 619 531 quidem
624 487 702 521 racione:
711 499 749 521 curn

48 546 115 585 propter
125 537 228 572 distanciam
239 538 334 571 decanatus
345 538 367 571 de
379 537 461 571 Bilihowe
472 538 495 571 ab
505 539 578 571 ecelesia
588 538 643 571 sancti
655 538 750 577 Edmundi,

49 593 92 625 inter
99 588 179 622 sacristas
187 587 241 620 sancti
250 587 338 621 Edmundi
347 595 363 621 et
372 587 447 621 Norwici
455 587 563 620 conuenisset
570 588 622 630 quod,
628 588 672 621 datis
680 588 750 622 sacriste

49 639 102 674 sancti
113 637 201 671 Edmundi
213 637 302 670 annuatim
317 639 377 670 decem
392 638 457 678 solidis,
470 638 516 671 idem
530 638 624 671 decanatus
636 639 657 671 de
669 638 751 670 Bilihoue

49 691 117 725 sacriste
130 687 206 723 Norwici
219 688 240 721 de
253 689 334 731 carnagio
346 690 462 732 responderet.
484 690 507 721 Et
522 699 561 722 curn
576 699 607 731 per
620 690 683 722 multos
696 699 750 722 annos
762 700 778 719 ιο

49 741 117 776 sacriste
126 738 180 773 sancti
188 739 276 773 Edmundi
284 740 306 774 de
314 740 374 774 decem
382 740 441 774 solidis
448 740 533 774 continuis
541 740 590 773 annis
597 740 669 773 sacrista
676 739 750 773 Norwici

49 791 168 825 satisfecisset:
182 791 241 822 volens
253 790 325 822 sacrista
339 791 393 823 sancti
407 790 495 823 Edmundi
507 790 597 823 sacristam
609 790 684 822 Norwici
695 790 752 832 aliquo

49 842 116 875 visitare
122 839 228 878 munusculo,
235 840 280 882 cepit
285 840 301 873 ei
308 851 359 873 vnum
366 846 434 873 taurum
441 850 474 872 vno
479 850 525 872 anno
531 839 653 881 transmittere,
659 846 711 883 atque
717 840 751 873 alio

50 903 94 926 anno
103 891 146 924 forte
156 900 197 923 non.
219 891 287 931 Quibus
298 890 323 924 sic
334 891 472 934 procedentibus,
479 897 519 933 post
528 892 581 924 multa
591 897 669 932 tempora
679 890 752 924 sacrista

51 941 123 975 Norrvici
133 940 178 982 cepit
188 940 301 983 calumpniari
309 942 359 983 quod,
368 940 400 974 nisi
408 947 475 974 taurum
485 940 572 984 reciperet,
580 940 641 974 decem
649 941 713 975 solidos
721 952 752 984 pro
763 950 779 979 ¹5

50 991 128 1032 camagio
139 990 160 1024 de
171 990 253 1024 Bilihowe
263 1001 297 1024 non
308 992 387 1024 solueret.
410 991 509 1024 Processiue
520 991 653 1034 calumpniatum
663 998 689 1025 est
700 992 751 1035 quod,

50 1042 82 1073 nisi
97 1048 155 1073 taurus
170 1041 230 1073 decem
245 1042 309 1074 valeret
324 1041 393 1080 solidos,
408 1042 425 1073 in
441 1042 488 1073 nullo
503 1041 573 1073 sacriste
592 1041 646 1074 sancti
662 1041 751 1075 Edmundi

50 1091 185 1133 responderetur.
208 1092 258 1133 Quod
267 1096 285 1123 ut
293 1092 372 1124 omnibus
379 1092 447 1134 liqueat,
455 1090 564 1134 presentibus
571 1090 611 1124 duxi
619 1090 733 1124 inserendum.

68 1183 98 1214 Da
109 1189 227 1214 rarurrnous
238 1191 263 1215 aa
274 1190 411 1215 LIBERTA'l'lEllS
423 1189 496 1215 sancto
508 1184 609 1216 anruuno
621 1190 645 1215 na
657 1183 736 1215 Hauon·

179 1239 257 1267 canuno
269 1241 294 1266 nr
305 1240 378 1267 snucro
389 1234 489 1266 Eowanuo
501 1230 616 1275 [contrusi]

88 1290 123 1322 Um
130 1300 160 1322 rex
168 1291 244 1323 Canutus
253 1301 323 1331 regnum
328 1291 389 1332 Anglie
396 1298 464 1324 strenue
470 1302 500 1333 per
508 1292 564 1333 plures
571 1302 627 1323 annos
634 1291 752 1332 gubernasset,

108 1339 199 1373 laudabilis
211 1347 290 1383 exempto
298 1340 332 1373 vite
344 1341 427 1374 curriculo
438 1342 483 1373 viam
495 1341 574 1374 vniuerse
586 1341 643 1374 carnis
654 1341 753 1383 ingreditur.
763 1352 782 1373 ao

53 1390 160 1422 certantibus
168 1397 225 1423 autem
234 1392 311 1425 Heraldo
323 1398 340 1425 et
353 1391 476 1425 Hardecanuto
484 1391 523 1425 filiis
534 1392 571 1425 eius
583 1393 604 1425 de
616 1392 696 1434 prioratu,
704 1392 753 1435 quin-

52 1442 135 1482 quennale
146 1441 213 1474 circiter
222 1441 332 1475 infortunium
344 1442 448 1484 gemebundi
458 1448 545 1475 traxerunt
557 1441 640 1483 insulani;
656 1453 697 1475 narn
708 1444 754 1485 quic·

52 1491 92 1532 quid
99 1491 208 1524 emolumenti
217 1492 300 1525 sobrietas
309 1492 371 1525 Canuti
383 1493 482 1532 contulerat,
491 1492 564 1525 filiorum
572 1497 675 1535 tempestate
685 1502 754 1535 pessum

52 1539 85 1573 isse
100 1541 156 1574 visum
171 1547 202 1575 est.
229 1543 362 1576 Hardeeanutus
378 1548 437 1575 tamen
452 1548 513 1575 sancto
529 1543 621 1575 Edmundo
636 1543 688 1575 talem
707 1542 755 1575 dedit

52 1591 151 1631 libertatem,
160 1592 278 1625 continuando
287 1597 352 1626 cartam
361 1592 415 1633 patris
426 1592 452 1625 sui
465 1593 538 1625 Canuti:
550 1598 568 1625 ut
576 1592 633 1624 nullus
641 1592 755 1634 archiepisco·
765 1603 783 1632 25

53 1651 112 1682 porum
118 1641 144 1674 vel
152 1640 272 1685 episcoporum
277 1642 303 1675 uel
311 1642 383 1675 aliarum
390 1652 500 1685 personarum
507 1643 532 1676 eis
540 1643 661 1677 adherencium
668 1649 755 1686 presumat

53 1692 143 1734 quicquam
151 1693 278 1726 consuetudinis
291 1693 327 1727 siue
339 1693 463 1727 dominacionis
475 1695 538 1727 amodo
550 1694 567 1726 in
578 1695 640 1726 eodem
651 1695 756 1727 monasterio

53 1747 69 1774 et
77 1742 117 1774 villa
125 1753 175 1784 super
182 1745 282 1782 monachos,
288 1745 359 1776 clericos
366 1751 395 1776 aut
403 1744 456 1776 laicos
464 1745 574 1785 proclamare,
578 1754 666 1784 usurpare,
671 1744 756 1775 iusticiam

54 1791 127 1834 aliquam
140 1792 202 1832 facere,
214 1798 243 1825 aut
255 1792 316 1825 missas
330 1793 420 1832 celebrare,
432 1792 464 1824 nisi
477 1793 551 1824 monitus
562 1792 612 1825 suerit
624 1793 646 1824 ab
658 1792 712 1833 ipsius
723 1792 755 1824 loci

53 1841 121 1875 abbate.
143 1842 162 1875 Si
173 1842 212 1885 quis
219 1853 260 1876 vero
267 1843 300 1876 hoe
308 1854 398 1885 aggressus
405 1843 456 1876 suerit
464 1842 574 1886 calumpniari
586 1849 616 1876 aut
627 1842 717 1884 infringere
726 1844 756 1876 de·
764 1853 784 1883 30

53 1899 122 1934 cretum,
130 1894 237 1937 presencium
245 1893 398 1927 ecclesiastieorum
407 1894 472 1935 prolate
480 1892 652 1926 excommunicacioni
663 1892 756 1932 subiaceat,

54 1948 70 1974 ct
78 1943 147 1985 insuper
157 1944 203 1985 regio
213 1945 254 1977 fisco
264 1944 334 1986 triginta
343 1944 379 1976 auri
389 1944 453 1976 talenta
464 1944 657 1985 persoluat-Tandem
665 1953 717 1976 manu
728 1943 756 1976 dei

55 1992 132 2026 Haraldo
148 2000 165 2027 et
181 1994 303 2028 Hardecanuto
318 1995 368 2027 uelud
384 1994 441 2026 minus
455 1994 546 2026 fructuosis
562 1993 660 2035 palmitibus
676 2005 687 2025 a
702 2004 756 2034 regno

54 2041 135 2077 succisis:
155 2042 184 2086 qui
203 2044 267 2077 fractus
286 2044 378 2087 putabatur
397 2042 438 2075 suel
456 2054 514 2075 rursus
533 2042 576 2075 oliue
595 2053 652 2075 ramus
671 2043 756 2077 inseritur.

54 2091 139 2134 Egressus
147 2094 192 2127 enirn
200 2106 210 2128 a
218 2094 426 2128 NonnanniaEduardus
432 2093 476 2135 regis
482 2092 583 2127 Etheldredi
590 2094 638 2132 filius,
644 2093 757 2127 domesticum
766 2105 785 2135 35

55 2143 118 2183 pariter
127 2149 144 2178 et
152 2143 280 2187 stipendiarium
289 2155 348 2178 secum
356 2144 421 2178 habens
429 2142 521 2177 exercitum
532 2143 626 2187 copiosum,
634 2143 660 2177 ius
668 2151 758 2187 paternum

55 2202 146 2235 exposcere
157 2207 192 2227 non
204 2196 292 2238 torpescit,
304 2202 329 2228 set
341 2206 380 2228 cum
392 2205 459 2227 summo
470 2194 545 2236 tripudio
557 2200 651 2238 susceptus,
663 2196 686 2227 ab
697 2195 758 2237 Anglis

55 2241 103 2276 heres
113 2244 197 2286 legitimus
209 2245 231 2277 ad
243 2246 313 2277 honoris
325 2245 398 2285 insignia
409 2249 524 2285 promouetur,
532 2255 578 2276 anno
591 2245 656 2277 domini
665 2245 758 2277 Millesimo

56 2292 108 2335 .xliij⁰.
116 2294 167 2335 regali
174 2294 271 2327 diademate
279 2300 374 2327 coronatus.
393 2295 410 2326 N
412 2304 432 2326 ec
440 2294 494 2326 multo
502 2300 547 2336 post,
555 2294 685 2327 annovidelicet
693 2294 757 2327 domini

56 2341 208 2387 ltilresirnoaliiij,
215 2351 293 2378 sanctum
301 2344 388 2377 martirem
396 2344 514 2386 Edmundum‚
523 2354 554 2387 pro
562 2350 608 2378 statu
615 2350 633 2378 et
645 2345 758 2388 prosperitate
766 2356 786 2386 ro

56 2393 102 2433 regni
118 2395 247 2437 supplicaturus,
262 2394 375 2428 adiit-cuius
390 2394 481 2438 ecelesiam
499 2394 516 2429 in
535 2401 601 2428 tantum
617 2405 685 2437 semper
699 2394 758 2429 habuit

55 2444 165 2477 reuerencia³
177 2446 223 2487 quod
232 2446 302 2487 quando
312 2451 390 2478 oraturus
401 2445 466 2477 ibidem
473 2445 559 2484 ueniebat,
567 2455 578 2477 a
587 2445 660 2478 miliario
671 2446 694 2477 ad
702 2444 757 2486 ipsam

55 2493 130 2526 nonnisi
139 2495 212 2536 pedibus
220 2494 325 2536 procederet.
348 2495 395 2527 Sane
402 2493 447 2526 circa
455 2493 528 2536 primum
538 2502 603 2526 annum
614 2492 662 2535 regni
673 2492 726 2535 ipsius
735 2493 758 2526 ad
811 2502 813 2505 ’

100 2568 104 2585 ¹
115 2569 140 2600 Cf.
148 2570 181 2601 MS.
190 2570 222 2602 Tit.
229 2570 256 2601 iol.
264 2569 297 2610 95⁶.
377 2570 383 2587 ²
395 2569 428 2601 MS.
436 2570 473 2600 siue.
555 2568 561 2586 ³
571 2569 604 2600 MS.
612 2569 718 2600 reuerenciam.
