1762 2803
297 102 342 159 bt
358 100 457 155 &aucto
474 101 551 154 deuo.
731 106 770 149 181

73 222 156 266 ciperet:
171 235 272 267 persuasus
288 224 369 259 maxime
384 225 407 259 ad
422 224 560 268 percipiendam
576 224 632 258 fidem
647 235 658 258 a
672 222 709 258 filio
724 224 774 268 regis

73 275 124 310 Oswi
136 276 210 312 nomine
222 276 299 319 Alirido,
311 276 341 321 qui
354 286 436 311 sororem
450 277 490 310 eius
503 276 635 321 Kineburgam,
648 277 711 310 Pende
725 276 774 321 regis

73 328 134 371 filiam,
146 328 165 363 in
175 341 251 365 uxorem
261 329 328 364 habuit.
351 328 458 374 Baptizatus
467 334 495 364 est
505 334 567 363 autem
577 340 588 363 a
599 328 614 363 F
615 328 670 363 inano
681 328 774 373 episcopo,

73 393 114 418 curn
126 383 211 419 omnibus
220 384 251 429 qui
262 394 325 419 secum
333 389 422 418 venerant
434 383 529 418 comitibus
540 394 561 418 ac
570 383 664 426 militibus,
673 393 774 428 eorumque

73 436 146 471 familiis
160 437 257 480 uniuersis,
269 437 288 471 in
302 437 343 472 vico
355 437 404 481 regis
415 436 480 471 illustri
494 437 525 481 qui
540 442 615 471 vocatur
630 437 662 471 ‘ad
677 436 792 477 murum¹.’5

74 490 97 523 Et
108 490 188 534 acceptis
199 496 276 534 quatuor
285 490 398 535 presbiteris,
409 489 439 534 qui
453 491 476 525 ad
492 491 594 525 docendam
607 489 774 535 baptizandamque

73 547 147 586 gentem
162 543 210 577 illius
225 549 243 577 et
258 543 359 577 eruditione
374 548 392 577 et
407 543 443 577 vita
458 544 567 578 videbantur
581 544 649 585 idonei,
662 543 719 577 multo
732 553 774 577 curn

73 595 139 639 gaudio
151 606 237 630 reuersus
249 600 281 630 est.
305 596 361 630 Erant
373 601 434 630 autem
444 595 541 639 presbiteri
553 596 610 638 Cedd,
620 601 638 631 et
649 596 709 638 Adda,
719 595 776 630 irater

73 648 116 682 Vtte
125 648 195 683 abbatis
204 649 310 683 monasterii
321 649 369 694 quod
379 654 454 684 vocatur
462 650 494 683 ‘ad
506 655 560 693 caput
571 659 627 693 capre
632 649 650 691 ζ’
661 654 679 683 et
694 648 724 683 alii
738 650 775 683 duo

73 701 123 734 serui
136 701 182 735 dei³.
210 702 330 736 Predieabant
344 712 389 745 ergo
404 703 510 736 sacerdotes
525 702 555 736 dei
569 702 653 746 verbum,
665 707 683 736 et
696 701 775 736 libenter
785 711 803 733 ιο

73 753 129 788 auditi
140 759 188 796 sunt,
200 755 288 799 multique
300 754 380 799 quotidie
394 759 412 788 et
423 754 511 788 nobilium
523 759 540 788 et
551 754 672 796 infirmorum,
683 754 775 789 abrenun-

73 807 119 842 ciata
130 809 184 842 sorde
196 808 283 848 idolatrie,
295 808 337 842 fidei
349 814 392 842 sunt
403 808 453 841 fonte
465 807 527 841 abluti.
558 808 596 841 Nec
608 808 700 851 prohibuit
713 808 775 842 Penda

73 871 107 894 rex
117 860 161 903 quin
172 860 226 894 etiam
237 860 255 893 in
264 871 302 901 sua,
311 860 421 894 Merciorum
430 860 503 893 natione
512 860 589 893 verbum
599 860 726 902 prediceretur
734 859 775 902 dei;

74 912 117 956 quin
125 912 186 957 potius
197 912 238 946 odio
248 912 327 946 habebat
334 917 352 946 et
360 911 473 956 despiciebat
481 922 514 946 eos
521 922 568 956 quos
575 911 612 945 iide
621 911 689 946 Christi
696 911 776 946 imbutos

74 976 130 1009 opera
145 965 188 999 fidei
203 976 240 999 non
255 965 323 1000 habere
338 964 465 1008 deprehendit,
481 964 544 999 dicens
560 965 718 1009 contempnendos
733 975 776 1000 esse
785 972 804 1003 ¹5

74 1028 106 1052 eos
117 1023 135 1052 et
145 1017 224 1051 miseros
234 1017 265 1062 qui
276 1017 310 1052 deo
323 1027 362 1059 suo,
375 1017 394 1051 in
408 1028 463 1061 quern
477 1018 580 1060 crederent,
593 1018 668 1052 obedire
683 1022 775 1062 contemp

74 1076 145 1106 nerent.
167 1070 226 1105 Acta⁴
236 1076 278 1105 sunt
291 1071 325 1106 hec
337 1070 412 1105 blennio
424 1075 467 1106 ante
478 1075 557 1106 mortem
569 1070 619 1115 regis
631 1070 698 1114 Pende,
708 1071 777 1107 scilicet

75 1135 123 1157 anno
128 1123 185 1167 gratie
190 1124 325 1157 sexcentesimo
333 1123 484 1168 quinquagesimo
492 1124 551 1158 tertio.
592 1117 622 1157 Eo
630 1125 686 1158 etiam
693 1130 777 1168 ternpore

74 1176 179 1211 OrIentales
198 1176 283 1212 Saxones
300 1177 355 1211 fidem
373 1187 428 1221 quarn
447 1177 490 1211 olim
510 1176 589 1220 expulso
608 1175 677 1211 Melllto
696 1176 776 1212 antistite

74 1230 183 1272 abiecerant,
191 1229 279 1264 instancia
287 1229 335 1273 regis
344 1230 395 1264 Oswi
403 1235 524 1274 receperunt:
537 1229 581 1264 Erat
591 1229 640 1264 enim
649 1240 683 1264 rex
691 1229 775 1265 eiusdem
785 1243 804 1265 ro

74 1283 134 1326 gentis
139 1283 227 1316 Sabertus
232 1282 244 1324 ¹⁵,
250 1282 280 1326 qui
285 1287 327 1326 post
335 1282 446 1326 Sigibertum
451 1283 457 1301 ⁰
463 1282 551 1327 regnauit,
557 1282 627 1316 amicus
635 1282 718 1316 eiusdem
724 1283 776 1318 Oswi

74 1335 128 1379 regis.
152 1335 188 1378 Qui
203 1346 245 1370 cum
260 1333 367 1380 frequenter
381 1336 404 1370 ad
419 1345 462 1369 eum
477 1335 496 1369 in
511 1334 625 1379 prouinciam
645 1335 775 1369 Northanhim·

74 1390 149 1424 brorum
160 1388 237 1431 veniret,
249 1388 319 1423 solebat
332 1399 374 1423 eum
388 1388 457 1423 hortari
471 1389 494 1423 ad
509 1388 659 1432 intelligendum⁷
674 1388 720 1423 deos
733 1399 776 1424 esse

74 1453 111 1475 non
120 1453 176 1486 posse
184 1442 214 1485 qui
222 1441 317 1475 hominum
325 1440 410 1475 manibus
418 1441 459 1475 iacti
468 1445 541 1475 essent:
553 1441 583 1474 dei
593 1441 669 1475 creandi
680 1441 776 1475 materiam

75 1494 144 1537 lignum
159 1494 189 1528 vel
203 1494 283 1537 lapidem
299 1505 342 1528 esse
356 1504 394 1527 non
412 1504 473 1537 posse,
489 1504 567 1537 quorum
582 1493 677 1528 recisure⁸
691 1494 720 1528 vel
738 1494 776 1538 igni
787 1505 805 1534 ²5

75 1548 220 1590 absumerentur,
232 1547 262 1582 vel
277 1546 296 1581 in
309 1557 354 1581 vasa
366 1546 447 1592 quelibet
459 1545 535 1581 humani
546 1557 592 1582 usus
608 1545 736 1590 formarentur,
747 1547 777 1582 vel

76 1605 125 1635 certe
130 1599 225 1644 despectui
231 1600 291 1634 habita
297 1599 347 1634 soras
355 1599 494 1643 proiicerentur,
499 1604 517 1634 et
524 1600 602 1643 pedibus
610 1599 678 1634 calcata
684 1599 777 1635 interram

75 1659 197 1689 verterentur.
217 1652 342 1697 Deumpotius
350 1652 490 1697 intelligendum
499 1652 594 1687 maiestate
599 1653 777 1697 incomprehensibi-

74 1707 117 1749 lem,
132 1707 218 1741 humanis
237 1705 294 1741 oculis
311 1705 427 1747 inuisibilem‚
442 1706 593 1750 omnipotentem,
609 1711 628 1739 et
643 1712 733 1748 eternum,
745 1707 777 1751 qui

75 1759 135 1792 celum
143 1764 161 1792 et
168 1764 242 1800 terram,
252 1763 270 1792 et
280 1759 381 1792 humanum
391 1768 451 1802 genus
461 1764 549 1799 creasset,
559 1764 631 1802 regeret
639 1765 657 1793 et
665 1758 777 1794 iudicaturus
785 1767 805 1798 3⁰

75 1818 125 1846 esset
136 1813 200 1845 orbem
210 1812 229 1845 in
241 1811 325 1855 equitate,
335 1816 353 1844 et
362 1811 467 1855 omnesqui
476 1811 588 1845 voluntatem
600 1810 640 1845 eius
650 1823 661 1845 a
673 1822 709 1855 quo
720 1811 777 1846 creati

75 1869 117 1899 sunt
128 1865 209 1898 iacerent
221 1869 239 1898 et
250 1864 347 1905 discerent,
359 1868 422 1897 eterna
433 1864 456 1897 ab
467 1863 498 1897 illo
511 1863 582 1907 premia
593 1869 656 1897 essent
665 1866 776 1908 percepturi.

75 1918 122 1951 Cum
132 1917 174 1951 talia
184 1916 240 1950 multa
248 1926 282 1950 rex
290 1915 341 1950 Oswi
351 1917 403 1959 quasi
414 1915 495 1949 fraterno
505 1915 582 1950 eonsilio
592 1915 631 1959 regi
641 1916 719 1950 Saberto
730 1927 775 1960 sepe

75 1970 174 2005 inculcaret
180 1970 191 2012 ⁹,
199 1972 246 2005 iacto
254 1980 295 2004 curn
306 1970 344 2004 suis
354 1969 429 2004 demum
439 1968 520 2011 consilio,
532 1968 634 2014 baptizatus
646 1973 673 2004 est
684 1980 694 2003 a
705 1969 776 2005 Finano

75 2025 163 2068 episcopo
170 2023 189 2056 in
197 2023 237 2057 loco
246 2022 277 2067 qui
287 2022 352 2057 dicitur
364 2023 397 2056 ‘ad
408 2024 492 2064 murum,¹
503 2022 521 2056 in
531 2023 573 2056 villa
584 2022 634 2066 regia
643 2023 693 2056 iuxta
702 2033 775 2057 murum
785 2035 804 2065 35

75 2077 147 2110 romani
158 2078 224 2120 operis,
236 2075 331 2110 duodecim
343 2074 417 2109 milibus
428 2085 516 2119 passuum
528 2085 539 2109 a
550 2075 596 2110 mari
607 2074 690 2110 orientali
700 2081 776 2111 secreta.

76 2130 119 2164 Rex
134 2129 188 2173 igitur
203 2130 292 2164 Sabertus
307 2127 365 2162 eterni
380 2128 432 2172 regni
447 2127 483 2162 iam
499 2127 544 2162 ciuis
559 2128 640 2171 effectus,
652 2127 751 2172 postulauit
766 2140 777 2163 a

76 2194 120 2226 rege
128 2182 179 2217 Oswi
186 2187 206 2217 vt
214 2182 284 2226 aliquos
296 2180 330 2217 sibi
341 2181 424 2216 doctores
435 2181 492 2224 daret,
500 2181 531 2225 qui
538 2186 612 2225 gentem
624 2191 677 2215 suam
686 2181 709 2215 ad
720 2182 776 2217 fidem

76 2236 145 2270 Christi
160 2239 288 2270 conuerterent
299 2246 320 2268 ac
331 2234 381 2269 fonte
393 2235 466 2268 salutari
478 2235 578 2269 abluerent.
601 2234 627 2267 At
640 2235 671 2268 ille
683 2234 741 2269 accito
752 2236 776 2269 ad

76 2299 96 2322 se
110 2288 149 2323 viro
163 2287 193 2322 dei
208 2288 260 2322 Cedd
274 2287 298 2322 de
312 2286 407 2331 prouincia
421 2287 597 2322 Mediterraneorum
611 2286 721 2330 Anglorum,
734 2298 776 2323 eum
785 2298 806 2329 40

76 2342 133 2376 altero
145 2341 248 2386 presbitero
260 2339 294 2374 sibi
304 2340 346 2374 dato
355 2339 405 2374 misit
415 2340 510 2383 predicare
521 2340 598 2374 verbum
610 2339 639 2374 dei
650 2340 701 2383 genti
712 2339 777 2377 Orien·

96 2433 101 2451 ¹
111 2434 154 2463 Now
160 2433 231 2470 Walton,
239 2442 277 2463 near
284 2433 311 2463 the
319 2432 414 2462 Pieteswall.
529 2431 535 2449 ²
546 2432 563 2463 E.
572 2432 625 2470 capri;
636 2443 673 2463 now
681 2432 778 2464 Gateshead.

75 2473 145 2504 'Bedat
156 2478 172 2503 et
180 2473 245 2503 Bettiet
253 2473 309 2503 Diuna.
356 2471 479 2509 *Benacepta
526 2471 656 2510 tusrgbertus.
703 2472 738 2504 ⁰13.
746 2474 779 2512 Sig-

76 2514 137 2543 bertum
144 2518 249 2551 cognomento
257 2513 329 2542 Parvum.
408 2511 414 2529 ⁷
425 2512 443 2541 E.
451 2512 566 2550 intelligendos.
650 2513 655 2531 Β
666 2513 684 2544 E.
692 2514 779 2551 recissure3

76 2553 94 2583 T.
102 2554 184 2584 reseisure.
245 2552 251 2570 ⁰
261 2553 279 2582 Τ.
288 2553 305 2582 Ε.
313 2551 417 2582 conculcaret.
