<?xml version="1.0" encoding="UTF-8"?>
<!DOCTYPE html PUBLIC "-//W3C//DTD XHTML 1.0 Transitional//EN"
    "http://www.w3.org/TR/xhtml1/DTD/xhtml1-transitional.dtd">
<html xmlns="http://www.w3.org/1999/xhtml" xml:lang="en" lang="en">
 <head>
  <title>
</title>
<meta http-equiv="Content-Type" content="text/html;charset=utf-8" />
  <meta name='ocr-system' content='tesseract 3.04.00' />
  <meta name='ocr-capabilities' content='ocr_page ocr_carea ocr_par ocr_line ocrx_word'/>
</head>
<body>
  <div class='ocr_page' id='page_1' title='image "./MN5111ucmf_0/MN5111ucmf_0_1108.png"; bbox 0 0 1762 2803; ppageno 0'>
   <div class='ocr_carea' id='block_1_1' title="bbox 112 108 845 199">
    <p class='ocr_par' dir='ltr' id='par_1_1' title="bbox 112 108 845 199">
     <span class='ocr_line' id='line_1_1' title="bbox 112 108 845 199; baseline -0.019 -5"><span class='ocrx_word' id='word_1_1' title='bbox 112 108 114 114; x_wconf 71' lang='lat'>,</span> <span class='ocrx_word' id='word_1_2' title='bbox 140 151 185 194; x_wconf 79' lang='lat'>492</span> <span class='ocrx_word' id='word_1_3' title='bbox 213 186 214 191; x_wconf 72' lang='grc'>,</span> <span class='ocrx_word' id='word_1_4' title='bbox 332 137 412 190; x_wconf 67' lang='lat' dir='ltr'>unua</span> <span class='ocrx_word' id='word_1_5' title='bbox 428 135 543 199; x_wconf 69' lang='lat' dir='ltr'>laeuus</span> <span class='ocrx_word' id='word_1_6' title='bbox 559 135 651 199; x_wconf 68' lang='lat' dir='ltr'>unalia</span> <span class='ocrx_word' id='word_1_7' title='bbox 726 138 845 184; x_wconf 50' lang='lat' dir='ltr'>[aarum.</span> 
     </span>
    </p>
   </div>
   <div class='ocr_carea' id='block_1_2' title="bbox 117 259 849 1151">
    <p class='ocr_par' dir='ltr' id='par_1_2' title="bbox 117 259 849 1151">
     <span class='ocr_line' id='line_1_2' title="bbox 142 259 846 304; baseline 0 -10"><span class='ocrx_word' id='word_1_8' title='bbox 142 260 261 294; x_wconf 83' lang='lat' dir='ltr'>exhortantes</span> <span class='ocrx_word' id='word_1_9' title='bbox 273 270 316 294; x_wconf 92' lang='lat' dir='ltr'>eum</span> <span class='ocrx_word' id='word_1_10' title='bbox 327 259 413 303; x_wconf 80' lang='lat' dir='ltr'>quatinus</span> <span class='ocrx_word' id='word_1_11' title='bbox 424 259 487 293; x_wconf 86' lang='lat' dir='ltr'>relicta</span> <span class='ocrx_word' id='word_1_12' title='bbox 498 260 586 304; x_wconf 82' lang='lat' dir='ltr'><strong>dignitate</strong></span> <span class='ocrx_word' id='word_1_13' title='bbox 597 260 685 304; x_wconf 88' lang='lat' dir='ltr'>papatus¹</span> <span class='ocrx_word' id='word_1_14' title='bbox 696 260 724 294; x_wconf 92' lang='lat' dir='ltr'>sui</span> <span class='ocrx_word' id='word_1_15' title='bbox 736 270 777 294; x_wconf 92' lang='lat' dir='ltr'>cum</span> <span class='ocrx_word' id='word_1_16' title='bbox 789 261 846 295; x_wconf 87' lang='lat' dir='ltr'>sacris</span> 
     </span>
     <span class='ocr_line' id='line_1_3' title="bbox 141 311 846 356; baseline 0.001 -10"><span class='ocrx_word' id='word_1_17' title='bbox 141 311 242 356; x_wconf 84' lang='lat' dir='ltr'>virginibus</span> <span class='ocrx_word' id='word_1_18' title='bbox 256 312 373 346; x_wconf 81' lang='lat' dir='ltr'>comitaretur</span> <span class='ocrx_word' id='word_1_19' title='bbox 384 312 527 355; x_wconf 83' lang='lat' dir='ltr'>exemplumque</span> <span class='ocrx_word' id='word_1_20' title='bbox 538 314 607 347; x_wconf 90' lang='lat' dir='ltr'>bonum</span> <span class='ocrx_word' id='word_1_21' title='bbox 619 312 685 347; x_wconf 87' lang='lat' dir='ltr'>ceteris</span> <span class='ocrx_word' id='word_1_22' title='bbox 696 314 784 356; x_wconf 86' lang='lat' dir='ltr'>preberet</span> <span class='ocrx_word' id='word_1_23' title='bbox 795 318 846 348; x_wconf 84' lang='lat' dir='ltr'>tante</span> 
     </span>
     <span class='ocr_line' id='line_1_4' title="bbox 142 364 847 409; baseline 0.003 -12"><span class='ocrx_word' id='word_1_24' title='bbox 142 364 258 398; x_wconf 87' lang='lat' dir='ltr'>sublimitatis</span> <span class='ocrx_word' id='word_1_25' title='bbox 272 369 389 408; x_wconf 81' lang='lat' dir='ltr'>contemptu;</span> <span class='ocrx_word' id='word_1_26' title='bbox 404 365 533 408; x_wconf 88' lang='lat' dir='ltr'>promittentes</span> <span class='ocrx_word' id='word_1_27' title='bbox 549 365 603 399; x_wconf 90' lang='lat' dir='ltr'>etiam</span> <span class='ocrx_word' id='word_1_28' title='bbox 616 365 725 409; x_wconf 87' lang='lat' dir='ltr'>pollicentur</span> <span class='ocrx_word' id='word_1_29' title='bbox 736 365 753 399; x_wconf 89' lang='lat' dir='ltr'>ei</span> <span class='ocrx_word' id='word_1_30' title='bbox 768 366 817 409; x_wconf 91' lang='lat' dir='ltr'>quod</span> <span class='ocrx_word' id='word_1_31' title='bbox 829 372 847 400; x_wconf 90' lang='lat' dir='ltr'>et</span> 
     </span>
     <span class='ocr_line' id='line_1_5' title="bbox 142 417 846 462; baseline 0 -10"><span class='ocrx_word' id='word_1_32' title='bbox 142 417 183 461; x_wconf 87' lang='lat' dir='ltr'>ipse</span> <span class='ocrx_word' id='word_1_33' title='bbox 195 427 281 451; x_wconf 90' lang='lat' dir='ltr'>coronam</span> <span class='ocrx_word' id='word_1_34' title='bbox 294 417 341 452; x_wconf 85' lang='lat' dir='ltr'>soret</span> <span class='ocrx_word' id='word_1_35' title='bbox 352 422 436 451; x_wconf 88' lang='lat' dir='ltr'>eternam</span> <span class='ocrx_word' id='word_1_36' title='bbox 449 428 483 461; x_wconf 90' lang='lat' dir='ltr'>per</span> <span class='ocrx_word' id='word_1_37' title='bbox 494 418 570 452; x_wconf 89' lang='lat' dir='ltr'>martirii</span> <span class='ocrx_word' id='word_1_38' title='bbox 582 418 662 462; x_wconf 87' lang='lat' dir='ltr'>palmam</span> <span class='ocrx_word' id='word_1_39' title='bbox 675 419 781 462; x_wconf 83' lang='lat' dir='ltr'>adepturus.</span> <span class='ocrx_word' id='word_1_40' title='bbox 804 418 846 452; x_wconf 90' lang='lat' dir='ltr'>Pre-</span> 
     </span>
     <span class='ocr_line' id='line_1_6' title="bbox 125 469 846 515; baseline 0.001 -10"><span class='ocrx_word' id='word_1_41' title='bbox 125 476 193 514; x_wconf 85' lang='lat' dir='ltr'>5terea</span> <span class='ocrx_word' id='word_1_42' title='bbox 207 469 292 514; x_wconf 90' lang='lat' dir='ltr'>inquiunt</span> <span class='ocrx_word' id='word_1_43' title='bbox 307 475 412 506; x_wconf 84' lang='lat' dir='ltr'>asserentes</span> <span class='ocrx_word' id='word_1_44' title='bbox 427 470 520 515; x_wconf 88' lang='lat' dir='ltr'>quoniam,</span> <span class='ocrx_word' id='word_1_45' title='bbox 532 471 548 506; x_wconf 92' lang='lat' dir='ltr'>si</span> <span class='ocrx_word' id='word_1_46' title='bbox 560 471 620 507; x_wconf 91' lang='lat' dir='ltr'>Rome</span> <span class='ocrx_word' id='word_1_47' title='bbox 635 471 749 514; x_wconf 83' lang='lat' dir='ltr'>remanserit,</span> <span class='ocrx_word' id='word_1_48' title='bbox 760 470 780 506; x_wconf 90' lang='lat' dir='ltr'>in</span> <span class='ocrx_word' id='word_1_49' title='bbox 795 470 846 506; x_wconf 92' lang='lat' dir='ltr'>breui</span> 
     </span>
     <span class='ocr_line' id='line_1_7' title="bbox 142 524 846 569; baseline 0.003 -11"><span class='ocrx_word' id='word_1_50' title='bbox 142 524 216 559; x_wconf 75' lang='lat' dir='ltr'>tamen²</span> <span class='ocrx_word' id='word_1_51' title='bbox 232 525 255 558; x_wconf 85' lang='lat' dir='ltr'>sit</span> <span class='ocrx_word' id='word_1_52' title='bbox 270 525 374 559; x_wconf 90' lang='lat' dir='ltr'>moriturus.</span> <span class='ocrx_word' id='word_1_53' title='bbox 403 526 439 567; x_wconf 81' lang='lat' dir='ltr'>Qui</span> <span class='ocrx_word' id='word_1_54' title='bbox 453 526 507 569; x_wconf 81' lang='lat' dir='ltr'>quia⁸</span> <span class='ocrx_word' id='word_1_55' title='bbox 522 532 585 560; x_wconf 89' lang='lat' dir='ltr'>contra</span> <span class='ocrx_word' id='word_1_56' title='bbox 599 527 711 561; x_wconf 88' lang='lat' dir='ltr'>voluntatem</span> <span class='ocrx_word' id='word_1_57' title='bbox 727 525 846 560; x_wconf 82' lang='lat' dir='ltr'>cardinalium</span> 
     </span>
     <span class='ocr_line' id='line_1_8' title="bbox 142 577 847 622; baseline 0.001 -11"><span class='ocrx_word' id='word_1_58' title='bbox 142 577 250 620; x_wconf 87' lang='lat' dir='ltr'>romanique</span> <span class='ocrx_word' id='word_1_59' title='bbox 261 583 336 612; x_wconf 87' lang='lat' dir='ltr'>senatus</span> <span class='ocrx_word' id='word_1_60' title='bbox 348 578 444 612; x_wconf 92' lang='lat' dir='ltr'>consilium</span> <span class='ocrx_word' id='word_1_61' title='bbox 456 578 505 613; x_wconf 91' lang='lat' dir='ltr'>illinc</span> <span class='ocrx_word' id='word_1_62' title='bbox 518 579 615 613; x_wconf 85' lang='lat' dir='ltr'>discedens</span> <span class='ocrx_word' id='word_1_63' title='bbox 626 579 753 622; x_wconf 87' lang='lat' dir='ltr'>proficiscitur,</span> <span class='ocrx_word' id='word_1_64' title='bbox 765 579 788 612; x_wconf 92' lang='lat' dir='ltr'>de</span> <span class='ocrx_word' id='word_1_65' title='bbox 800 584 847 612; x_wconf 87' lang='lat' dir='ltr'>cata·</span> 
     </span>
     <span class='ocr_line' id='line_1_9' title="bbox 142 629 847 675; baseline 0.003 -12"><span class='ocrx_word' id='word_1_66' title='bbox 142 629 194 673; x_wconf 66' lang='grc' dir='ltr'>Ιοῑςο4</span> <span class='ocrx_word' id='word_1_67' title='bbox 208 640 327 664; x_wconf 91' lang='lat' dir='ltr'>romanorum</span> <span class='ocrx_word' id='word_1_68' title='bbox 340 631 448 674; x_wconf 84' lang='lat' dir='ltr'>pontificum</span> <span class='ocrx_word' id='word_1_69' title='bbox 463 642 530 666; x_wconf 92' lang='lat' dir='ltr'>nomen</span> <span class='ocrx_word' id='word_1_70' title='bbox 544 631 602 675; x_wconf 92' lang='lat' dir='ltr'>ipsius</span> <span class='ocrx_word' id='word_1_71' title='bbox 613 631 689 666; x_wconf 90' lang='lat' dir='ltr'>deletur.</span> <span class='ocrx_word' id='word_1_72' title='bbox 711 631 767 665; x_wconf 91' lang='lat' dir='ltr'>Cuius</span> <span class='ocrx_word' id='word_1_73' title='bbox 782 641 847 665; x_wconf 90' lang='lat' dir='ltr'>reuera</span> 
     </span>
     <span class='ocr_line' id='line_1_10' title="bbox 143 684 847 728; baseline 0.004 -12"><span class='ocrx_word' id='word_1_74' title='bbox 143 693 211 717; x_wconf 88' lang='lat' dir='ltr'>nomen</span> <span class='ocrx_word' id='word_1_75' title='bbox 221 694 283 717; x_wconf 89' lang='lat' dir='ltr'>coram</span> <span class='ocrx_word' id='word_1_76' title='bbox 295 684 369 718; x_wconf 90' lang='lat' dir='ltr'>domino</span> <span class='ocrx_word' id='word_1_77' title='bbox 382 684 430 718; x_wconf 90' lang='lat' dir='ltr'>inter</span> <span class='ocrx_word' id='word_1_78' title='bbox 442 684 510 718; x_wconf 89' lang='lat' dir='ltr'>Christi</span> <span class='ocrx_word' id='word_1_79' title='bbox 522 685 606 718; x_wconf 88' lang='lat' dir='ltr'>martires</span> <span class='ocrx_word' id='word_1_80' title='bbox 618 684 712 728; x_wconf 89' lang='lat' dir='ltr'>preciosos</span> <span class='ocrx_word' id='word_1_81' title='bbox 723 684 742 718; x_wconf 93' lang='lat' dir='ltr'>in</span> <span class='ocrx_word' id='word_1_82' title='bbox 753 684 800 717; x_wconf 91' lang='lat' dir='ltr'>libro</span> <span class='ocrx_word' id='word_1_83' title='bbox 811 684 847 719; x_wconf 87' lang='lat' dir='ltr'>vite</span> 
     </span>
     <span class='ocr_line' id='line_1_11' title="bbox 117 737 847 782; baseline 0.001 -12"><span class='ocrx_word' id='word_1_84' title='bbox 117 749 135 770; x_wconf 90' lang='lat'>10</span> <span class='ocrx_word' id='word_1_85' title='bbox 143 742 233 781; x_wconf 91' lang='lat' dir='ltr'>perpetuo</span> <span class='ocrx_word' id='word_1_86' title='bbox 249 737 337 781; x_wconf 90' lang='lat' dir='ltr'>scriptum</span> <span class='ocrx_word' id='word_1_87' title='bbox 353 739 460 772; x_wconf 84' lang='lat' dir='ltr'>continetur.</span> <span class='ocrx_word' id='word_1_88' title='bbox 483 738 579 772; x_wconf 80' lang='lat' dir='ltr'>Habebatfi</span> <span class='ocrx_word' id='word_1_89' title='bbox 594 737 660 772; x_wconf 77' lang='lat' dir='ltr'>etiam³</span> <span class='ocrx_word' id='word_1_90' title='bbox 673 737 713 782; x_wconf 92' lang='lat' dir='ltr'>ipse</span> <span class='ocrx_word' id='word_1_91' title='bbox 727 738 816 782; x_wconf 88' lang='lat' dir='ltr'>quasdam</span> <span class='ocrx_word' id='word_1_92' title='bbox 828 738 847 772; x_wconf 94' lang='lat' dir='ltr'>in</span> 
     </span>
     <span class='ocr_line' id='line_1_12' title="bbox 144 791 847 836; baseline 0.001 -12"><span class='ocrx_word' id='word_1_93' title='bbox 144 791 178 825; x_wconf 92' lang='lat' dir='ltr'>hoc</span> <span class='ocrx_word' id='word_1_94' title='bbox 191 801 243 824; x_wconf 88' lang='lat' dir='ltr'>sacro</span> <span class='ocrx_word' id='word_1_95' title='bbox 255 792 346 835; x_wconf 82' lang='lat' dir='ltr'>virginum</span> <span class='ocrx_word' id='word_1_96' title='bbox 361 792 436 836; x_wconf 86' lang='lat' dir='ltr'>collegio</span> <span class='ocrx_word' id='word_1_97' title='bbox 449 797 535 835; x_wconf 83' lang='lat' dir='ltr'>cognatas</span> <span class='ocrx_word' id='word_1_98' title='bbox 547 791 631 835; x_wconf 85' lang='lat' dir='ltr'>proxima</span> <span class='ocrx_word' id='word_1_99' title='bbox 644 791 679 825; x_wconf 89' lang='lat' dir='ltr'>sibi</span> <span class='ocrx_word' id='word_1_100' title='bbox 692 791 847 834; x_wconf 82' lang='lat' dir='ltr'>consanguinitate</span> 
     </span>
     <span class='ocr_line' id='line_1_13' title="bbox 144 842 848 888; baseline 0.006 -12"><span class='ocrx_word' id='word_1_101' title='bbox 144 842 255 877; x_wconf 86' lang='lat' dir='ltr'>coniunctas.</span> <span class='ocrx_word' id='word_1_102' title='bbox 279 844 363 888; x_wconf 91' lang='lat' dir='ltr'>Denique</span> <span class='ocrx_word' id='word_1_103' title='bbox 374 849 437 878; x_wconf 87' lang='lat' dir='ltr'>sancta</span> <span class='ocrx_word' id='word_1_104' title='bbox 448 844 512 878; x_wconf 82' lang='lat' dir='ltr'>Sibilia</span> <span class='ocrx_word' id='word_1_105' title='bbox 519 855 566 879; x_wconf 88' lang='lat' dir='ltr'>vxor</span> <span class='ocrx_word' id='word_1_106' title='bbox 573 843 622 878; x_wconf 87' lang='lat' dir='ltr'>beati</span> <span class='ocrx_word' id='word_1_107' title='bbox 634 844 727 878; x_wconf 82' lang='lat' dir='ltr'>Eustachii</span> <span class='ocrx_word' id='word_1_108' title='bbox 738 844 818 878; x_wconf 88' lang='lat' dir='ltr'>martiris</span> <span class='ocrx_word' id='word_1_109' title='bbox 830 851 848 880; x_wconf 86' lang='lat' dir='ltr'>et</span> 
     </span>
     <span class='ocr_line' id='line_1_14' title="bbox 145 895 848 940; baseline 0 -9"><span class='ocrx_word' id='word_1_110' title='bbox 145 895 216 931; x_wconf 88' lang='lat' dir='ltr'>comitis</span> <span class='ocrx_word' id='word_1_111' title='bbox 225 907 266 930; x_wconf 91' lang='lat' dir='ltr'>cum</span> <span class='ocrx_word' id='word_1_112' title='bbox 274 906 308 931; x_wconf 87' lang='lat' dir='ltr'>sex</span> <span class='ocrx_word' id='word_1_113' title='bbox 316 897 387 931; x_wconf 88' lang='lat' dir='ltr'>filiabus</span> <span class='ocrx_word' id='word_1_114' title='bbox 395 896 433 931; x_wconf 94' lang='lat' dir='ltr'>suis</span> <span class='ocrx_word' id='word_1_115' title='bbox 444 896 483 931; x_wconf 87' lang='lat' dir='ltr'>eius</span> <span class='ocrx_word' id='word_1_116' title='bbox 494 896 593 931; x_wconf 86' lang='lat' dir='ltr'>extiterunt</span> <span class='ocrx_word' id='word_1_117' title='bbox 604 902 691 940; x_wconf 85' lang='lat' dir='ltr'>cognate,·</span> <span class='ocrx_word' id='word_1_118' title='bbox 703 896 780 940; x_wconf 88' lang='lat' dir='ltr'>insuper</span> <span class='ocrx_word' id='word_1_119' title='bbox 787 901 805 931; x_wconf 88' lang='lat' dir='ltr'>et</span> <span class='ocrx_word' id='word_1_120' title='bbox 813 896 848 932; x_wconf 89' lang='lat' dir='ltr'>alie</span> 
     </span>
     <span class='ocr_line' id='line_1_15' title="bbox 144 948 848 994; baseline 0.004 -12"><span class='ocrx_word' id='word_1_121' title='bbox 144 950 167 983; x_wconf 94' lang='lat' dir='ltr'>de</span> <span class='ocrx_word' id='word_1_122' title='bbox 182 953 223 983; x_wconf 88' lang='lat' dir='ltr'>cetu</span> <span class='ocrx_word' id='word_1_123' title='bbox 238 948 309 983; x_wconf 89' lang='lat' dir='ltr'>illarum</span> <span class='ocrx_word' id='word_1_124' title='bbox 326 949 448 994; x_wconf 84' lang='lat' dir='ltr'>quamplures.</span> <span class='ocrx_word' id='word_1_125' title='bbox 483 949 540 983; x_wconf 91' lang='lat' dir='ltr'>Porro</span> <span class='ocrx_word' id='word_1_126' title='bbox 556 949 633 984; x_wconf 88' lang='lat' dir='ltr'>ducente</span> <span class='ocrx_word' id='word_1_127' title='bbox 648 948 688 984; x_wconf 92' lang='lat' dir='ltr'>illas</span> <span class='ocrx_word' id='word_1_128' title='bbox 704 949 759 984; x_wconf 92' lang='lat' dir='ltr'>Ihesu</span> <span class='ocrx_word' id='word_1_129' title='bbox 775 949 848 985; x_wconf 83' lang='lat' dir='ltr'>Christo</span> 
     </span>
     <span class='ocr_line' id='line_1_16' title="bbox 117 1001 848 1047; baseline 0.007 -14"><span class='ocrx_word' id='word_1_130' title='bbox 117 1012 135 1043; x_wconf 84' lang='lat'>15</span> <span class='ocrx_word' id='word_1_131' title='bbox 145 1001 207 1037; x_wconf 90' lang='lat' dir='ltr'>celesti</span> <span class='ocrx_word' id='word_1_132' title='bbox 221 1001 251 1046; x_wconf 92' lang='lat' dir='ltr'>pio</span> <span class='ocrx_word' id='word_1_133' title='bbox 266 1003 318 1046; x_wconf 90' lang='lat' dir='ltr'>duce,</span> <span class='ocrx_word' id='word_1_134' title='bbox 330 1003 480 1047; x_wconf 89' lang='lat' dir='ltr'>gubernanteque</span> <span class='ocrx_word' id='word_1_135' title='bbox 494 1013 525 1037; x_wconf 88' lang='lat' dir='ltr'>eas</span> <span class='ocrx_word' id='word_1_136' title='bbox 539 1002 602 1036; x_wconf 93' lang='lat' dir='ltr'>mundi</span> <span class='ocrx_word' id='word_1_137' title='bbox 615 1001 679 1047; x_wconf 83' lang='lat' dir='ltr'>regina</span> <span class='ocrx_word' id='word_1_138' title='bbox 692 1013 767 1047; x_wconf 88' lang='lat' dir='ltr'>semper</span> <span class='ocrx_word' id='word_1_139' title='bbox 777 1002 848 1047; x_wconf 83' lang='lat' dir='ltr'>virgine</span> 
     </span>
     <span class='ocr_line' id='line_1_17' title="bbox 145 1054 848 1100; baseline 0 -10"><span class='ocrx_word' id='word_1_140' title='bbox 145 1054 208 1098; x_wconf 88' lang='lat' dir='ltr'>Maria,</span> <span class='ocrx_word' id='word_1_141' title='bbox 222 1056 283 1089; x_wconf 90' lang='lat' dir='ltr'>denuo</span> <span class='ocrx_word' id='word_1_142' title='bbox 298 1060 420 1090; x_wconf 91' lang='lat' dir='ltr'>reuertuntur.</span> <span class='ocrx_word' id='word_1_143' title='bbox 444 1056 511 1090; x_wconf 91' lang='lat' dir='ltr'>Inanes</span> <span class='ocrx_word' id='word_1_144' title='bbox 526 1055 617 1100; x_wconf 88' lang='lat' dir='ltr'>siquidem</span> <span class='ocrx_word' id='word_1_145' title='bbox 633 1061 651 1090; x_wconf 93' lang='lat' dir='ltr'>et</span> <span class='ocrx_word' id='word_1_146' title='bbox 663 1067 720 1090; x_wconf 90' lang='lat' dir='ltr'>vacue</span> <span class='ocrx_word' id='word_1_147' title='bbox 736 1055 796 1090; x_wconf 88' lang='lat' dir='ltr'>redire</span> <span class='ocrx_word' id='word_1_148' title='bbox 811 1067 848 1091; x_wconf 89' lang='lat' dir='ltr'>non</span> 
     </span>
     <span class='ocr_line' id='line_1_18' title="bbox 144 1108 849 1151; baseline 0.003 -11"><span class='ocrx_word' id='word_1_149' title='bbox 144 1114 234 1151; x_wconf 83' lang='lat' dir='ltr'>poterant,</span> <span class='ocrx_word' id='word_1_150' title='bbox 246 1108 333 1150; x_wconf 88' lang='lat' dir='ltr'>quoniam</span> <span class='ocrx_word' id='word_1_151' title='bbox 346 1115 391 1141; x_wconf 89' lang='lat' dir='ltr'>nutu</span> <span class='ocrx_word' id='word_1_152' title='bbox 402 1108 432 1141; x_wconf 89' lang='lat' dir='ltr'>dei</span> <span class='ocrx_word' id='word_1_153' title='bbox 446 1114 570 1151; x_wconf 87' lang='lat' dir='ltr'>preceptoque</span> <span class='ocrx_word' id='word_1_154' title='bbox 583 1108 646 1141; x_wconf 87' lang='lat' dir='ltr'>diuino</span> <span class='ocrx_word' id='word_1_155' title='bbox 659 1108 694 1142; x_wconf 85' lang='lat' dir='ltr'>iter</span> <span class='ocrx_word' id='word_1_156' title='bbox 705 1108 753 1142; x_wconf 88' lang='lat' dir='ltr'>istud</span> <span class='ocrx_word' id='word_1_157' title='bbox 767 1109 849 1151; x_wconf 84' lang='lat' dir='ltr'>perfece-</span> 
     </span>
    </p>
   </div>
   <div class='ocr_carea' id='block_1_3' title="bbox 118 1161 848 1312">
    <p class='ocr_par' dir='ltr' id='par_1_3' title="bbox 118 1161 848 1312">
     <span class='ocr_line' id='line_1_19' title="bbox 145 1161 848 1206; baseline 0.003 -12"><span class='ocrx_word' id='word_1_158' title='bbox 145 1166 192 1194; x_wconf 89' lang='lat' dir='ltr'>runt.</span> <span class='ocrx_word' id='word_1_159' title='bbox 215 1161 265 1195; x_wconf 89' lang='lat' dir='ltr'>Sane</span> <span class='ocrx_word' id='word_1_160' title='bbox 280 1163 341 1195; x_wconf 89' lang='lat' dir='ltr'>eundo</span> <span class='ocrx_word' id='word_1_161' title='bbox 357 1162 436 1195; x_wconf 88' lang='lat' dir='ltr'>Romam</span> <span class='ocrx_word' id='word_1_162' title='bbox 452 1166 470 1195; x_wconf 89' lang='lat' dir='ltr'>et</span> <span class='ocrx_word' id='word_1_163' title='bbox 485 1162 585 1203; x_wconf 90' lang='lat' dir='ltr'>redeundo,</span> <span class='ocrx_word' id='word_1_164' title='bbox 598 1161 648 1195; x_wconf 80' lang='lat' dir='ltr'>iuxta</span> <span class='ocrx_word' id='word_1_165' title='bbox 662 1161 738 1206; x_wconf 87' lang='lat' dir='ltr'>virginis</span> <span class='ocrx_word' id='word_1_166' title='bbox 754 1161 848 1196; x_wconf 87' lang='lat' dir='ltr'>Elizabeth</span> 
     </span>
     <span class='ocr_line' id='line_1_20' title="bbox 145 1213 848 1259; baseline 0.001 -10"><span class='ocrx_word' id='word_1_167' title='bbox 145 1215 193 1249; x_wconf 91' lang='lat' dir='ltr'>bone</span> <span class='ocrx_word' id='word_1_168' title='bbox 210 1215 297 1250; x_wconf 89' lang='lat' dir='ltr'>memorie</span> <span class='ocrx_word' id='word_1_169' title='bbox 312 1214 407 1256; x_wconf 87' lang='lat' dir='ltr'>visionem,</span> <span class='ocrx_word' id='word_1_170' title='bbox 422 1215 485 1258; x_wconf 90' lang='lat' dir='ltr'>plures</span> <span class='ocrx_word' id='word_1_171' title='bbox 502 1214 538 1249; x_wconf 91' lang='lat' dir='ltr'>illis</span> <span class='ocrx_word' id='word_1_172' title='bbox 555 1213 635 1250; x_wconf 88' lang='lat' dir='ltr'>adiuncti</span> <span class='ocrx_word' id='word_1_173' title='bbox 653 1220 696 1250; x_wconf 88' lang='lat' dir='ltr'>sunt</span> <span class='ocrx_word' id='word_1_174' title='bbox 715 1214 848 1259; x_wconf 88' lang='lat' dir='ltr'>episcoporum,</span> 
     </span>
     <span class='ocr_line' id='line_1_21' title="bbox 118 1266 550 1312; baseline -0.005 -8"><span class='ocrx_word' id='word_1_175' title='bbox 118 1282 137 1304; x_wconf 83' lang='lat'>20</span> <span class='ocrx_word' id='word_1_176' title='bbox 145 1266 215 1302; x_wconf 92' lang='lat' dir='ltr'>itineris</span> <span class='ocrx_word' id='word_1_177' title='bbox 223 1279 286 1302; x_wconf 89' lang='lat' dir='ltr'>earum</span> <span class='ocrx_word' id='word_1_178' title='bbox 295 1273 313 1303; x_wconf 92' lang='lat' dir='ltr'>et</span> <span class='ocrx_word' id='word_1_179' title='bbox 321 1279 389 1302; x_wconf 88' lang='lat' dir='ltr'>corone</span> <span class='ocrx_word' id='word_1_180' title='bbox 397 1268 439 1302; x_wconf 88' lang='lat' dir='ltr'>facti</span> <span class='ocrx_word' id='word_1_181' title='bbox 446 1267 550 1312; x_wconf 82' lang='lat' dir='ltr'>participes.</span> 
     </span>
    </p>
   </div>
   <div class='ocr_carea' id='block_1_4' title="bbox 152 1371 844 1471">
    <p class='ocr_par' dir='ltr' id='par_1_4' title="bbox 152 1371 844 1471">
     <span class='ocr_line' id='line_1_22' title="bbox 152 1371 844 1416; baseline 0.001 -11"><span class='ocrx_word' id='word_1_182' title='bbox 152 1373 165 1409; x_wconf 70' lang='lat' dir='ltr'>il</span> <span class='ocrx_word' id='word_1_183' title='bbox 175 1371 229 1413; x_wconf 83' lang='lat' dir='ltr'>Quod</span> <span class='ocrx_word' id='word_1_184' title='bbox 237 1372 339 1406; x_wconf 85' lang='lat' dir='ltr'>cardinales</span> <span class='ocrx_word' id='word_1_185' title='bbox 347 1373 383 1406; x_wconf 94' lang='lat' dir='ltr'>duo</span> <span class='ocrx_word' id='word_1_186' title='bbox 391 1377 409 1406; x_wconf 90' lang='lat' dir='ltr'>et</span> <span class='ocrx_word' id='word_1_187' title='bbox 417 1372 510 1416; x_wconf 87' lang='lat' dir='ltr'>principes</span> <span class='ocrx_word' id='word_1_188' title='bbox 518 1372 554 1405; x_wconf 91' lang='lat' dir='ltr'>duo</span> <span class='ocrx_word' id='word_1_189' title='bbox 562 1382 604 1406; x_wconf 88' lang='lat' dir='ltr'>cum</span> <span class='ocrx_word' id='word_1_190' title='bbox 612 1371 653 1406; x_wconf 93' lang='lat' dir='ltr'>aliis</span> <span class='ocrx_word' id='word_1_191' title='bbox 661 1372 770 1416; x_wconf 87' lang='lat' dir='ltr'>quibusdam</span> <span class='ocrx_word' id='word_1_192' title='bbox 777 1382 844 1416; x_wconf 90' lang='lat' dir='ltr'>papam</span> 
     </span>
     <span class='ocr_line' id='line_1_23' title="bbox 180 1425 813 1471; baseline 0.002 -12"><span class='ocrx_word' id='word_1_193' title='bbox 180 1425 271 1460; x_wconf 89' lang='lat' dir='ltr'>Ciriacum</span> <span class='ocrx_word' id='word_1_194' title='bbox 279 1432 386 1471; x_wconf 89' lang='lat' dir='ltr'>sequuntur,</span> <span class='ocrx_word' id='word_1_195' title='bbox 393 1431 412 1460; x_wconf 90' lang='lat' dir='ltr'>et</span> <span class='ocrx_word' id='word_1_196' title='bbox 420 1427 469 1470; x_wconf 91' lang='lat' dir='ltr'>quod</span> <span class='ocrx_word' id='word_1_197' title='bbox 478 1425 575 1470; x_wconf 85' lang='lat' dir='ltr'>Maguncie</span> <span class='ocrx_word' id='word_1_198' title='bbox 583 1425 690 1460; x_wconf 79' lang='lat' dir='ltr'>Olofernem</span> <span class='ocrx_word' id='word_1_199' title='bbox 697 1425 813 1461; x_wconf 91' lang='lat' dir='ltr'>inuenerunt.</span> 
     </span>
    </p>
   </div>
   <div class='ocr_carea' id='block_1_5' title="bbox 121 1491 852 2444">
    <p class='ocr_par' dir='ltr' id='par_1_5' title="bbox 147 1491 850 1701">
     <span class='ocr_line' id='line_1_24' title="bbox 169 1491 849 1544; baseline 0 -10"><span class='ocrx_word' id='word_1_200' title='bbox 169 1491 229 1535; x_wconf 86' lang='lat' dir='ltr'>Beato</span> <span class='ocrx_word' id='word_1_201' title='bbox 241 1499 331 1544; x_wconf 90' lang='lat' dir='ltr'>siquidem</span> <span class='ocrx_word' id='word_1_202' title='bbox 344 1499 414 1534; x_wconf 85' lang='lat' dir='ltr'>Ciriaco</span> <span class='ocrx_word' id='word_1_203' title='bbox 425 1510 473 1544; x_wconf 88' lang='lat' dir='ltr'>pape</span> <span class='ocrx_word' id='word_1_204' title='bbox 486 1500 596 1544; x_wconf 84' lang='lat' dir='ltr'>subrogatur</span> <span class='ocrx_word' id='word_1_205' title='bbox 607 1498 626 1534; x_wconf 93' lang='lat' dir='ltr'>in</span> <span class='ocrx_word' id='word_1_206' title='bbox 639 1510 733 1534; x_wconf 91' lang='lat' dir='ltr'>summum</span> <span class='ocrx_word' id='word_1_207' title='bbox 744 1499 849 1544; x_wconf 86' lang='lat' dir='ltr'>pontificem</span> 
     </span>
     <span class='ocr_line' id='line_1_25' title="bbox 148 1552 850 1596; baseline 0.001 -11"><span class='ocrx_word' id='word_1_208' title='bbox 148 1552 257 1596; x_wconf 76' lang='lat' dir='ltr'>[Hilarius]⁷</span> <span class='ocrx_word' id='word_1_209' title='bbox 268 1553 296 1587; x_wconf 91' lang='lat' dir='ltr'>vir</span> <span class='ocrx_word' id='word_1_210' title='bbox 308 1553 391 1596; x_wconf 90' lang='lat' dir='ltr'>prudens</span> <span class='ocrx_word' id='word_1_211' title='bbox 403 1558 421 1586; x_wconf 93' lang='lat' dir='ltr'>et</span> <span class='ocrx_word' id='word_1_212' title='bbox 434 1554 493 1587; x_wconf 90' lang='lat' dir='ltr'>bonus</span> <span class='ocrx_word' id='word_1_213' title='bbox 507 1553 599 1596; x_wconf 89' lang='lat' dir='ltr'>multaque</span> <span class='ocrx_word' id='word_1_214' title='bbox 612 1563 684 1586; x_wconf 90' lang='lat' dir='ltr'>morum</span> <span class='ocrx_word' id='word_1_215' title='bbox 698 1552 794 1586; x_wconf 89' lang='lat' dir='ltr'>honestate</span> <span class='ocrx_word' id='word_1_216' title='bbox 807 1562 850 1586; x_wconf 88' lang='lat' dir='ltr'>con·</span> 
     </span>
     <span class='ocr_line' id='line_1_26' title="bbox 147 1604 850 1649; baseline -0.001 -10"><span class='ocrx_word' id='word_1_217' title='bbox 147 1605 232 1649; x_wconf 70' lang='lat' dir='ltr'>spicuus3</span> <span class='ocrx_word' id='word_1_218' title='bbox 245 1604 291 1639; x_wconf 91' lang='lat' dir='ltr'>mire</span> <span class='ocrx_word' id='word_1_219' title='bbox 301 1616 346 1639; x_wconf 87' lang='lat' dir='ltr'>vero</span> <span class='ocrx_word' id='word_1_220' title='bbox 353 1605 386 1639; x_wconf 87' lang='lat' dir='ltr'>fuit</span> <span class='ocrx_word' id='word_1_221' title='bbox 395 1604 510 1647; x_wconf 89' lang='lat' dir='ltr'>abstinentie,</span> <span class='ocrx_word' id='word_1_222' title='bbox 518 1610 580 1639; x_wconf 86' lang='lat' dir='ltr'>castus</span> <span class='ocrx_word' id='word_1_223' title='bbox 591 1610 662 1638; x_wconf 89' lang='lat' dir='ltr'>amator</span> <span class='ocrx_word' id='word_1_224' title='bbox 672 1604 702 1639; x_wconf 89' lang='lat' dir='ltr'>dei</span> <span class='ocrx_word' id='word_1_225' title='bbox 712 1610 730 1638; x_wconf 91' lang='lat' dir='ltr'>et</span> <span class='ocrx_word' id='word_1_226' title='bbox 741 1615 850 1649; x_wconf 86' lang='lat' dir='ltr'>pauperum.</span> 
     </span>
     <span class='ocr_line' id='line_1_27' title="bbox 148 1657 850 1701; baseline 0 -10"><span class='ocrx_word' id='word_1_227' title='bbox 148 1658 205 1692; x_wconf 93' lang='lat' dir='ltr'>Porro</span> <span class='ocrx_word' id='word_1_228' title='bbox 216 1658 290 1691; x_wconf 89' lang='lat' dir='ltr'>beatum</span> <span class='ocrx_word' id='word_1_229' title='bbox 303 1657 397 1700; x_wconf 74' lang='lat' dir='ltr'>[papam]⁷</span> <span class='ocrx_word' id='word_1_230' title='bbox 409 1658 499 1691; x_wconf 85' lang='lat' dir='ltr'>Ciriacum</span> <span class='ocrx_word' id='word_1_231' title='bbox 514 1658 551 1691; x_wconf 92' lang='lat' dir='ltr'>duo</span> <span class='ocrx_word' id='word_1_232' title='bbox 566 1662 667 1701; x_wconf 90' lang='lat' dir='ltr'>sequuntur</span> <span class='ocrx_word' id='word_1_233' title='bbox 683 1658 790 1700; x_wconf 86' lang='lat' dir='ltr'>cardinales,</span> <span class='ocrx_word' id='word_1_234' title='bbox 803 1657 850 1691; x_wconf 92' lang='lat' dir='ltr'>Pon-</span> 
     </span>
    </p>

    <p class='ocr_par' dir='ltr' id='par_1_6' title="bbox 121 1708 852 2444">
     <span class='ocr_line' id='line_1_28' title="bbox 121 1708 849 1754; baseline 0 -11"><span class='ocrx_word' id='word_1_235' title='bbox 121 1721 139 1750; x_wconf 82' lang='lat'>²5</span> <span class='ocrx_word' id='word_1_236' title='bbox 148 1712 186 1744; x_wconf 91' lang='lat' dir='ltr'>cius</span> <span class='ocrx_word' id='word_1_237' title='bbox 205 1714 224 1743; x_wconf 90' lang='lat' dir='ltr'>et</span> <span class='ocrx_word' id='word_1_238' title='bbox 236 1710 306 1752; x_wconf 88' lang='lat' dir='ltr'>Petrus,</span> <span class='ocrx_word' id='word_1_239' title='bbox 321 1721 399 1754; x_wconf 86' lang='lat' dir='ltr'>quorum</span> <span class='ocrx_word' id='word_1_240' title='bbox 414 1721 462 1744; x_wconf 85' lang='lat' dir='ltr'>unus</span> <span class='ocrx_word' id='word_1_241' title='bbox 477 1709 542 1743; x_wconf 87' lang='lat' dir='ltr'>Petrus</span> <span class='ocrx_word' id='word_1_242' title='bbox 557 1709 665 1743; x_wconf 88' lang='lat' dir='ltr'>Vincentius</span> <span class='ocrx_word' id='word_1_243' title='bbox 682 1710 781 1753; x_wconf 87' lang='lat' dir='ltr'>dicebatur,</span> <span class='ocrx_word' id='word_1_244' title='bbox 796 1708 849 1754; x_wconf 85' lang='lat' dir='ltr'>quia⁸</span> 
     </span>
     <span class='ocr_line' id='line_1_29' title="bbox 147 1762 850 1808; baseline -0.003 -9"><span class='ocrx_word' id='word_1_245' title='bbox 147 1763 258 1799; x_wconf 74' lang='lat' dir='ltr'>binominis⁹</span> <span class='ocrx_word' id='word_1_246' title='bbox 269 1769 312 1799; x_wconf 88' lang='lat' dir='ltr'>erat.</span> <span class='ocrx_word' id='word_1_247' title='bbox 342 1764 449 1808; x_wconf 89' lang='lat' dir='ltr'>Sequuntur</span> <span class='ocrx_word' id='word_1_248' title='bbox 460 1769 478 1799; x_wconf 87' lang='lat' dir='ltr'>et</span> <span class='ocrx_word' id='word_1_249' title='bbox 489 1763 530 1799; x_wconf 92' lang='lat' dir='ltr'>illos</span> <span class='ocrx_word' id='word_1_250' title='bbox 542 1763 613 1799; x_wconf 91' lang='lat' dir='ltr'>diaconi</span> <span class='ocrx_word' id='word_1_251' title='bbox 625 1764 667 1807; x_wconf 90' lang='lat' dir='ltr'>duo,</span> <span class='ocrx_word' id='word_1_252' title='bbox 678 1764 763 1799; x_wconf 86' lang='lat' dir='ltr'>Kalixtus</span> <span class='ocrx_word' id='word_1_253' title='bbox 775 1769 793 1799; x_wconf 91' lang='lat' dir='ltr'>et</span> <span class='ocrx_word' id='word_1_254' title='bbox 805 1762 850 1798; x_wconf 89' lang='lat' dir='ltr'>Kili-</span> 
     </span>
     <span class='ocr_line' id='line_1_30' title="bbox 147 1817 850 1861; baseline -0.003 -9"><span class='ocrx_word' id='word_1_255' title='bbox 147 1828 204 1852; x_wconf 89' lang='lat' dir='ltr'>anus:</span> <span class='ocrx_word' id='word_1_256' title='bbox 217 1818 282 1851; x_wconf 90' lang='lat' dir='ltr'>horum</span> <span class='ocrx_word' id='word_1_257' title='bbox 293 1817 342 1861; x_wconf 91' lang='lat' dir='ltr'>prior</span> <span class='ocrx_word' id='word_1_258' title='bbox 350 1818 398 1851; x_wconf 83' lang='lat' dir='ltr'>filius</span> <span class='ocrx_word' id='word_1_259' title='bbox 408 1823 446 1852; x_wconf 88' lang='lat' dir='ltr'>erat</span> <span class='ocrx_word' id='word_1_260' title='bbox 457 1817 526 1852; x_wconf 90' lang='lat' dir='ltr'>sororis</span> <span class='ocrx_word' id='word_1_261' title='bbox 536 1818 601 1852; x_wconf 89' lang='lat' dir='ltr'>Ciriaci</span> <span class='ocrx_word' id='word_1_262' title='bbox 611 1828 664 1861; x_wconf 88' lang='lat' dir='ltr'>pape,</span> <span class='ocrx_word' id='word_1_263' title='bbox 673 1823 690 1852; x_wconf 94' lang='lat' dir='ltr'>et</span> <span class='ocrx_word' id='word_1_264' title='bbox 701 1818 747 1852; x_wconf 89' lang='lat' dir='ltr'>alter</span> <span class='ocrx_word' id='word_1_265' title='bbox 758 1823 850 1861; x_wconf 83' lang='lat' dir='ltr'>cognatus.</span> 
     </span>
     <span class='ocr_line' id='line_1_31' title="bbox 148 1869 850 1912; baseline -0.001 -8"><span class='ocrx_word' id='word_1_266' title='bbox 148 1869 290 1904; x_wconf 89' lang='lat' dir='ltr'>Proficiscuntur</span> <span class='ocrx_word' id='word_1_267' title='bbox 301 1880 343 1904; x_wconf 90' lang='lat' dir='ltr'>cum</span> <span class='ocrx_word' id='word_1_268' title='bbox 355 1869 381 1904; x_wconf 91' lang='lat' dir='ltr'>eis</span> <span class='ocrx_word' id='word_1_269' title='bbox 394 1869 501 1904; x_wconf 88' lang='lat' dir='ltr'>subdiaconi</span> <span class='ocrx_word' id='word_1_270' title='bbox 511 1875 560 1905; x_wconf 82' lang='lat' dir='ltr'>tres:</span> <span class='ocrx_word' id='word_1_271' title='bbox 574 1870 689 1911; x_wconf 88' lang='lat' dir='ltr'>Ambrosius,</span> <span class='ocrx_word' id='word_1_272' title='bbox 700 1870 786 1912; x_wconf 90' lang='lat' dir='ltr'>Iustinus,</span> <span class='ocrx_word' id='word_1_273' title='bbox 796 1875 850 1912; x_wconf 88' lang='lat' dir='ltr'>atque</span> 
     </span>
     <span class='ocr_line' id='line_1_32' title="bbox 148 1921 851 1967; baseline -0.001 -10"><span class='ocrx_word' id='word_1_274' title='bbox 148 1923 268 1958; x_wconf 88' lang='lat' dir='ltr'>Christianus.</span> <span class='ocrx_word' id='word_1_275' title='bbox 291 1923 406 1967; x_wconf 88' lang='lat' dir='ltr'>Sequebatur</span> <span class='ocrx_word' id='word_1_276' title='bbox 421 1923 504 1957; x_wconf 89' lang='lat' dir='ltr'>similiter</span> <span class='ocrx_word' id='word_1_277' title='bbox 519 1934 562 1957; x_wconf 91' lang='lat' dir='ltr'>eum</span> <span class='ocrx_word' id='word_1_278' title='bbox 577 1924 641 1957; x_wconf 90' lang='lat' dir='ltr'>beatus</span> <span class='ocrx_word' id='word_1_279' title='bbox 657 1923 760 1957; x_wconf 89' lang='lat' dir='ltr'>Florentius</span> <span class='ocrx_word' id='word_1_280' title='bbox 773 1921 851 1957; x_wconf 83' lang='lat' dir='ltr'>ecclesie</span> 
     </span>
     <span class='ocr_line' id='line_1_33' title="bbox 121 1974 851 2021; baseline -0.004 -11"><span class='ocrx_word' id='word_1_281' title='bbox 121 1992 140 2020; x_wconf 76' lang='lat'>3⁰</span> <span class='ocrx_word' id='word_1_282' title='bbox 148 1988 223 2010; x_wconf 87' lang='lat' dir='ltr'>romane</span> <span class='ocrx_word' id='word_1_283' title='bbox 235 1976 377 2018; x_wconf 88' lang='lat' dir='ltr'>archidiaconus,</span> <span class='ocrx_word' id='word_1_284' title='bbox 389 1977 421 2020; x_wconf 91' lang='lat' dir='ltr'>qui</span> <span class='ocrx_word' id='word_1_285' title='bbox 434 1983 452 2010; x_wconf 91' lang='lat' dir='ltr'>et</span> <span class='ocrx_word' id='word_1_286' title='bbox 465 1978 505 2021; x_wconf 90' lang='lat' dir='ltr'>ipse</span> <span class='ocrx_word' id='word_1_287' title='bbox 519 1982 607 2020; x_wconf 82' lang='lat' dir='ltr'>cognatus</span> <span class='ocrx_word' id='word_1_288' title='bbox 618 1977 651 2009; x_wconf 87' lang='lat' dir='ltr'>fuit</span> <span class='ocrx_word' id='word_1_289' title='bbox 663 1977 746 2010; x_wconf 89' lang='lat' dir='ltr'>eiusdem</span> <span class='ocrx_word' id='word_1_290' title='bbox 757 1974 851 2020; x_wconf 86' lang='lat' dir='ltr'>apostolici</span> 
     </span>
     <span class='ocr_line' id='line_1_34' title="bbox 150 2029 850 2074; baseline -0.004 -10"><span class='ocrx_word' id='word_1_291' title='bbox 150 2031 191 2072; x_wconf 87' lang='lat' dir='ltr'>(¹⁰et</span> <span class='ocrx_word' id='word_1_292' title='bbox 202 2041 236 2064; x_wconf 80' lang='lat' dir='ltr'>sex</span> <span class='ocrx_word' id='word_1_293' title='bbox 248 2030 326 2063; x_wconf 88' lang='lat' dir='ltr'>filiarum</span> <span class='ocrx_word' id='word_1_294' title='bbox 339 2030 438 2074; x_wconf 90' lang='lat' dir='ltr'>supradicti</span> <span class='ocrx_word' id='word_1_295' title='bbox 451 2030 523 2064; x_wconf 86' lang='lat' dir='ltr'>comitis</span> <span class='ocrx_word' id='word_1_296' title='bbox 536 2030 635 2074; x_wconf 84' lang='lat' dir='ltr'>vxorisque</span> <span class='ocrx_word' id='word_1_297' title='bbox 650 2030 728 2073; x_wconf 79' lang='lat' dir='ltr'>illius¹⁰).</span> <span class='ocrx_word' id='word_1_298' title='bbox 757 2029 850 2073; x_wconf 87' lang='lat' dir='ltr'>Principes</span> 
     </span>
     <span class='ocr_line' id='line_1_35' title="bbox 148 2082 851 2127; baseline -0.001 -10"><span class='ocrx_word' id='word_1_299' title='bbox 148 2084 203 2118; x_wconf 86' lang='lat' dir='ltr'>etiam</span> <span class='ocrx_word' id='word_1_300' title='bbox 215 2084 251 2117; x_wconf 91' lang='lat' dir='ltr'>duo</span> <span class='ocrx_word' id='word_1_301' title='bbox 262 2083 395 2117; x_wconf 87' lang='lat' dir='ltr'>comitabantur</span> <span class='ocrx_word' id='word_1_302' title='bbox 403 2094 444 2117; x_wconf 86' lang='lat' dir='ltr'>oum</span> <span class='ocrx_word' id='word_1_303' title='bbox 455 2083 488 2125; x_wconf 89' lang='lat' dir='ltr'>eis,</span> <span class='ocrx_word' id='word_1_304' title='bbox 496 2088 571 2117; x_wconf 88' lang='lat' dir='ltr'>sanctus</span> <span class='ocrx_word' id='word_1_305' title='bbox 582 2083 676 2127; x_wconf 86' lang='lat' dir='ltr'>Eugenius</span> <span class='ocrx_word' id='word_1_306' title='bbox 684 2089 702 2117; x_wconf 91' lang='lat' dir='ltr'>et</span> <span class='ocrx_word' id='word_1_307' title='bbox 710 2084 776 2117; x_wconf 86' lang='lat' dir='ltr'>beatus</span> <span class='ocrx_word' id='word_1_308' title='bbox 786 2082 851 2116; x_wconf 89' lang='lat' dir='ltr'>Nicho-</span> 
     </span>
     <span class='ocr_line' id='line_1_36' title="bbox 149 2135 851 2179; baseline -0.004 -11"><span class='ocrx_word' id='word_1_309' title='bbox 149 2141 222 2177; x_wconf 84' lang='lat' dir='ltr'>stratus,</span> <span class='ocrx_word' id='word_1_310' title='bbox 236 2135 295 2179; x_wconf 91' lang='lat' dir='ltr'>parati</span> <span class='ocrx_word' id='word_1_311' title='bbox 310 2140 328 2168; x_wconf 85' lang='lat' dir='ltr'>et</span> <span class='ocrx_word' id='word_1_312' title='bbox 343 2135 378 2179; x_wconf 90' lang='lat' dir='ltr'>ipsi</span> <span class='ocrx_word' id='word_1_313' title='bbox 392 2147 429 2168; x_wconf 90' lang='lat' dir='ltr'>vna</span> <span class='ocrx_word' id='word_1_314' title='bbox 444 2147 486 2168; x_wconf 90' lang='lat' dir='ltr'>cum</span> <span class='ocrx_word' id='word_1_315' title='bbox 500 2135 601 2178; x_wconf 85' lang='lat' dir='ltr'>virginibus</span> <span class='ocrx_word' id='word_1_316' title='bbox 616 2135 687 2168; x_wconf 87' lang='lat' dir='ltr'>animas</span> <span class='ocrx_word' id='word_1_317' title='bbox 702 2147 746 2169; x_wconf 88' lang='lat' dir='ltr'>suas</span> <span class='ocrx_word' id='word_1_318' title='bbox 761 2136 805 2168; x_wconf 86' lang='lat' dir='ltr'>dare</span> <span class='ocrx_word' id='word_1_319' title='bbox 818 2144 851 2178; x_wconf 91' lang='lat' dir='ltr'>pro</span> 
     </span>
     <span class='ocr_line' id='line_1_37' title="bbox 150 2188 851 2233; baseline -0.006 -10"><span class='ocrx_word' id='word_1_320' title='bbox 150 2188 228 2223; x_wconf 88' lang='lat' dir='ltr'>Christo.</span> <span class='ocrx_word' id='word_1_321' title='bbox 241 2188 324 2232; x_wconf 88' lang='lat' dir='ltr'>Denique</span> <span class='ocrx_word' id='word_1_322' title='bbox 329 2193 347 2222; x_wconf 91' lang='lat' dir='ltr'>et</span> <span class='ocrx_word' id='word_1_323' title='bbox 353 2194 424 2233; x_wconf 89' lang='lat' dir='ltr'>septem</span> <span class='ocrx_word' id='word_1_324' title='bbox 431 2190 454 2223; x_wconf 91' lang='lat' dir='ltr'>de</span> <span class='ocrx_word' id='word_1_325' title='bbox 460 2188 527 2223; x_wconf 83' lang='lat' dir='ltr'>familia</span> <span class='ocrx_word' id='word_1_326' title='bbox 533 2188 616 2232; x_wconf 86' lang='lat' dir='ltr'>[ipsius]⁷</span> <span class='ocrx_word' id='word_1_327' title='bbox 623 2199 671 2232; x_wconf 89' lang='lat' dir='ltr'>pape</span> <span class='ocrx_word' id='word_1_328' title='bbox 677 2188 749 2233; x_wconf 90' lang='lat' dir='ltr'>sequuti</span> <span class='ocrx_word' id='word_1_329' title='bbox 755 2193 798 2223; x_wconf 87' lang='lat' dir='ltr'>sunt</span> <span class='ocrx_word' id='word_1_330' title='bbox 804 2196 851 2222; x_wconf 90' lang='lat' dir='ltr'>eum.</span> 
     </span>
     <span class='ocr_line' id='line_1_38' title="bbox 123 2241 851 2285; baseline -0.004 -9"><span class='ocrx_word' id='word_1_331' title='bbox 123 2249 141 2279; x_wconf 76' lang='lat'>55</span> <span class='ocrx_word' id='word_1_332' title='bbox 151 2243 207 2276; x_wconf 90' lang='lat' dir='ltr'>Porro</span> <span class='ocrx_word' id='word_1_333' title='bbox 221 2246 303 2275; x_wconf 90' lang='lat' dir='ltr'>matrona</span> <span class='ocrx_word' id='word_1_334' title='bbox 314 2243 393 2285; x_wconf 91' lang='lat' dir='ltr'>quedam</span> <span class='ocrx_word' id='word_1_335' title='bbox 406 2242 472 2276; x_wconf 91' lang='lat' dir='ltr'>nobilis</span> <span class='ocrx_word' id='word_1_336' title='bbox 484 2242 524 2276; x_wconf 92' lang='lat' dir='ltr'>eius</span> <span class='ocrx_word' id='word_1_337' title='bbox 538 2241 605 2285; x_wconf 84' lang='lat' dir='ltr'>neptis,</span> <span class='ocrx_word' id='word_1_338' title='bbox 617 2253 653 2285; x_wconf 89' lang='lat' dir='ltr'>que</span> <span class='ocrx_word' id='word_1_339' title='bbox 666 2242 714 2276; x_wconf 90' lang='lat' dir='ltr'>dicta</span> <span class='ocrx_word' id='word_1_340' title='bbox 727 2247 755 2277; x_wconf 90' lang='lat' dir='ltr'>est</span> <span class='ocrx_word' id='word_1_341' title='bbox 769 2242 851 2276; x_wconf 92' lang='lat' dir='ltr'>Herren-</span> 
     </span>
     <span class='ocr_line' id='line_1_39' title="bbox 150 2294 851 2340; baseline -0.004 -11"><span class='ocrx_word' id='word_1_342' title='bbox 150 2294 217 2340; x_wconf 87' lang='lat' dir='ltr'>gardis,</span> <span class='ocrx_word' id='word_1_343' title='bbox 229 2305 270 2328; x_wconf 91' lang='lat' dir='ltr'>cum</span> <span class='ocrx_word' id='word_1_344' title='bbox 283 2295 319 2329; x_wconf 87' lang='lat' dir='ltr'>filia</span> <span class='ocrx_word' id='word_1_345' title='bbox 333 2305 366 2329; x_wconf 84' lang='lat' dir='ltr'>sua</span> <span class='ocrx_word' id='word_1_346' title='bbox 379 2300 397 2329; x_wconf 93' lang='lat' dir='ltr'>et</span> <span class='ocrx_word' id='word_1_347' title='bbox 408 2295 466 2330; x_wconf 92' lang='lat' dir='ltr'>tribus</span> <span class='ocrx_word' id='word_1_348' title='bbox 479 2306 522 2330; x_wconf 88' lang='lat' dir='ltr'>eum</span> <span class='ocrx_word' id='word_1_349' title='bbox 535 2296 646 2339; x_wconf 91' lang='lat' dir='ltr'>sequebatur</span> <span class='ocrx_word' id='word_1_350' title='bbox 657 2295 728 2339; x_wconf 88' lang='lat' dir='ltr'>puellis.</span> <span class='ocrx_word' id='word_1_351' title='bbox 756 2294 851 2329; x_wconf 84' lang='lat' dir='ltr'>Exercitus</span> 
     </span>
     <span class='ocr_line' id='line_1_40' title="bbox 150 2346 852 2391; baseline -0.006 -9"><span class='ocrx_word' id='word_1_352' title='bbox 150 2349 211 2391; x_wconf 88' lang='lat' dir='ltr'>itaque</span> <span class='ocrx_word' id='word_1_353' title='bbox 225 2347 293 2380; x_wconf 78' lang='lat' dir='ltr'>Christi</span> <span class='ocrx_word' id='word_1_354' title='bbox 307 2353 369 2380; x_wconf 87' lang='lat' dir='ltr'>tantus</span> <span class='ocrx_word' id='word_1_355' title='bbox 383 2348 475 2391; x_wconf 84' lang='lat' dir='ltr'>virginum</span> <span class='ocrx_word' id='word_1_356' title='bbox 490 2354 509 2381; x_wconf 85' lang='lat' dir='ltr'>et</span> <span class='ocrx_word' id='word_1_357' title='bbox 523 2354 561 2381; x_wconf 90' lang='lat' dir='ltr'>tam</span> <span class='ocrx_word' id='word_1_358' title='bbox 576 2348 681 2381; x_wconf 84' lang='lat' dir='ltr'>sublimium</span> <span class='ocrx_word' id='word_1_359' title='bbox 694 2359 816 2391; x_wconf 85' lang='lat' dir='ltr'>personarum</span> <span class='ocrx_word' id='word_1_360' title='bbox 829 2346 852 2379; x_wconf 93' lang='lat' dir='ltr'>de</span> 
     </span>
     <span class='ocr_line' id='line_1_41' title="bbox 151 2399 852 2444; baseline -0.006 -8"><span class='ocrx_word' id='word_1_361' title='bbox 151 2402 212 2437; x_wconf 87' lang='lat' dir='ltr'>Roma</span> <span class='ocrx_word' id='word_1_362' title='bbox 223 2399 341 2444; x_wconf 87' lang='lat' dir='ltr'>proficiscens</span> <span class='ocrx_word' id='word_1_363' title='bbox 349 2411 390 2435; x_wconf 90' lang='lat' dir='ltr'>cum</span> <span class='ocrx_word' id='word_1_364' title='bbox 398 2400 467 2444; x_wconf 86' lang='lat' dir='ltr'>ingenti</span> <span class='ocrx_word' id='word_1_365' title='bbox 476 2400 543 2444; x_wconf 87' lang='lat' dir='ltr'>gaudio</span> <span class='ocrx_word' id='word_1_366' title='bbox 551 2401 574 2435; x_wconf 89' lang='lat' dir='ltr'>ad</span> <span class='ocrx_word' id='word_1_367' title='bbox 582 2400 673 2436; x_wconf 89' lang='lat' dir='ltr'>ciuitatem</span> <span class='ocrx_word' id='word_1_368' title='bbox 680 2400 774 2436; x_wconf 87' lang='lat' dir='ltr'>Coloniam</span> <span class='ocrx_word' id='word_1_369' title='bbox 783 2399 852 2436; x_wconf 84' lang='lat' dir='ltr'>exulta·</span> 
     </span>
    </p>
   </div>
   <div class='ocr_carea' id='block_1_6' title="bbox 150 2515 853 2628">
    <p class='ocr_par' dir='ltr' id='par_1_7' title="bbox 150 2515 853 2628">
     <span class='ocr_line' id='line_1_42' title="bbox 170 2515 853 2555; baseline -0.007 -8"><span class='ocrx_word' id='word_1_370' title='bbox 170 2517 279 2555; x_wconf 82' lang='lat' dir='ltr'>1E.paratus.</span> <span class='ocrx_word' id='word_1_371' title='bbox 319 2515 416 2548; x_wconf 75' lang='lat' dir='ltr'>²0m.inB.</span> <span class='ocrx_word' id='word_1_372' title='bbox 457 2516 545 2555; x_wconf 79' lang='lat' dir='ltr'>³B.quod.</span> <span class='ocrx_word' id='word_1_373' title='bbox 578 2515 708 2548; x_wconf 84' lang='lat' dir='ltr'>⁴E.cathaloco.</span> <span class='ocrx_word' id='word_1_374' title='bbox 742 2517 777 2548; x_wconf 62' lang='grc' dir='ltr'>5Ε.</span> <span class='ocrx_word' id='word_1_375' title='bbox 785 2515 853 2547; x_wconf 82' lang='lat' dir='ltr'>Habeat.</span> 
     </span>
     <span class='ocr_line' id='line_1_43' title="bbox 150 2555 852 2628; baseline -0.006 -42"><span class='ocrx_word' id='word_1_376' title='bbox 150 2557 180 2628; x_wconf 46' lang='grc' dir='ltr'>’ἐξ</span> <span class='ocrx_word' id='word_1_377' title='bbox 190 2561 227 2627; x_wconf 58' lang='grc' dir='ltr'>ἰεῃῑ.Β</span> <span class='ocrx_word' id='word_1_378' title='bbox 257 2556 353 2587; x_wconf 82' lang='lat' dir='ltr'>⁷0m.inE.</span> <span class='ocrx_word' id='word_1_379' title='bbox 401 2556 490 2595; x_wconf 76' lang='lat' dir='ltr'>³B.quod.</span> <span class='ocrx_word' id='word_1_380' title='bbox 531 2556 541 2598; x_wconf 57' lang='grc' dir='ltr'><strong><em>ξ</em></strong></span> <span class='ocrx_word' id='word_1_381' title='bbox 552 2556 570 2587; x_wconf 94' lang='grc' dir='ltr'>Β.</span> <span class='ocrx_word' id='word_1_382' title='bbox 578 2556 660 2588; x_wconf 86' lang='lat' dir='ltr'>binomius.</span> <span class='ocrx_word' id='word_1_383' title='bbox 707 2555 852 2587; x_wconf 74' lang='lat' dir='ltr'>¹⁰·10et...iilius</span> 
     </span>
    </p>
   </div>
   <div class='ocr_carea' id='block_1_7' title="bbox 0 0 894 2803">
    <p class='ocr_par' dir='ltr' id='par_1_8' title="bbox 0 0 894 2803">
     <span class='ocr_line' id='line_1_44' title="bbox 0 0 894 2803; baseline 0 0"><span class='ocrx_word' id='word_1_384' title='bbox 0 0 894 2803; x_wconf 95' lang='lat' dir='ltr'> </span> 
     </span>
    </p>
   </div>
  </div>
 </body>
</html>
