1762 2803
127 138 170 184 37²
318 126 398 179 mona
414 122 530 187 tramae
545 123 638 187 anglie.

127 252 190 290 aperte
204 246 256 289 lego¹
267 245 286 278 in
295 245 406 278 conscientia
418 255 451 278 sua
464 251 482 280 et
494 245 536 288 vita,
548 245 682 280 confessionem
693 244 733 278 eius
745 243 767 278 ab
776 243 830 277 annis

127 299 228 344 puerilibus
239 309 298 343 vsque
310 309 359 331 nunc
371 297 467 341 audiendo,
479 299 526 333 sicut
538 310 571 333 vos
583 298 663 342 possetis
678 298 740 341 legere
752 297 771 331 in
783 297 830 330 libro

128 354 197 398 optime
208 353 281 395 scripto,
293 362 354 386 coram
366 352 423 385 oculis
434 353 501 386 vestris
512 358 581 397 aperto
605 352 633 394 Et,
640 358 660 386 vt
671 362 732 395 spero,
741 351 791 390 deus,
800 351 831 394 qui

128 417 170 440 eum
182 407 201 440 in
212 410 262 439 tanta
274 404 363 439 munditia
374 405 463 440 hactenns
475 405 576 447 custodiuit,
585 405 645 449 ipsum
657 409 746 450 perpetuo
757 414 831 438 conser-

111 475 119 503 5
128 460 187 493 nabit!
207 460 278 500 Corpus
286 468 340 491 suum
346 459 413 501 vigiliis
421 464 439 491 et
446 459 518 492 ieiuniis
526 459 629 498 macerauit,
638 469 704 501 aspero
712 456 769 490 cilicio
778 458 831 489 annis

127 510 212 555 plurimis
221 511 310 543 secretius
317 515 377 544 vtens.
420 501 505 545 Vacante
513 509 651 544 herefordensi²
659 510 741 551 ecclesia,
749 509 831 542 omnium

128 575 220 600 consensu
231 564 305 607 electus,
313 575 361 598 anno
372 564 442 599 domini
452 565 548 599 millesimo
559 565 684 599 ducentesimo
695 562 831 608 septuagesimo

128 618 191 663 quinto
200 618 219 651 in
228 618 335 662 episcopum
345 624 462 653 consecratus
474 622 507 653 est.
529 618 607 652 “Factus
618 623 646 651 est
657 628 701 660 ergo
712 617 766 660 longe
778 616 831 650 solito

128 671 187 714 magis
193 670 236 715 vigil
243 671 266 703 ad
273 681 341 712 curam,
347 682 384 705 non
392 671 454 714 segnis
462 672 485 705 ad
491 681 543 713 opus,
548 670 609 704 suauis
617 671 640 703 ad
647 680 718 712 mores;
728 680 831 713 pauperum

102 737 120 759 10
128 724 154 757 illi
167 734 211 757 cura
224 724 288 766 maior,
301 728 364 767 gestus
378 729 396 758 et
409 724 474 758 affatus
487 724 582 765 humilior;
595 722 613 756 in
627 722 775 766 persecutionum
789 731 831 765 per-

128 778 216 820 pessione
224 775 292 818 sortior,
298 776 317 810 in
324 776 394 811 iusticie
401 788 477 811 censura
484 776 604 816 inssenibilior‚
610 776 629 809 in
636 774 718 809 oratione
726 775 831 816 feruentior,

128 830 147 863 in
154 830 296 864 elemosinarum
303 830 398 873 largitione
405 830 502 874 perfectior
507 829 518 871 ⁴,
524 830 542 862 in
549 829 618 873 proprii
625 828 708 874 corporis
714 828 832 872 castigatione

129 883 225 927 rigidior³;
237 883 256 916 in
264 883 335 917 iuribus
340 884 417 917 ecclesie
426 883 552 925 defendendis,
560 889 578 917 et
586 883 608 916 ab
616 883 656 916 aliis
665 882 731 916 iniuste
739 882 832 925 occupatis

129 935 266 979 recuperandis,
278 947 320 969 cum
333 947 399 979 magna
411 936 496 969 instantia
509 936 606 969 laborabat.
629 935 683 968 Vnde
695 946 752 978 super
763 934 832 967 iuribus

103 1003 120 1032 15
129 988 283 1031 her[e]fordensis
297 988 374 1022 ecclesie
388 989 439 1032 graui
452 990 526 1022 suborta
541 987 621 1030 materia,
633 988 714 1022 decreuit
726 988 754 1021 vir
766 987 794 1021 dei
809 988 832 1020 ad

129 1052 223 1076 romanam
235 1041 304 1075 curiam
315 1051 336 1075 se
346 1043 452 1083 transferre,
461 1053 494 1086 pro
502 1052 583 1085 congruo
593 1052 649 1086 super
656 1040 761 1075 huiusmodi
769 1051 832 1084 graua-

129 1094 210 1128 minibus
220 1106 231 1128 a
240 1105 313 1127 summo
322 1094 409 1137 pontifice
420 1096 501 1129 remedio
512 1095 632 1138 impetrando.
656 1094 739 1138 Cumque
747 1104 784 1128 non
792 1094 833 1128 sine

129 1147 209 1190 magno⁶
220 1147 249 1181 sui
260 1146 343 1190 corporis
354 1147 461 1190 grauamine
473 1158 507 1191 per
518 1152 555 1181 tam
567 1148 620 1191 longa
632 1152 650 1181 et
664 1147 754 1181 laboriosa
767 1147 833 1180 itinera

130 1201 209 1233 Romam
216 1199 293 1240 veniret,
301 1210 312 1232 a
319 1210 367 1242 papa
376 1200 455 1233 Martino
463 1200 562 1233 honorilice
572 1205 670 1243 susceptus
678 1204 716 1233 est:
729 1205 747 1233 et
754 1199 833 1242 peractis

103 1267 122 1289 κο
130 1252 152 1287 ad
158 1257 221 1287 votum
229 1251 314 1294 negociis,
322 1251 365 1286 dum
374 1251 442 1286 rediret
451 1253 474 1286 ad
482 1252 559 1296 patriam
567 1263 625 1293 suam,
631 1251 742 1286 infirmitatis
750 1251 833 1286 molestia

129 1307 235 1349 depressus,
243 1305 292 1349 apud
301 1305 427 1339 Florentinum
439 1310 490 1339 ruxta
502 1304 584 1339 Montem
596 1305 610 1338 F
611 1304 696 1346 lasconis‚
706 1311 759 1339 sento
770 1305 833 1339 Nonas

129 1358 208 1393 octobris
214 1358 225 1402 Β,
232 1369 280 1392 anno
287 1357 356 1392 domini
362 1358 459 1393 millesimo
465 1360 590 1393 ducentesimo
596 1359 730 1403 octuagesim0⁷
738 1358 816 1402 septimo
822 1359 833 1402 ⁰,

130 1411 215 1456 migrauit
228 1412 251 1445 ad
265 1412 366 1446 dominum.
389 1413 473 1456 Cumque
486 1423 552 1456 corpus
565 1423 618 1447 suum
630 1424 664 1456 per
675 1423 709 1447 sex
720 1412 760 1447 dies
774 1417 834 1446 custo-

130 1466 205 1507 diretur,
217 1466 263 1499 odor
274 1465 396 1500 suauissimus
407 1466 526 1500 nihilominus
537 1467 560 1500 ab
573 1467 614 1509 ipso
628 1467 743 1510 procedebat.
767 1466 834 1500 Postea

104 1536 122 1565 ²5
130 1529 175 1553 vero
183 1529 224 1552 caro
233 1519 255 1550 ab
264 1518 336 1552 ossibus
347 1523 431 1561 separata
441 1518 459 1552 in
468 1519 544 1553 ecclesia
555 1518 613 1553 sancti
622 1518 687 1553 Seueri
698 1518 798 1553 honorifice
806 1524 834 1553 est

131 1571 203 1614 sepulta
209 1570 220 1612 ⁸,
233 1574 250 1603 et
262 1580 304 1604 ossa
317 1569 336 1603 in
348 1569 434 1614 Angliam
449 1571 471 1604 ad
484 1571 548 1605 sedern
561 1581 614 1605 suam
628 1582 662 1615 per
674 1575 700 1605 tot
712 1576 803 1605 terrarum
816 1576 834 1605 et

131 1623 188 1658 maris
196 1622 258 1667 spacia
266 1623 326 1657 delata
333 1629 381 1657 sunt.
426 1616 477 1659 Cum
485 1623 534 1658 enim
543 1636 585 1658 ossa
595 1629 658 1658 sancta
666 1624 727 1658 comiti
735 1624 834 1659 Glouernie

131 1678 214 1712 Gilberto
220 1678 243 1710 de
251 1676 309 1718 Clara,
316 1677 346 1720 qui
354 1677 415 1721 ipsum
424 1687 457 1721 pro
463 1677 533 1712 iuribus
541 1677 618 1712 ecclesie
627 1677 733 1722 satigauerat
741 1676 834 1713 laboribus

131 1736 149 1765 et
160 1729 248 1774 expensis
258 1730 326 1770 multis,
334 1729 353 1763 in
363 1730 428 1765 itinere
438 1730 537 1772 obuiarent,
546 1730 654 1774 sanguinem
665 1732 726 1765 statim
738 1731 756 1765 in
768 1742 835 1774 magna

104 1795 123 1823 30
131 1782 258 1816 habundancia
270 1782 378 1823 effuderunt,
390 1788 409 1817 vt
423 1794 471 1824 vasa,
483 1785 502 1816 in
516 1783 582 1826 quibus
598 1788 650 1816 erant
666 1783 725 1827 posita
738 1789 756 1817 et
769 1784 834 1826 delata,

131 1835 220 1879 sanguine
231 1835 322 1869 rubricata
333 1840 444 1878 apparerent
449 1836 460 1869 ³.
483 1836 524 1877 Quo
532 1836 576 1877 uiso,
585 1846 647 1869 comes
658 1835 724 1869 timore
732 1841 750 1870 et
758 1835 834 1870 horrore

130 1887 343 1933 percussus‚vniuersa¹⁰
348 1889 426 1923 ecclesie
433 1889 473 1923 iura
478 1888 684 1933 restituit,penitentiam
690 1900 724 1933 pro
730 1890 834 1924 commissis

131 1953 194 1984 agens.
247 1934 342 1975 iohannes
356 1942 405 1975 enim
418 1953 467 1985 papa
478 1942 577 1976 vicesimus
591 1944 684 1976 secundus
697 1948 780 1976 sanctum
796 1944 834 1987 epi-

132 2005 208 2038 scopum
220 1994 311 2028 Thomam
323 1995 418 2039 cathalogo
431 2001 535 2029 sanctorum
548 1995 662 2039 conscripsit,
676 2001 694 2029 et
707 2001 760 2029 sexto
776 2007 834 2030 nonas

105 2060 123 2089 35
131 2047 210 2082 octobris
218 2048 285 2081 festum
294 2047 333 2082 eius
341 2048 462 2091 solempniter
470 2048 558 2082 celebrari
567 2048 649 2082 instituit.
690 2042 783 2082 Miracula
790 2060 834 2082 vero

132 2110 168 2143 que
176 2105 218 2143 post
225 2099 295 2132 obitum
303 2099 343 2132 eius
351 2100 374 2132 ad
383 2100 456 2133 laudern
462 2105 480 2133 et
488 2101 578 2134 honorem
584 2100 664 2134 nominis
672 2101 700 2133 sui
708 2100 835 2144 peccatoribus

133 2153 229 2185 ostendere
240 2151 325 2194 dignatus
337 2157 365 2185 est
375 2152 492 2196 omnipotens
500 2152 590 2193 dominns,
599 2152 617 2186 in
626 2152 704 2187 diuersis
712 2153 835 2188 voluminibus

132 2205 151 2238 in
165 2205 205 2238 loco
219 2204 337 2248 requietionis
351 2205 390 2240 eius
401 2207 453 2250 quasi
463 2207 534 2241 infinita
544 2207 581 2241 vidi
588 2206 605 2241 ¹¹.
629 2207 680 2241 Inter
691 2219 727 2251 que
739 2208 836 2251 sexaginta

133 2265 215 2294 mortuos
227 2260 347 2303 resuscitauit,
360 2262 479 2305 quadraginta
490 2273 546 2296 vnum
558 2273 611 2297 cecos
623 2262 735 2304 illuminauit,
747 2264 836 2307 quinqua·

104 2329 125 2359 40
133 2313 183 2357 ginta
198 2313 245 2346 duos
260 2319 363 2347 contractos
378 2314 472 2349 valitudini
487 2316 571 2358 restituit,
585 2317 688 2358 paraliticos
700 2317 764 2360 viginti
778 2328 836 2351 vnum

133 2365 207 2406 curauit,
221 2369 239 2398 et
251 2375 304 2399 cecos
318 2370 336 2398 et
349 2372 410 2401 mutos
422 2368 485 2410 viginti
498 2373 536 2401 tres
548 2373 622 2411 recepta
635 2370 693 2403 salute
705 2375 766 2413 optata
780 2370 836 2403 deum

152 2470 255 2508 ¹Bolilegi.
301 2471 445 2504 ²Thersordensi.
486 2473 510 2491 Μ
520 2474 628 2504 Samewords
636 2475 651 2504 in
659 2476 676 2505 S.
684 2475 758 2505 Richard.
800 2474 836 2505 tal.

132 2512 216 2549 profusior.
261 2510 295 2541 ⁵13.
303 2521 364 2548 magna.
409 2513 553 2549 ⁸Amistake;he
561 2515 597 2543 died
605 2515 674 2553 onAug.
682 2523 707 2551 25,
716 2517 760 2545 1282.
800 2514 835 2545 Ἐ-

132 2551 244 2589 octuogcsimo.
298 2551 437 2590 tnsepultaest.
493 2553 645 2592 ⁹T.apparuerunt.
702 2554 713 2572 ¹⁰
724 2554 836 2586 E.vniucrsas.

132 2591 144 2610 ¹¹
156 2591 198 2621 Such
206 2591 284 2621 avolume
291 2592 305 2621 is
311 2593 328 2621 in
336 2592 396 2622 Eneter
403 2594 442 2623 Coll.
451 2593 494 2632 ort,
502 2594 548 2625 clviii.
831 2595 832 2599 ’
