1762 2803
272 197 318 254 Dt
333 195 432 251 &aneto
448 195 541 249 altena

156 388 181 425 'fl
195 382 227 423 Da
239 398 309 422 snncro
320 379 402 421 Annene
413 397 486 421 anama
498 397 520 421 rr
532 386 664 421 coxrrssoxel.

98 482 201 517 Enerabilis
219 482 311 517 Alredus³
327 491 369 516 cum
386 480 486 515 infantulus
505 481 523 515 in
542 479 595 515 cunis
612 479 690 522 iaceret;
709 478 759 513 venit

119 536 142 570 ad
154 536 229 570 domum
240 536 298 580 patris
310 535 349 570 eius
363 535 500 569 archidiaconus
513 535 587 579 quidam
602 534 676 568 nomine
687 533 758 568 Willel-

56 601 102 631 mus,
116 590 145 625 vir
160 590 234 633 quidem
249 590 343 634 preclarus
359 600 434 633 genere,
449 594 467 623 et
482 589 584 623 secundum
600 599 674 622 carnem
689 588 758 622 Alredo

55 642 175 688 propinquus.
197 643 216 677 ls
224 643 273 678 enim
281 643 304 677 ad
311 643 420 677 infantulum
433 642 538 687 respiciens,
546 643 596 677 videt
605 641 669 677 faciem
680 641 729 677 illius
739 641 757 675 in

56 697 137 740 speciem
151 697 195 730 solis
209 707 323 737 conuersam,
337 702 354 730 et
369 696 524 740 splendidissimis
539 696 649 730 choruscare
665 696 727 735 radiis,
739 700 775 734 vt5

56 760 89 784 sue
105 760 171 783 manus
185 749 268 793 apposite
282 750 348 784 vmbra
363 751 480 791 succederet;
497 755 571 794 tamque
587 759 665 784 serenus
680 747 758 783 innotuit

56 803 127 847 paruuli
134 803 201 845 vultus,
208 809 228 837 vt
237 808 330 847 tamquam
341 804 360 836 in
369 804 444 846 speculo
455 803 537 847 perfecte
544 802 603 837 videri
610 807 679 845 posset.
701 801 758 836 Affir-

56 855 112 889 mauit
124 866 168 899 ergo
179 855 318 889 archidiaconus
329 855 380 889 illum
391 855 410 888 in
422 855 480 889 oculis
491 855 521 889 dei
533 865 619 898 magnum
632 854 718 896 futurum,
730 854 757 888 cui

56 914 105 943 tanta
117 908 174 952 gratia
187 908 205 942 in
219 919 253 942 sua
267 907 343 943 infantia
357 908 455 942 arrisisset.
500 901 551 944 Cum
562 914 624 943 autem
635 907 724 952 puerulus
736 908 759 941 de

56 972 155 1006 puerorum
166 962 208 995 ludo
219 972 315 1005 regressus
323 962 398 995 domum
406 961 499 1003 intrasset,
507 961 581 995 intuens
588 971 631 995 eum
639 966 693 1004 pater
700 960 758 995 dixit:
768 971 787 992 ιο

57 1015 107 1058 ‘Eya
116 1015 147 1054 fili,
157 1014 219 1058 inquit,
229 1014 304 1058 quales⁴
316 1014 370 1048 nobis
383 1014 440 1049 edicis
453 1015 556 1048 rumores?y
580 1014 603 1048 Et
616 1013 657 1048 ille:
672 1013 759 1047 ‘Archie-

56 1067 144 1111 piscopus
156 1067 273 1101 eboracensis
284 1066 338 1101 hodie
354 1066 402 1110 obiit,
414 1072 468 1111 pater
479 1067 515 1101 mi.'
539 1066 595 1102 Ridet
608 1066 638 1101 ille
652 1066 681 1101 his
693 1066 759 1101 auditis

56 1132 98 1154 cum
105 1120 191 1155 vniuersa
203 1120 275 1161 familia,
285 1126 302 1155 et
314 1121 370 1155 dixit:
384 1121 442 1154 ‘Vere
454 1121 485 1162 fili,
496 1121 560 1164 inquit,
572 1120 602 1154 ille
613 1120 657 1154 obiit
669 1120 699 1164 qui
712 1120 760 1154 male

56 1173 110 1208 uiuit?
134 1173 157 1207 Et
165 1184 221 1217 puer:
234 1173 303 1207 ‘Aliter
310 1173 349 1215 iste,
358 1179 415 1216 pater,
423 1184 466 1207 narn
474 1184 528 1208 carne
536 1173 606 1207 solutus
613 1173 697 1207 vltimum
705 1173 760 1207 hodie

57 1225 139 1260 valefecit
151 1226 259 1260 mortalibus
272 1226 331 1259 diem!
353 1226 416 1259 Tertio
431 1237 475 1260 vero
490 1232 532 1270 post
544 1225 590 1260 hec³
603 1226 638 1268 dic,
651 1227 699 1270 quod
713 1236 760 1270 puer
769 1236 787 1267 ¹5

57 1279 163 1322 predixerat
176 1279 246 1313 cunctis
259 1279 283 1312 de
296 1279 377 1322 episcopi
389 1280 438 1313 obitu
450 1289 514 1313 verum
528 1280 632 1323 apparebat.
678 1273 701 1313 In
717 1279 759 1312 hos-

57 1331 104 1375 picio
117 1332 212 1374 Rieuallis‚
227 1331 344 1367 eboracensis
359 1332 438 1366 diocesis
453 1337 471 1366 et
487 1331 610 1367 cisterciensis
625 1330 701 1371 ordinis,
716 1343 758 1365 curn

57 1390 111 1427 esset,
120 1385 179 1429 pridie
190 1390 288 1429 antequam
300 1386 322 1420 ad
336 1385 417 1419 habitum
429 1384 546 1429 reciperetur,
558 1384 576 1420 in
591 1385 636 1420 cella
649 1384 758 1420 nouitiorum

57 1439 105 1482 ignis
112 1439 131 1472 in
140 1440 194 1472 domo
204 1439 235 1473 illa
245 1450 340 1481 accensus,
347 1450 406 1482 vsque
417 1440 439 1473 ad
450 1439 573 1482 laquearium⁶
581 1439 674 1472 iuncturas
684 1438 759 1473 seuiens

56 1492 177 1533 vehementer
188 1492 299 1537 preualebat,
313 1497 332 1528 vt
344 1493 416 1528 culmen
431 1492 497 1527 edificii
510 1492 529 1527 in
541 1498 634 1527 momento
650 1502 759 1527 consumere
769 1504 788 1526 πο

57 1547 167 1579 crederetur.
190 1546 271 1579 Afredus
283 1556 324 1579 cum
336 1546 402 1580 ceteris
413 1547 436 1579 ad
450 1556 534 1579 mensam
550 1546 624 1586 sedena,
637 1546 759 1589 apprehendit

57 1598 146 1641 ciphum⁷‚
152 1604 170 1632 et
176 1604 253 1633 extensa
261 1609 316 1633 manu
325 1599 471 1644 siceramtquam
479 1598 588 1639 continebat,
593 1598 611 1633 in
621 1598 701 1633 medium
709 1599 760 1633 flam-

58 1662 128 1686 marum
140 1663 182 1686 cum
191 1652 257 1686 fiducia
266 1652 353 1696 proiecit:
365 1658 383 1687 et
395 1652 490 1687 confestim
501 1652 610 1694 flammafm]
619 1652 666 1697 ignis
677 1652 760 1687 extinxit.

57 1698 175 1737 Adolescens
188 1705 238 1737 enim
251 1711 301 1737 tanto
313 1716 376 1738 amore
388 1717 399 1738 a
410 1716 455 1747 rege
468 1706 565 1738 Scotorum
579 1705 639 1738 Dauid
652 1706 760 1749 complexus

58 1761 91 1799 est,
99 1761 119 1790 vt
126 1756 178 1800 quasi
189 1758 281 1791 secundus
290 1757 309 1791 in
320 1757 370 1792 curia
380 1757 420 1792 eius
431 1757 494 1797 factus,
502 1758 525 1791 ad
534 1757 658 1802 episcopatum
667 1768 709 1792 eum
717 1768 760 1802 pro·
770 1769 787 1798 :5

58 1810 151 1852 mouisset,
159 1810 195 1843 nisi
205 1811 228 1844 ad
239 1810 375 1845 cisterciensem
385 1811 468 1845 ordinem
477 1811 529 1845 citius
537 1811 647 1845 aduolasset.
670 1810 697 1844 lta
708 1811 760 1855 pium

58 1862 76 1895 in
88 1863 173 1896 omnibus
185 1869 202 1896 et
214 1869 330 1897 mansuetum
342 1875 363 1897 se
375 1864 462 1905 exhibuit,
473 1869 493 1897 vt
508 1864 558 1896 lesus
570 1874 607 1896 non
621 1864 726 1897 turbaretur
737 1865 760 1898 ad

58 1914 109 1957 iram,
118 1916 219 1950 maledictis
229 1916 332 1951 stimulatus
342 1928 378 1951 non
386 1922 517 1961 prouocaretur
525 1917 547 1950 ad
555 1916 667 1957 uindictam
678 1928 759 1951 amorem

58 1979 91 2012 pro
103 1968 150 2010 odio,
160 1969 229 2003 bonum
241 1981 274 2013 pro
286 1970 340 2011 malo,
352 1981 385 2013 pro
397 1967 465 2003 inuidia
476 1968 584 2012 obsequium
596 1979 671 2012 semper
682 1971 760 2003 reddere

59 2023 158 2065 satagebat.
203 2016 263 2056 Miles
272 2022 345 2066 quidam
353 2022 418 2056 videns
428 2022 479 2056 illum
488 2033 498 2056 a
510 2033 554 2066 rege
564 2033 597 2067 pre
607 2022 692 2057 omnibus
702 2022 759 2057 amari
768 2031 788 2061 30

59 2080 76 2108 et
88 2075 129 2120 plus
142 2075 207 2109 ceteris
217 2075 307 2117 honorari,
316 2075 366 2110 illum
376 2077 463 2121 persequi
472 2075 520 2120 cepit
528 2081 546 2110 et
557 2074 608 2120 graui
617 2075 658 2111 odio
668 2075 759 2118 insectari,

58 2131 168 2173 quandoque
179 2130 234 2163 etiam
245 2139 307 2162 coram
318 2139 362 2173 rege
373 2130 424 2163 illum
432 2129 494 2163 verbis
505 2128 597 2163 iniuriosis
609 2134 702 2173 appetere.
725 2130 759 2163 Cui

59 2181 100 2217 ille:
118 2182 186 2223 ‘Bene
201 2181 264 2225 inquit,
280 2181 329 2222 dicis,
343 2194 354 2215 ο
369 2182 428 2224 miles,
440 2182 509 2227 optime
524 2182 609 2226 loqueris,
627 2188 644 2216 et
660 2192 703 2216 vera
716 2188 759 2217 sunt

59 2234 163 2278 omniaque
172 2234 222 2276 dicis,
231 2240 249 2269 et
257 2235 372 2269 mendacium
380 2235 430 2277 odis;
442 2247 514 2280 meque,
520 2241 539 2269 vt
548 2236 608 2277 credo,
617 2235 687 2279 diligis?
710 2235 758 2270 Tan-

59 2288 102 2322 dem
112 2288 165 2322 miles
176 2289 206 2322 ille
219 2288 337 2322 considerans
348 2288 438 2322 Alredum
448 2299 485 2322 non
496 2288 569 2327 turbari,
577 2299 588 2320 a
595 2287 661 2321 virtute
670 2288 689 2321 in
698 2288 759 2331 aliquo
768 2298 786 2327 35

59 2350 95 2373 non
108 2340 167 2381 auelli,
181 2340 281 2384 penitentia
295 2341 359 2373 ductus
372 2340 444 2375 veniam
456 2340 513 2386 petiit,
527 2346 544 2375 et
558 2341 631 2374 firmum
644 2340 723 2375 amicum
735 2342 759 2377 de

59 2393 129 2436 reliquo
139 2405 160 2428 se
169 2394 194 2427 illi
205 2394 243 2428 fore
251 2395 359 2438 spospondit
364 2394 375 2427 ⁹.
395 2395 428 2427 Cui
439 2394 480 2428 ille:
493 2394 573 2433 ‘Fateon
581 2393 644 2436 inquit,
652 2396 759 2437 congaudeo

58 2446 159 2488 penitentie
175 2453 210 2488 tue,
223 2453 241 2481 et
256 2447 323 2481 idcirco
335 2447 392 2480 multo
404 2446 462 2490 magis
475 2452 493 2481 te
505 2446 575 2488 amabo,
588 2446 630 2491 quia
642 2447 684 2481 odio
696 2452 727 2482 tuo
740 2448 758 2483 in

59 2509 141 2534 amorem
156 2500 206 2534 ereui
222 2500 290 2534 domini
305 2501 347 2542 mei,
360 2506 383 2541 et,
396 2500 486 2544 pacientia
501 2511 542 2534 mea
557 2510 590 2543 per
604 2500 639 2533 hoc
652 2500 729 2535 excitata
742 2508 760 2536 et

78 2583 83 2599 ¹
94 2584 123 2613 Ed.
131 2585 147 2613 in
153 2584 188 2614 Act.
197 2585 225 2614 SS.
234 2584 274 2613 Bon.
282 2585 315 2614 lan.
323 2584 343 2613 ll.
351 2593 365 2620 p.
371 2592 395 2620 31.
465 2583 471 2600 ²
481 2582 522 2611 Title
528 2582 544 2612 in
550 2582 572 2618 T„
582 2584 606 2613 De
613 2593 661 2613 seruo
668 2585 694 2613 dei
701 2585 761 2615 Alredo

59 2622 118 2653 abbate.
165 2623 171 2640 ³
181 2623 199 2654 Tr
206 2624 285 2654 Alfredus.
332 2622 337 2640 ⁴
348 2623 365 2653 E.
373 2622 428 2661 qualis.
475 2622 481 2640 ὖ
490 2623 508 2652 Ε.
516 2624 551 2653 hoc.
598 2623 603 2640 l
613 2624 631 2655 T.
639 2624 658 2656 Ε.
665 2624 760 2663 laqueatum.

58 2660 166 2701 ⁷=scyphum
225 2664 231 2681 ⁸
241 2664 259 2694 T.
268 2664 286 2695 E.
293 2665 363 2694 cicerem.
423 2663 429 2680 l
438 2663 456 2693 T.
463 2664 554 2700 spopondit.
