1762 2803
126 88 157 186 ἲ98
319 133 399 184 tunna
415 131 531 193 launna
547 129 639 193 anglia.

152 257 309 302 [nemeaeum
424 243 515 277 Narratio.

153 319 224 371 Magus
236 326 310 371 qnidam
326 326 417 361 notarium
430 328 522 371 quendam
535 327 558 359 ad
570 326 629 359 locum
644 324 662 358 in
675 335 730 369 quem
744 324 833 358 demones

130 381 251 415 aduocauerat
260 380 316 422 duxit,
326 380 435 424 promittens
448 379 465 414 ei
475 381 522 424 quod
532 378 595 413 multis
604 377 671 413 diuitiis
681 379 786 413 abundaret.
810 376 833 411 Et

130 445 173 468 ecce
185 433 235 468 uidet
246 434 346 477 q(uendam
358 434 453 477 mlagnum
465 432 559 476 ethiopem
572 443 628 476 super
642 432 736 466 excelsum
751 431 832 474 tr0(num

131 487 234 528 sedelntern
246 492 263 521 et
275 486 292 520 in
306 485 380 519 circuitu
392 486 432 520 eius
444 485 489 520 alios
501 486 585 530 ethiopes
597 485 645 519 circa
656 495 699 518 euni
711 494 752 519 cum
764 483 833 517 lanceis

114 549 122 578 5
131 544 149 572 et
157 540 235 573 fustibus
243 544 316 571 stantes.
339 539 391 571 Tunc
399 539 430 572 ille
438 549 512 581 magum
520 538 623 582 predictum
631 537 750 581 interrogauit
758 536 832 571 dicens:

131 591 187 633 ‘Quis
203 596 231 624 est
246 590 280 624 iste
293 592 360 633 puer?y
384 591 407 624 Et
422 590 463 624 ille:
476 590 571 632 ‘Domine,
583 600 650 624 seruus
663 594 725 623 uester
738 591 775 634 est)
799 589 832 622 Cui

131 645 209 679 demon:
222 642 252 678 ‘Si
263 642 291 678 uis
302 653 332 678 me
343 643 419 677 adorare
431 647 449 678 et
459 653 525 678 seruus
534 653 587 677 meus
599 653 641 677 esse
652 647 670 676 et
680 641 774 676 Christum
782 647 832 675 tuum

131 708 204 741 negare,
214 696 278 730 faciam
289 702 307 731 te
318 697 383 730 sedere
394 696 413 731 in
425 697 502 731 dextera
513 699 565 731 mea!
590 697 623 731 Ille
634 702 694 731 autem
707 707 750 729 moa
760 694 833 739 signum

131 749 190 785 crucis
201 749 256 784 edidit
264 754 282 783 et
290 760 310 783 se
319 749 387 784 Christi
399 748 495 784 saluatoris
507 760 582 784 seruum
595 760 638 784 esse
649 749 706 783 libere
718 748 833 782 exclamauit.

104 813 123 835 ιο
131 802 233 846 Statimque
245 808 264 837 ut
277 802 350 846 signum
363 802 421 837 crucis
434 802 495 846 edidit,
508 803 568 836 omnis
581 802 612 836 illa
625 803 724 836 demonum
737 801 834 836 multitudo

131 854 210 889 euanuit.
233 855 277 888 Post
289 856 323 889 hec
334 866 376 889 cum
385 857 464 899 quadam
475 856 515 889 uice
527 856 615 900 templum
628 861 691 889 sancte
703 854 772 898 Sophie
784 854 833 888 idem

131 907 212 941 notarius
228 918 270 941 cum
285 907 360 942 domino
375 919 409 943 suo
424 908 511 943 intrasset
526 914 544 942 et
559 913 602 942 ante
617 907 713 942 saluatoris
727 906 833 951 ymaginem

131 962 185 995 ambo
198 966 273 1004 starent,
287 961 332 995 uidit
346 962 432 996 dominus
444 972 488 996 suus
500 960 602 1005 predictam
616 962 721 1006 ymaginem
733 971 790 1005 super
801 971 833 994 no-

130 1015 197 1048 tarium
205 1014 253 1048 fixos
263 1015 326 1049 oculos
336 1016 435 1049 habentem
444 1021 462 1049 et
469 1016 531 1059 ipsum
542 1020 611 1049 attente
622 1015 757 1058 respicientem.
779 1014 833 1056 Quod

105 1080 122 1109 15
131 1067 196 1101 uidens
209 1067 268 1101 dictus
281 1066 366 1101 dominus
378 1073 396 1101 et
407 1068 505 1108 admirans,
515 1067 601 1102 iuuenem
613 1078 636 1102 ex
647 1071 698 1111 parte
709 1067 774 1101 dextra
785 1071 834 1100 stare

131 1120 183 1154 lecit:
202 1125 220 1153 et
239 1121 284 1165 uidit
299 1121 348 1163 quod
367 1132 433 1164 ymago
452 1122 518 1155 iterum
534 1132 599 1155 uersus
618 1121 667 1155 illam
684 1127 756 1164 partem
771 1121 834 1155 oculos

131 1171 219 1205 uoluisset
229 1176 247 1206 et
258 1182 315 1215 super
323 1172 414 1206 notarium
425 1173 473 1207 fixos
484 1174 565 1206 haberet.
589 1174 708 1215 Rursumque
720 1173 762 1206 fecit
772 1173 833 1215 ipsum

131 1224 158 1260 ire
170 1236 194 1258 ex
206 1229 258 1269 parte
272 1224 355 1260 sinistra:
368 1230 386 1259 et
399 1224 466 1260 iterum
481 1225 543 1260 oculos
557 1236 623 1270 ymago
638 1225 695 1260 uoluit
711 1231 728 1259 et
743 1224 833 1259 notarium

132 1283 151 1313 ut
159 1278 210 1322 prius
218 1278 311 1322 respicere
319 1279 372 1323 cepit.
395 1278 447 1313 Tunc
455 1279 548 1314 adiuratus
556 1291 567 1313 a
574 1280 648 1313 domino
657 1290 690 1313 suo
698 1284 718 1313 ut
724 1279 758 1313 sibi
766 1278 834 1313 diceret

105 1343 124 1364 κο
132 1332 175 1376 quid
184 1332 233 1375 apud
242 1331 296 1366 deum
304 1332 403 1366 meruisset
413 1334 545 1377 propterquod
554 1333 580 1367 sic
587 1344 654 1377 ymago
667 1344 709 1367 enni
721 1333 833 1377 respiceret:

132 1383 177 1419 dixit
192 1395 212 1418 se
227 1384 294 1419 nullius
310 1385 353 1419 boni
371 1385 464 1419 conscium
481 1397 523 1421 esse
542 1386 577 1420 nisi
592 1387 641 1431 quod
660 1385 753 1422 Christum
772 1396 834 1420 coram

132 1438 202 1472 diabolo
211 1447 279 1482 negare
287 1437 375 1472 noluisset
382 1437 400 1481 ¹,]

251 1560 284 1603 DE
295 1579 366 1602 SANCTA
380 1561 486 1603 IUTHWARA
497 1578 574 1604 umorue
586 1579 608 1603 ET
620 1569 721 1605 utnnrtuab

175 1641 216 1685 lrgo
228 1647 291 1677 sancta
302 1642 399 1685 luthwara,
410 1642 502 1677 nobilibus
513 1642 603 1677 natalibus
615 1648 659 1685 orta,
668 1642 690 1677 ab
700 1642 740 1687 ipsa
749 1642 834 1687 primeua

196 1700 248 1737 etate,
255 1695 313 1729 sancti
319 1695 394 1738 spiritus
401 1695 459 1739 gratia
466 1696 547 1740 perfusa,
553 1697 641 1740 operibus
647 1696 701 1729 bonis
709 1696 835 1730 indesinenter

106 1759 124 1788 ²5
133 1749 168 1781 deo
180 1747 251 1781 seruire
262 1748 335 1781 studuit.
358 1748 398 1781 Hec
407 1749 425 1781 in
433 1754 510 1791 paterna
518 1749 573 1781 domo
581 1754 623 1792 post
631 1748 700 1781 obitum
712 1748 775 1782 matris
784 1749 835 1783 inno·

104 1799 106 1804 '
133 1806 197 1834 center
202 1799 272 1841 vinens,
279 1800 350 1834 cunctis
357 1810 378 1834 se
386 1801 483 1834 amabilem
489 1799 576 1843 exhibuit,
584 1805 602 1834 et
609 1801 686 1834 virtutes
691 1800 788 1835 virtutibus
793 1811 834 1835 cum

133 1864 222 1898 processu
235 1854 288 1887 etatis
299 1853 359 1896 auxit;
371 1853 475 1898 peregrinis
487 1854 562 1888 domum
574 1854 632 1898 patris
641 1853 669 1888 sui
677 1853 835 1898 frequentantibus

133 1905 233 1942 cumomni
242 1905 345 1941 deuotionis
355 1906 444 1940 hilaritate
456 1907 564 1951 obsequium
576 1907 671 1950 impendit.
695 1907 738 1941 Erat
750 1907 767 1941 ei
780 1908 836 1941 frater

133 1959 207 1994 nomine
223 1958 279 2001 Bana,
294 1964 312 1993 et
328 1970 401 1994 sorores
414 1965 463 1994 tres:
477 1960 566 1994 Eadwara
581 1965 649 2002 saneta,
665 1966 728 1995 sancta
741 1959 835 2005 Wilgitha,

105 2026 125 2053 30
133 2018 151 2046 et
168 2018 231 2045 sancta
248 2012 341 2053 Sidentia,
357 2012 425 2046 mentis
445 2014 510 2046 eadem
529 2012 619 2056 probitate
634 2014 700 2047 deuote
716 2018 734 2047 et
748 2013 834 2048 virtutum

133 2062 220 2107 operibus
232 2064 297 2098 dedite,
320 2063 412 2098 Defuncta
419 2074 463 2099 vero
471 2070 530 2098 matre
539 2065 630 2099 Inthware
638 2070 691 2109 pater
702 2064 742 2099 eius
753 2066 834 2106 alteram,

134 2127 202 2160 genere
214 2116 258 2150 satis
270 2115 355 2159 nobilem,
363 2128 439 2152 uxorem
448 2117 504 2160 duxit,
515 2119 548 2152 sed
560 2118 603 2152 selle
612 2117 738 2154 amaritudinis
750 2119 835 2154 instinctu

134 2168 201 2202 diaboli
216 2173 297 2202 mentem
313 2169 399 2202 iniectam
419 2170 524 2203 habentem.
546 2171 587 2211 Que
603 2171 658 2205 corde
673 2181 767 2205 venenoso
785 2171 835 2205 dolos

132 2222 216 2264 versare,
228 2226 331 2255 commenta
342 2221 413 2266 fingere
425 2221 542 2266 infidelitatis,
554 2223 630 2258 insidias
640 2234 705 2268 parare
717 2223 770 2269 cepit,
793 2222 836 2257 Erat

104 2327 107 2335 ι
154 2305 159 2322 ¹
171 2306 232 2335 Collect
240 2306 255 2334 in
264 2306 292 2335 T.:

156 2345 174 2382 O
186 2354 259 2380 sanctum
270 2350 361 2388 pontificem
373 2351 437 2387 lustum,
449 2353 492 2382 cuius
502 2353 563 2383 iusticia
574 2354 614 2384 sicut
625 2354 676 2391 palma
688 2355 748 2385 uictrici
759 2353 836 2394 (semlper

135 2392 190 2429 uigore
198 2392 244 2419 ssoret
252 2390 268 2419 in
275 2395 360 2427 conspectu
368 2392 431 2426 domini¹
440 2397 456 2421 et
463 2392 503 2422 sient
509 2394 565 2422 cedrus
572 2395 713 2434 a1·bor(ulr)tutum
718 2393 835 2432 fragranciatm)

133 2430 239 2499 ¹nirqltlilplliqsans
246 2429 311 2458 dilaluit.
334 2429 376 2458 Hinc
384 2431 448 2467 gloriam
456 2433 557 2470 pantdamus)
566 2434 629 2462 Christo
637 2435 652 2462 in
660 2435 718 2463 secula.
775 2435 794 2464 V.
805 2433 836 2462 Ora

134 2482 144 2511 p
156 2509 185 2546 Da
196 2515 242 2544 nobis
255 2523 345 2551 quesumus,
359 2513 428 2550 domine,
443 2514 484 2544 beati
499 2515 538 2545 lnstl
552 2517 647 2547 contessoris
661 2517 683 2548 tui
696 2523 744 2556 atque
758 2514 836 2556 pontilicis

134 2565 197 2614 seqiper
203 2555 274 2584 adiuuari
281 2554 344 2623 fn‘ssfis'
352 2559 369 2584 ut
377 2564 411 2584 cum
419 2565 438 2585 co
446 2558 533 2586 mereamur
540 2561 621 2588 consortes
629 2558 663 2588 ficri
670 2559 714 2596 regni
722 2559 790 2593 celestis,
797 2563 829 2594 per·

171 2599 187 2625 et
194 2598 239 2625 mart.
247 2604 272 2624 om
280 2604 296 2623 1n
318 2616 321 2625 .
