1762 2803
231 70 276 127 bt
291 69 378 123 boun
393 68 447 125 bct
464 67 576 121 nutrito.
709 69 755 125 489

55 200 99 225 vero
112 201 154 225 cum
169 191 268 235 lachrymis
283 197 394 236 conquestus
409 196 437 225 est
450 191 498 235 quod
514 191 531 225 ei
546 200 623 225 munera
636 188 723 230 dedisset,
737 192 755 222 et

53 243 96 278 ideo
107 246 227 288 penitentiam
239 256 315 290 grauem
327 245 368 289 egit.
392 245 433 280 Hoc
445 251 506 280 autem
517 245 644 280 vehementius
656 242 756 277 mirabatur

54 298 103 342 quod
116 309 204 342 aspersus
219 309 266 343 aqua
281 298 377 333 benedicta
391 309 428 332 non
444 299 495 343 sugit,
507 299 563 333 immo
578 303 643 342 postea
657 307 699 331 cum
714 296 755 339 ipso

54 351 113 382 orauit
124 356 143 383 et
153 352 255 394 genuflexit
268 357 285 385 et
298 352 394 385 ecclesiam
406 351 492 384 introiuit.
537 345 560 384 In
572 350 674 394 quandam¹
686 348 714 383 vir
725 349 755 382 dei

54 401 117 436 incidit
127 404 209 447 corporis
222 403 349 448 egritudinem,
359 409 378 437 vt
389 404 462 447 pustule
474 404 552 447 quedam
563 402 635 438 saniose
647 408 703 436 totam
715 411 772 444 cor-5

54 456 104 498 poris
123 456 240 499 superficiem
259 460 374 499 occuparent.
402 456 453 489 Intra
469 456 529 490 carnis
547 456 645 490 molliciem
664 455 755 489 mordacis

54 508 149 543 cuiusdam
164 509 232 543 doloris
248 509 332 553 angustia
346 519 380 552 per
395 514 446 543 artus
461 508 542 553 singulos
557 509 596 544 iere
610 507 757 543 intollerabiliter

55 561 174 603 discurrebat,
190 562 272 596 exterius
286 572 331 596 vero
348 572 383 606 per
397 562 457 595 hiatus
471 562 552 596 ulcerum
567 562 635 596 ardens
650 566 668 596 et
683 560 756 605 putrida

55 613 116 647 sanies
124 614 227 657 profluebat
233 616 244 648 ².
264 615 303 649 Nec
311 619 372 648 tamen
378 614 450 648 volebat
457 614 524 658 aliquid
532 614 649 658 mitigationis
657 625 756 658 apponere,

55 667 89 701 sed
97 666 179 703 dicebat:
192 668 223 703 ‘Si
231 668 277 702 deus
284 667 302 702 in
311 678 342 701 me
349 667 401 712 punit
411 667 460 701 mala
468 678 504 712 que
511 667 551 709 leci,
558 667 626 701 iustum
637 671 692 701 estut
701 667 755 700 etiam
766 678 784 701 ro

55 730 90 763 ego
101 720 176 763 puniam
188 721 237 764 quod
249 721 327 766 deliqui!
350 721 450 755 Aduocans
461 731 505 764 ergo
516 719 624 764 ministrum,
634 719 687 754 iussit
696 720 756 753 hiatus

55 773 139 807 vlcerum
154 774 193 808 sale
208 773 322 818 conspergi³,
335 778 353 807 et
366 779 414 808 torta
430 773 523 808 straminis
540 773 645 815 confricari3
657 783 692 807 nec
704 772 757 817 prius

58 835 100 858 eum
112 835 184 859 cessare
196 826 280 869 permisit
289 837 344 870 quam
354 831 392 859 tota
402 825 509 869 superficies
519 826 565 859 cutis
575 827 657 859 maderet
668 824 756 867 sanguine

56 881 154 911 cruentata.
178 878 208 912 Sic
220 884 280 912 autem
292 879 376 912 ministro
387 879 497 922 quandoque
508 879 582 920 lassato,
594 877 634 921 ipse
646 877 757 921 prouocabat

56 941 99 965 eum
114 936 133 965 vt
147 930 217 967 viribus
232 932 321 976 reparatis
334 931 397 966 fortior
410 931 433 966 ad
446 931 480 966 hoo
495 941 541 977 opus
557 931 664 975 insurgeret.
687 928 757 972 Quodsi
766 939 784 968 15

56 984 141 1018 minister
154 985 200 1019 sorte
214 987 276 1020 mitius
289 990 357 1030 ageret,
370 985 410 1030 ipse
425 990 492 1019 tortam
506 985 597 1029 arripiens
612 994 673 1025 manu,
685 984 757 1017 sibimet

57 1047 93 1071 non
104 1038 196 1080 parcebat.
219 1038 331 1073 Huiusmodi
341 1038 430 1072 cruciatus
441 1038 496 1082 longo
507 1043 590 1081 tempore
600 1036 690 1077 sustinuit,
699 1037 758 1070 donec

56 1100 91 1134 per
104 1090 134 1124 dei
147 1090 293 1126 misericordiam
306 1097 343 1126 tota
355 1092 383 1126 vis
395 1091 443 1125 illius
456 1091 524 1125 doloris
535 1091 630 1125 abscessit.
675 1083 757 1135 Quidam

57 1142 114 1176 abbas
125 1144 148 1176 ab
158 1154 180 1176 eo
189 1145 288 1178 discedens
298 1144 350 1188 petiit
360 1144 396 1178 sibi
406 1144 474 1187 aliquid
485 1144 524 1177 dari
534 1144 582 1187 quod
592 1148 655 1187 posset
665 1144 688 1176 ad
700 1142 758 1186 ipsius

57 1195 125 1230 habere
140 1197 253 1231 memoriam.
277 1196 318 1239 Qui,
330 1196 386 1231 nichil
400 1196 448 1230 aliud
461 1196 536 1237 habene,
552 1206 619 1239 panem
634 1194 758 1229 auenaceum⁴
767 1208 787 1229 πο

57 1248 107 1282 dedit
119 1250 141 1283 ei.
164 1249 198 1283 ille
209 1261 254 1284 vero
265 1261 333 1294 panem
344 1255 437 1294 gratanter
448 1250 550 1293 accipiens;
564 1254 583 1283 et
594 1248 697 1294 quindecim
709 1248 758 1292 egris

58 1301 175 1342 distribuens,
191 1302 247 1336 dixit:
260 1303 292 1336 ‘ln
307 1304 381 1336 nomine
396 1303 465 1336 domini
477 1302 533 1336 lhesu
545 1301 612 1335 Christi
624 1306 642 1335 et
653 1301 702 1335 serui
718 1301 759 1334 eius

58 1352 136 1395 Godriei‚
148 1354 251 1397 portionem
262 1355 317 1388 huius
327 1355 381 1398 panis
391 1354 473 1398 accipite,
481 1359 501 1388 vt
511 1353 597 1388 virtutem
608 1353 666 1397 ipsius
677 1353 696 1387 in
705 1353 759 1387 vobis

57 1405 132 1449 possitis
143 1409 253 1450 agnoscere.¹
277 1407 312 1449 Qui
324 1418 389 1442 omnes
400 1418 449 1450 pane
459 1407 490 1441 illo
500 1407 596 1441 sanitatem
608 1405 701 1440 consecuti
710 1412 759 1440 sunt.

58 1451 136 1493 Villicus
152 1459 234 1504 episcopi
249 1461 381 1502 dunelmensis,
399 1459 531 1502 Ethehvoldus,
546 1459 650 1494 diffamatus
666 1465 695 1493 est
709 1459 759 1503 apud
768 1473 787 1503 ²³

58 1522 101 1545 eum
109 1513 158 1555 quod
166 1513 274 1557 dissipasset
285 1514 334 1547 bona
343 1512 397 1547 illius.
421 1513 457 1547 Hie
469 1513 529 1547 duello
539 1512 573 1547 sibi
583 1513 644 1547 scelus
653 1512 759 1556 impositum

58 1572 175 1609 purgaturus,
184 1566 257 1600 Godrlci
265 1577 286 1600 se
294 1566 381 1611 precibus
389 1565 529 1600 commendauit.
549 1565 584 1600 Die
592 1565 671 1600 crastino
679 1565 760 1601 duellum

58 1617 154 1661 ingressus
165 1618 258 1661 occiditur,
269 1630 311 1652 cum
323 1625 384 1652 tamen
396 1619 419 1652 ab
431 1619 463 1652 illo
475 1618 552 1652 crimine
564 1620 653 1652 innocens
665 1618 761 1652 extitisset.

59 1670 129 1705 Eadem
140 1670 185 1706 hora
192 1673 221 1706 vir
229 1671 259 1707 dei
269 1671 410 1706 tintinnabulum
421 1670 506 1717 pulsauit,
514 1676 532 1705 et
540 1670 633 1705 ministros
643 1671 710 1705 adesse
719 1681 761 1715 pre-

59 1724 112 1766 cepit,
127 1724 194 1767 quibus
209 1729 227 1758 et
243 1724 300 1759 dixit:
315 1725 382 1759 ‘Orate
397 1735 431 1768 pro
446 1726 507 1758 anima
523 1724 638 1766 Ethelwoldi,
655 1725 697 1768 quia
712 1735 761 1758 nunc
769 1738 789 1768 30

58 1775 117 1810 victus
129 1776 217 1811 occubuit.
240 1776 314 1820 Audiui,
324 1777 388 1822 inquit,
397 1776 466 1811 subitos
476 1777 576 1811 demonum
587 1776 682 1819 tumultus,
694 1783 712 1811 et
724 1777 761 1810 vidi

60 1830 196 1863 Ethelwoldum
204 1830 289 1873 spiritum
297 1830 406 1864 exalantem.
429 1830 485 1864 Facta
492 1835 520 1863 est
528 1835 589 1864 autem
600 1830 693 1864 altercatio
704 1831 761 1864 malo-

59 1892 101 1916 rum
113 1882 240 1927 bonorumque
253 1883 355 1927 spirituum,
366 1882 385 1917 in
397 1893 475 1926 quorum
489 1887 560 1926 partem
572 1883 633 1917 anima
644 1883 720 1917 deberet
731 1893 761 1917 ac-

59 1936 131 1970 cedere.
153 1936 246 1971 Attollens
261 1937 324 1971 oculos
339 1937 357 1970 in
373 1936 457 1978 sublime,
470 1934 558 1979 conspexi
571 1935 623 1979 quasi
640 1936 761 1978 sacerdotem,

60 1989 142 2023 candidis
155 1996 268 2034 coopertum,
282 1995 324 2024 ante
339 1990 417 2024 tribunal
433 1989 500 2024 Christi
516 1988 622 2032 consistere,
635 1989 666 2033 qul
681 1989 761 2024 defuncti
770 2002 788 2033 35

60 2043 139 2077 animam
156 2043 230 2078 domino
249 2044 394 2078 commendabat.
417 2043 474 2088 Igitur
488 2043 558 2087 angelis
573 2043 602 2078 dei
618 2044 761 2087 preualentibus,

60 2096 135 2139 maligni
146 2097 221 2141 spiritus
233 2097 335 2142 effugerunt
343 2110 347 2139 ;
359 2103 377 2132 et
386 2109 435 2132 nunc
442 2097 490 2131 illius
499 2097 579 2131 animam
589 2098 705 2142 purgatorius
714 2098 762 2142 ignis

60 2149 83 2182 ad
97 2154 170 2192 tempus
185 2151 251 2192 exurit,
264 2161 297 2195 pro
313 2151 353 2185 aliis
365 2151 439 2195 quidem
453 2151 596 2195 peccatis—quia
611 2161 655 2185 reus
670 2161 707 2185 non
723 2158 762 2186 erat

60 2201 146 2235 facinoris
161 2204 210 2245 quod
224 2203 240 2236 ei
255 2202 288 2236 fuit
303 2203 414 2247 impositum,
427 2204 460 2238 sed
472 2214 507 2247 per
518 2203 605 2236 inuidiam
618 2204 683 2237 ductus
697 2210 725 2238 est
738 2206 762 2238 ad

60 2254 182 2297 ignominiose
196 2256 261 2290 mortis
276 2256 380 2290 infamiam!
423 2249 519 2301 “Quidam
534 2256 595 2300 specie
608 2257 718 2301 peregrinus
731 2258 791 2299 aid-40

60 2307 138 2341 ueniens
146 2308 192 2341 dixit
199 2308 216 2342 ei
224 2320 228 2341 :
241 2308 336 2350 ‘Godrice,
344 2309 399 2343 michi
406 2314 425 2343 et
433 2310 558 2343 consimilibus
566 2309 643 2343 deberes
651 2310 763 2344 elemosinas

61 2362 84 2395 de
99 2360 192 2395 laboribus
207 2361 243 2396 tuis
258 2362 308 2405 dare,
320 2361 366 2396 sicut
380 2362 469 2397 faciebant
482 2362 525 2397 olim
541 2361 651 2397 sanctissimi
667 2362 762 2406 heremite,

61 2414 92 2458 qui
104 2415 149 2448 alios
161 2415 267 2450 reficiebant
279 2422 297 2451 et
308 2416 344 2460 ipsi
355 2416 423 2451 ieiunia
434 2418 566 2451 obseruabant.'
589 2417 645 2457 ‘Nos‚
657 2418 715 2462 inquit
726 2418 763 2460 ille,

61 2478 193 2548 aequatam.
250 2479 285 2510 ²13.
293 2482 385 2519 perfluebat.
440 2481 570 2519 ³T.conspargi.
624 2481 763 2513 *Raucnaciunu

60 2525 66 2535 '¹
93 2529 117 2556 eg·
126 2529 140 2556 P·
149 2528 183 2556 935-
