1762 2803
65 161 231 203 nennium]
292 150 355 206 Clite
365 150 402 206 ἦ.
414 150 536 211 (ὖῑῑΐῇἰῆῐί.
722 161 767 208 717

65 274 234 317 inuolutus,onmino
242 274 344 309 intemerata
351 274 422 318 pristino
433 274 507 310 candore
517 273 636 318 splendebant.
659 273 686 307 llli
698 279 768 316 stupore

65 325 147 368 percussi,
158 326 259 365 nesciebant
270 326 311 369 quid
320 332 398 369 agerent,
406 326 438 359 sed
448 325 531 368 gaudium
543 335 582 359 cum
593 323 654 359 timore
665 323 768 358 miscebant.

66 375 205 410 Sacratissimum
213 386 253 418 ergo
263 386 325 419 corpus
333 386 372 410 curn
379 376 434 409 multa
444 375 555 410 ueneratione
564 380 581 408 ct
589 375 653 411 dirunis
661 373 755 417 [laudibus]
762 377 769 398 ¹

65 425 100 460 alia
111 426 188 469 syndone
199 426 294 467 inuoluunt,
306 437 358 470 quarn
369 426 426 460 adbuc
440 436 461 460 eo
475 425 550 468 uiuente,
562 425 579 460 in
591 425 667 462 officium
681 425 768 469 sepulture

66 478 153 519 Egbertus
165 477 265 511 anachorita
276 477 406 518 transmiserat,
421 488 454 511 nec
467 478 563 514 recondunt
575 477 593 509 in
604 478 663 517 humo,
675 475 706 510 sed
716 483 786 519 supers

65 533 129 561 terram
137 527 155 560 in
163 527 228 561 tumulo
239 527 345 566 memoriali:
358 538 409 570 quem
419 533 480 569 postea
486 537 516 561 rex
523 527 645 563 AEthelbaldus
652 526 769 570 multipliciter

66 577 147 611 munifica
161 583 179 611 et
194 578 287 620 magnifica
301 577 393 611 deuotione
408 578 480 610 ornauit.
510 578 536 611 lbi
552 577 637 620 repositus
655 577 727 620 quiescit
742 576 769 610 sol

66 627 134 670 Anglie
146 638 177 660 uas
190 627 283 668 electionis,
296 628 322 660 sal
335 633 384 667 terre,
396 627 489 668 columpna
501 627 577 667 ecclesie,
589 627 643 669 patrie
658 628 722 668 lumen,
733 626 769 661 uite

68 678 161 721 speculum,
175 677 273 720 penitencie
286 678 347 719 lomna,
361 675 457 711 sanctitatis
472 676 580 721 exemplum
596 677 649 711 Cuius
662 677 770 711 conuersatio

67 734 105 763 tota
111 730 167 763 fuerat
175 730 221 763 scola
229 729 329 771 honestatis,
337 740 405 763 morum
416 728 507 769 edificatio,
514 734 532 761 et
540 734 627 765 ¹structura
638 729 703 761 salutis.
723 729 770 762 Vere
779 736 798 758 ιο

68 779 162 821 discipulus
175 779 244 820 Christi,
256 781 322 814 amicus
334 780 399 823 sponsi,
411 781 466 814 honor
481 780 597 821 sacerdotnm,
609 785 659 823 pater
671 778 737 812 consilii
752 784 770 812 et

69 829 134 871 solacii,
146 830 205 864 oculus
219 830 260 871 ceci,
272 830 330 872 lingna
344 830 393 871 muti,
406 840 437 874 pes
451 829 514 871 claudi,
525 828 603 863 minister
613 828 685 869 Christi,
697 828 771 863 christus

68 879 138 912 domini.

145 960 176 994 DE
187 967 281 995 ADUENTU
293 960 426 999 AETHELBALDI
438 967 462 993 ΕΤ
473 966 623 1001 CONQUESTIONE
634 965 700 998 ATQUE

318 1018 464 1045 consonatione
474 1019 525 1046 EIUS.

13 1097 15 1099 -
70 1073 171 1149 Ndiem
175 1073 213 1106 exul
219 1073 341 1107 AEthelhaldus
346 1074 393 1110 beati
399 1074 431 1111 uiri
438 1074 539 1109 transitum:
547 1075 634 1116 nimioque
639 1074 697 1107 dolore
703 1083 772 1115 correp-

131 1129 165 1165 tus,
173 1123 213 1156 licet
220 1122 237 1156 in
245 1122 316 1156 remotis
321 1122 419 1166 regionibus
427 1129 490 1166 ageret,
496 1123 518 1157 ad
525 1123 634 1166 sepulchrum
639 1122 685 1157 beati
691 1122 771 1156 Gutbleci
782 1128 800 1160 15

70 1185 109 1208 cuni
117 1174 172 1208 multa
179 1173 287 1208 lacrimarum
292 1173 383 1208 affluencia
387 1173 480 1208 festinabit.
494 1174 529 1208 Vbi
535 1184 555 1207 se
561 1173 648 1207 humiliter
654 1173 670 1207 in
676 1172 773 1207 orationem

70 1224 164 1268 proiciens:
177 1225 284 1267 ‘Quomodo,
292 1224 351 1268 inquit,
359 1226 427 1258 ablatus
434 1235 453 1258 es
463 1224 521 1265 michi,
529 1224 652 1267 benignissime
659 1230 713 1266 pater,
721 1234 773 1267 quem

71 1276 127 1310 solum
139 1276 226 1309 habebam
241 1274 259 1308 in
271 1275 321 1309 exilio
336 1286 376 1310 meo
387 1275 478 1318 refugium,
492 1275 509 1309 in
524 1275 631 1309 dubitatione
645 1273 740 1315 consilium,
754 1274 773 1308 in

71 1325 164 1360 afflictione
180 1326 271 1359 solatium?
298 1325 352 1357 Nulla
370 1336 398 1358 me
413 1326 472 1366 exilia,
487 1325 533 1360 nulle
551 1326 617 1365 iniurie,
632 1325 680 1358 nulla
698 1325 773 1358 bostium

71 1385 149 1409 meorum
164 1374 261 1418 obprobria,
276 1375 322 1408 nulle
338 1375 390 1417 mine,
404 1376 452 1408 nulla
469 1386 526 1408 rerum
544 1375 636 1418 dispendia
652 1374 773 1408 molestabant.
782 1384 802 1406 ro

72 1426 158 1468 Quicquid
173 1426 219 1459 enim
233 1424 298 1459 tristior
311 1431 383 1459 euentus
398 1425 471 1468 afferret,
487 1436 519 1469 ego
533 1425 551 1459 in
564 1425 602 1459 sinu
616 1431 645 1459 tue
656 1424 774 1458 misericordie

72 1476 187 1519 quiescebam,
200 1481 253 1519 atque
264 1475 287 1509 de
300 1481 328 1509 tua
340 1475 458 1510 consolatione
469 1475 522 1510 michi
534 1475 616 1519 plenioris
629 1475 685 1509 leticie
697 1474 774 1510 remedia

72 1528 212 1569 compensabam,
231 1527 272 1560 Non
280 1526 351 1560 hostiles
357 1526 439 1566 incursus,
447 1537 482 1560 non
490 1537 567 1561 carceres
574 1527 657 1561 timebam
665 1532 694 1560 aut
701 1526 774 1569 gladios,

71 1583 102 1611 tua
108 1576 229 1611 intercessione
237 1576 320 1610 suffultus.
336 1577 402 1617 Infelix,
410 1586 462 1619 quare
469 1574 541 1620 pres'ens
548 1587 583 1611 non
590 1578 643 1611 affui?
654 1588 707 1620 quare
715 1577 775 1610 oculos

72 1628 111 1661 illos
126 1628 198 1661 celestes
213 1626 293 1660 manibus
307 1626 351 1660 meis
366 1626 384 1660 in
398 1633 454 1661 morte
468 1637 504 1661 non
519 1627 579 1668 clausi,
592 1628 662 1670 quando
674 1629 734 1661 beatus
745 1626 774 1661 ille
783 1637 802 1669 ²5

73 1678 142 1721 spiritus
157 1688 197 1711 cum
212 1676 328 1712 sacratissima
343 1677 372 1711 illa
387 1687 438 1711 carne
453 1677 546 1711 diuortium
560 1678 667 1712 celebrauit?
691 1679 715 1712 Et
729 1687 775 1711 nunc

72 1729 200 1763 infelicissimus
212 1728 251 1762 exul
265 1738 299 1771 quo
315 1728 356 1762 ibo?
377 1728 424 1769 Quid
439 1729 514 1762 faciam?
530 1739 565 1772 quo
579 1739 607 1762 me
622 1730 701 1763 uersam?
723 1729 775 1762 Nunc

73 1779 129 1822 primo
143 1779 189 1812 enim
204 1789 233 1812 me
246 1778 327 1811 miserum
341 1783 358 1811 et
372 1779 438 1811 exulem
450 1788 560 1821 recognosco.
582 1781 623 1812 Non
638 1780 713 1819 deseras,
725 1784 775 1822 pater

74 1830 164 1870 Guthlace,
171 1839 206 1861 non
214 1829 283 1861 deseras
291 1829 337 1860 hunc
344 1828 436 1868 desertum,
443 1828 490 1860 hunc
498 1829 621 1867 exulem,bunc
628 1829 720 1867 abiectum,
728 1829 775 1862 hunc

73 1878 127 1913 filium
145 1878 214 1920 doloris,
231 1878 277 1912 hunc
293 1888 357 1921 uagum
374 1884 392 1912 et
409 1878 511 1922 profugum*
526 1888 577 1921 super
592 1885 661 1920 terram,
678 1878 774 1922 expositum
783 1890 803 1922 30

73 1928 153 1973 periculis
161 1935 179 1963 et
186 1929 281 1962 tormentis.
298 1929 322 1969 Si,
330 1929 347 1962 in
356 1939 407 1963 came
415 1928 487 1971 positus,
493 1928 540 1963 suisti
548 1935 609 1972 potens
616 1935 634 1963 et
640 1930 700 1964 efficax
707 1928 775 1963 adiutor

73 1980 108 2014 hiis
115 1979 144 2023 qui
152 1981 181 2014 tue
192 1979 320 2013 intercessionis
328 1978 431 2013 beneficium
439 1978 559 2022 implorabant,
566 1987 631 2022 quanto
638 1991 684 2014 nunc
691 1978 776 2014 efficatior

74 2031 154 2070 crederis,
167 2031 196 2073 qui
210 2040 256 2063 nunc
270 2030 316 2063 mole
331 2028 407 2070 corporis
423 2029 507 2072 deposita,
522 2030 567 2063 inter
581 2030 652 2071 angelos
667 2030 776 2070 constitutus,

75 2080 162 2114 Christum
173 2080 227 2113 solem
239 2078 305 2113 iusticie
315 2084 333 2113 et
343 2078 460 2113 misericordie
471 2080 541 2120 sontem,
552 2079 676 2114 irreuerberata
686 2081 724 2114 acie
734 2091 776 2114 con·

74 2129 182 2172 templarisl¹
205 2130 245 2163 Hiis
258 2136 275 2163 et
287 2129 371 2163 similibus
383 2135 439 2171 utens,
452 2129 470 2162 in
481 2129 552 2172 planctu
563 2136 580 2163 et
593 2129 657 2172 gemitu
670 2137 687 2165 et
699 2131 776 2165 oratione
785 2142 804 2174 35

75 2181 157 2216 continua
171 2179 217 2214 diem
232 2180 298 2214 clausit.
321 2181 342 2214 ln
360 2181 418 2213 casula
436 2190 477 2222 ergo
493 2180 574 2223 quadam,
591 2191 624 2224 que
642 2180 712 2216 uiuente
725 2181 777 2215 beato

76 2232 162 2265 Guthlaco
169 2229 251 2273 sole[ha]t
257 2240 296 2264 esse
303 2230 399 2273 hospicium
404 2229 416 2271 ³,
424 2231 501 2263 nondum
507 2237 586 2264 cessante
593 2231 672 2265 mesticia
679 2243 699 2265 se
706 2231 776 2274 recepit.

77 2281 154 2324 Cumque
169 2280 262 2314 maximam
276 2286 342 2323 partem
355 2279 410 2313 noctis
424 2280 476 2314 uariis
491 2281 606 2316 anxietatibus
617 2288 688 2316 estuans
702 2282 777 2315 duxisset

76 2331 190 2374 insompnem,
201 2330 271 2364 tandem
284 2329 384 2364 dormitanti
396 2330 470 2364 blandus
483 2339 535 2373 sopor
547 2331 634 2374 obrepsit:
648 2342 669 2365 ac
681 2331 738 2364 subito
749 2341 777 2364 ex-

76 2381 179 2425 pergiscens,
188 2382 267 2415 cellulam
274 2381 292 2415 in
300 2391 335 2426 qua
342 2380 414 2423 iacebat,
421 2380 491 2424 respicit
502 2381 598 2416 circumfusi
608 2381 699 2425 splendore
708 2380 777 2415 luminis
784 2396 805 2425 40

76 2431 176 2466 mirabiliter
183 2432 319 2473 choruscantem,
324 2432 428 2476 beatumque
434 2433 539 2467 Guthlacum
546 2433 578 2467 sibi
586 2438 670 2466 astantem
676 2432 778 2474 fulgentem·

76 2493 110 2525 que
121 2481 179 2515 celesti
191 2483 287 2524 splendore,
295 2488 312 2516 et
322 2482 354 2516 hec
364 2482 418 2516 uerba
428 2483 526 2517 dicentem:
539 2483 581 2517 ‘Fili
591 2483 686 2524 karissime,
697 2482 777 2516 domiuus

76 2538 94 2566 te
104 2532 190 2574 respexit:
202 2532 271 2565 confide
282 2538 299 2565 et
310 2533 410 2574 confortare,
418 2534 459 2575 quia
469 2533 513 2566 infra
523 2533 555 2566 hoe
564 2532 652 2566 biennium
661 2532 713 2565 finem
724 2532 777 2566 babe-

96 2594 144 2626 ¹om.
181 2592 456 2635 ²MS.etprolugumetprolngum.
491 2593 758 2634 ⁵Fel.que...hospitarisolebat.
