1762 2803
74 144 108 178 ns.
115 145 188 178 onor-1³.
197 156 210 180 2.
219 146 241 187 r]
300 135 410 190 ottae.
421 135 544 195 othlon.
731 147 775 193 709

73 258 114 302 quia
125 261 207 295 cartulam
219 271 252 294 non
264 260 344 295 arnlttes.’
366 262 419 295 Porro
430 271 491 295 coruus
501 260 572 295 auolans
582 258 616 294 iarn
626 268 685 294 eorum
696 264 776 301 aspectus

73 317 161 345 euaserat:
178 312 209 345 sed
219 312 242 344 ad
253 312 353 345 mandatum
366 311 446 345 Guthlaci
457 312 509 345 homo
523 311 551 344 ille
566 311 630 344 scafam
645 310 747 353 ingrediens
758 314 776 343 et

73 359 91 392 in
106 367 163 402 partes
178 362 235 404 stagni
249 362 371 395 remotissimas
386 372 425 395 earn
440 363 510 402 ducens,
525 362 547 395 de
562 360 660 395 inuentione
675 358 733 402 scripti
749 359 775 392 sui

73 410 141 452 penitus
148 412 252 455 desperaret,
260 412 292 445 nisi
298 412 338 444 illud
347 411 468 445 inuenientium
475 418 545 444 sanctus
552 411 626 444 famulus
632 410 660 444 dei
668 409 776 453 predixisset.

73 460 117 493 Erat
126 468 183 495 autem
191 462 209 494 in
216 462 274 495 media
282 461 337 503 stagni
345 462 415 504 planitie
422 463 501 496 harundo
508 473 542 496 vna
549 462 566 496 in
577 461 675 496 summitate
683 460 775 501 confracta,
783 466 792 499 5

73 521 107 554 que
119 512 193 546 assiduis
206 523 289 555 aquarum
302 512 407 546 discursibus
419 512 496 547 tremulis
507 518 544 547 erat
555 512 631 546 motibus
644 510 725 555 inquieta.
754 511 775 544 ln

73 561 124 595 huius
135 562 236 595 harundinis
246 562 358 602 extremitate,
367 572 400 605 que
411 563 498 596 confracta
508 563 594 605 pendebat
605 562 623 595 in
634 573 703 605 aquam,
714 571 775 595 coruus

73 611 162 644 dimiserat
169 612 253 651 cedulam,
261 612 335 644 locatam
345 611 369 644 ita
380 612 456 651 firmiter,
463 622 485 644 ac
495 612 510 644 si
518 622 557 644 eam
567 611 658 644 harundini
670 612 699 644 filo
706 611 734 644 uel
741 611 775 644 alio

73 661 125 694 modo
133 671 195 694 manus
204 659 279 694 hominis
290 659 381 703 alligasset.
404 661 443 694 Nec
449 660 525 703 precium
533 660 597 694 cartule
606 670 639 694 nec
646 660 740 703 dampnum
747 660 776 693 hie

33 752 35 755 Ι
73 710 178 751 miraculum,
190 711 222 744 sed
233 712 293 744 efficax
304 711 335 744 uiri
347 711 402 744 sancti
413 711 472 750 oratio,
483 710 531 744 cuius
540 710 617 751 uerbum,
628 710 671 744 sicut
681 710 742 753 legitur
753 710 775 744 de
784 719 804 743 ιο

74 761 159 803 Samuele,
167 761 266 806 ‘nunquam
274 761 359 795 interram
367 761 439 795 cecidit!
455 761 562 794 Illudtamen
569 761 671 794 miraculose
678 760 776 794 mirandum

74 819 100 847 est
108 813 155 856 quod
162 812 180 846 in
188 813 245 847 medio
251 820 339 856 aquarum,
347 813 376 847 ubi
381 823 426 857 aque
431 812 524 847 toneneior
528 819 555 847 est
559 822 645 853 excursus,
653 811 671 847 in
679 810 776 846 summitate

73 863 127 897 fracte
141 863 247 905 harundinis,
263 864 328 897 cartula
342 864 366 901 ita
381 873 433 898 como
448 863 525 905 dimissa,
539 862 563 898 ita
577 863 678 907 equilibrata
688 862 777 905 pependit,

74 913 121 955 quod
128 923 161 946 nec
168 913 235 946 uentosi
242 913 315 946 turbinis
322 919 372 956 raptu
379 924 412 947 nec
419 923 463 956 aque
470 914 539 946 fluentis
546 913 610 954 impetu
618 918 721 946 moueretur.

117 1041 217 1084 QUOMODO
228 1049 278 1076 AUES
289 1049 314 1075 ET
324 1049 388 1077 riscus
400 1049 540 1075 FAMILIARI'I'ER
549 1048 732 1075 CONUERSABANTUR

384 1102 425 1130 CUM
436 1103 466 1129 ΕΟ.

74 1165 149 1240 Abiud
161 1165 212 1198 etiarn
223 1175 258 1198 non
270 1172 296 1198 est
306 1167 339 1198 sub
350 1165 420 1198 silencio
430 1165 565 1198 transeundum:
577 1164 664 1207 quomodo
674 1174 709 1197 non
721 1165 776 1197 solum
785 1175 803 1204 15

135 1214 153 1247 in
160 1214 264 1256 hominibus,
272 1215 328 1249 sedin
336 1215 391 1249 brutis
399 1214 502 1249 animalibus
513 1221 530 1248 et
538 1214 599 1248 auibus
609 1214 687 1248 mirificat
695 1214 776 1247 dominus

74 1270 153 1299 sanctum
158 1275 213 1298 suum.
221 1266 268 1299 Nam
274 1266 297 1300 ad
302 1264 355 1308 ipsius
360 1265 468 1300 uocationem
473 1265 653 1299 hirundinesetcetere
658 1274 700 1299 aues
705 1264 775 1305 heremi,

73 1315 130 1358 pisces
140 1315 192 1349 etiam
202 1316 266 1358 stagni,
275 1322 367 1360 gratanter
377 1316 472 1359 accedunt;
489 1322 506 1350 et
518 1316 567 1360 quasi
580 1316 603 1351 ad
616 1315 685 1350 alterius
697 1314 777 1350 Danielis

73 1366 168 1406 arbitrium,
176 1366 262 1399 siluestria
269 1367 334 1400 heremi
340 1374 466 1400 mansuescunt.
485 1369 506 1400 ln
514 1367 569 1410 primo
576 1367 652 1400 aduentu
659 1365 775 1406 hirundinum,

73 1415 122 1457 quasi
130 1415 220 1457 prehabita
227 1415 291 1449 blanda
298 1416 401 1450 salutatione
408 1417 431 1449 ab
439 1417 469 1456 eis,
477 1421 523 1450 certa
530 1415 650 1449 nidificationis
657 1415 696 1449 loca
703 1415 775 1457 singulis
785 1422 804 1445 2⁰

73 1465 178 1507 assignabat.
201 1463 233 1498 llle
240 1476 281 1498 uero
288 1465 324 1499 eius
332 1465 407 1509 scapulis
413 1465 519 1500 familiariter
527 1466 627 1506 insidentes,
634 1465 709 1508 quodam
716 1471 776 1507 gratu·

73 1516 142 1550 lationis
149 1515 232 1559 applausu
244 1514 277 1550 uiri
286 1516 435 1551 mansuetudinem
443 1517 547 1550 fatebantur.
569 1516 621 1559 Quod
630 1515 738 1560 conspiciens
749 1514 776 1548 uir

73 1566 143 1609 quidam
155 1567 190 1599 uite
202 1566 305 1600 uenerabilis
318 1573 335 1601 et
349 1567 422 1609 gloriose
434 1567 525 1610 opinionis,
538 1577 589 1610 quern
604 1568 665 1601 beatus
681 1567 776 1601 Guthlacus

74 1616 92 1648 in
103 1616 180 1650 ‚amicitie
191 1616 283 1658 spiritualis
296 1616 383 1656 vinculum
394 1624 412 1651 et
424 1617 442 1663 in
454 1617 530 1659 graciam
540 1628 604 1659 magne
614 1616 734 1650 familiaritatis
745 1616 777 1649 ad-

73 1666 153 1699 miserat:
170 1666 191 1699 de
202 1672 251 1700 tanta
261 1667 392 1700 mausuetudine
407 1667 462 1700 sancti
476 1666 552 1700 hominis
564 1667 691 1708 obstupescens,
703 1665 776 1709 quesiuit
785 1672 804 1704 25

72 1717 95 1750 ab
106 1727 128 1750 eo
139 1717 184 1749 vnde
193 1722 237 1750 esset
248 1723 297 1750 tanta
306 1716 374 1750 illarum
384 1717 443 1750 auium
454 1716 560 1751 confidencia
571 1722 589 1750 et
600 1727 660 1751 secura
671 1715 776 1750 cohabitatio

73 1766 120 1799 circa
135 1766 197 1809 ipsum.
227 1767 324 1809 Respondit
338 1767 366 1800 uir
379 1767 421 1800 dei:
439 1767 485 1807 ‘Qui
503 1772 540 1800 toto
558 1766 610 1800 corde
627 1765 671 1808 fugit
690 1766 776 1799 consortia

73 1816 169 1857 hominum,
175 1827 210 1850 non
218 1817 274 1850 solum
279 1817 295 1851 ei
301 1817 336 1851 fere
343 1823 360 1851 et
367 1817 451 1859 uolucres,
456 1818 487 1851 sed
492 1816 550 1850 omnia
557 1816 620 1850 cedunt
626 1815 641 1850 ei
649 1816 672 1851 ad
680 1815 763 1851 solacium
769 1826 775 1856 ς

73 1872 90 1899 et
98 1867 168 1909 insuper
175 1876 263 1909 nunquam
270 1866 286 1900 ei
294 1867 358 1900 blanda
365 1866 419 1900 deerit
426 1866 521 1900 consolatio
527 1866 637 1909 angelorum!

168 1994 200 2027 DE
210 1993 349 2028 AEtrtntunhno
360 2000 431 2035 uxtJLu,
442 1999 467 2027 ΕΤ
477 1999 504 2027 DE
515 1998 593 2028 DUABUS
603 1998 689 2027 Mantele.

73 2065 173 2140 ,EOdem
178 2070 255 2107 tempore
260 2064 287 2098 uir
291 2064 361 2108 quidam
366 2064 436 2098 nomine
441 2064 564 2098 Aethelbaldus
569 2063 591 2098 de
596 2073 659 2106 genere
665 2063 775 2105 Merciorum,
784 2075 804 2107 30

137 2114 251 2156 generositate
262 2114 367 2156 spectabilis,
375 2115 406 2147 sed
416 2114 466 2147 exilio
477 2114 583 2154 miserabilis,
591 2123 631 2147 cum
642 2113 725 2147 aduersus
736 2124 776 2148 eum

73 2164 138 2199 sorcius
149 2170 166 2197 et
177 2164 245 2206 grauius
262 2164 356 2197 Coinredus
367 2175 396 2197 rex
410 2164 528 2204 inualesceret,
541 2173 615 2207 eumque
626 2173 696 2206 prorsus
707 2174 719 2197 a
728 2162 776 2206 regni

74 2216 100 2251 sui
108 2215 170 2250 finibus
178 2215 274 2249 exturbaret
282 2226 286 2249 ε
299 2214 345 2248 omni
353 2214 430 2248 humano
439 2213 503 2249 solacio
511 2214 607 2254 destitutus,
614 2214 671 2248 uirum
680 2213 708 2248 dei
720 2214 776 2248 Guth-

73 2267 130 2300 lacum
143 2265 250 2309 frequencius
263 2265 349 2307 uisitabat,
360 2275 430 2309 sperans
441 2265 478 2300 eius
488 2261 553 2300 meritis
566 2276 577 2300 a
588 2266 621 2300 deo
632 2275 663 2299 sue
672 2265 776 2300 infelicitatis

73 2317 151 2357 optinere
169 2316 364 2350 solacium-consilium
384 2315 429 2349 enim
451 2316 520 2358 penitus
538 2323 555 2350 et
574 2316 655 2350 auxilium
674 2316 775 2358 desperabat
783 2323 802 2355 35

73 2366 174 2400 humanum.
196 2366 291 2400 Guthlacus
298 2375 345 2407 uero,
352 2364 381 2409 qui
389 2366 433 2400 adeo
440 2366 553 2400 exuberanter
559 2365 674 2400 misericordie
681 2364 775 2398 uisceribus

73 2416 154 2449 affluebat
162 2421 181 2448 ut
188 2426 228 2449 curn
235 2417 286 2450 beato
299 2417 331 2450 lob
341 2415 398 2450 dicere
409 2421 467 2459 posset
479 2416 520 2459 quia
529 2416 607 2450 ‘mecum
619 2414 671 2449 creuit
682 2414 775 2455 miseratio,

73 2472 91 2501 et
102 2466 125 2500 ab
136 2471 185 2500 utero
192 2466 252 2500 matris
264 2477 303 2501 mee
309 2477 379 2510 egressa
390 2472 416 2501 est
427 2466 518 2501 mecum':
530 2466 618 2509 angustias
627 2463 737 2498 Aethelbaldi
744 2474 776 2507 per

74 2516 197 2560 compassionis
204 2517 291 2560 affectum,
297 2528 331 2552 non
338 2518 393 2552 solum
401 2516 433 2551 sibi
441 2527 545 2558 communes,
551 2516 582 2551 sed
587 2522 605 2550 et
612 2515 689 2559 proprias
695 2515 775 2549 faciebat.

74 2567 142 2603 Accidit
154 2577 189 2602 una
201 2567 229 2602 die
240 2573 258 2602 ut
269 2568 393 2603 Aethelbaldus
406 2568 487 2603 adiuncto
499 2567 532 2602 sibi
543 2567 579 2601 viro
592 2565 685 2601 uenerabili
697 2565 775 2600 Wilfrido
783 2576 803 2607 4⁰
