1762 2803
56 112 140 154 us-uu
245 104 291 162 Bc
304 103 439 166 amicata
455 104 575 157 duuuett.
717 117 761 162 307

55 224 78 254 ilii
85 229 152 256 mortem
160 230 235 257 etemam
256 227 289 265 lpsi
298 232 351 257 autem
362 227 438 257 immundi
448 226 513 265 spiritus
523 231 569 257 erant
579 226 619 265 nigri
629 225 670 257 sicut
680 226 762 264 carbones,

56 272 97 302 oculi
104 282 159 304 eorum
169 277 186 304 ut
195 273 275 313 lampades
284 274 317 313 igni
327 274 407 313 ardentes,
414 275 470 304 dentes
479 284 533 305 eorum
540 274 577 304 niue
586 273 695 310 candidiorem
705 275 762 304 caudas

56 320 135 351 habebant
142 326 159 352 ut
169 323 267 360 scorpiones,
274 331 335 359 ungues
344 322 405 352 terreos
414 326 474 360 acutos,
481 323 515 353 alas
525 325 542 352 ut
552 321 624 353 uulturis.
646 321 708 352 Interea
718 320 763 351 affuit

56 368 122 406 angelus
142 370 206 407 domini,
224 369 251 408 qui
271 370 329 409 sugatis
348 370 428 408 spiritibus
444 369 544 401 tenebrarum
562 369 652 400 consolatus
670 374 695 399 est
713 369 762 408 (ea)m

56 416 121 447 dicens:
135 417 200 446 ‘Gaude
212 422 229 446 et
242 418 297 452 letare,
308 418 341 447 tilia
354 418 398 452 lucis,
411 418 447 454 quia
461 417 590 455 (misericordiam
604 416 627 453 et)
642 425 674 445 nou
688 416 780 452 indicimus

56 463 164 500 consequeris.
186 463 237 493 Penas
252 464 300 503 (enim
318 473 383 502 magnas
400 464 474 502 uudebu,
488 469 514 494 set
531 473 558 494 eas
574 472 606 494 non
623 463 694 501 patieris.
715 462 763 503 (Veni

57 518 95 546 ergo
105 514 121 540 et
132 510 222 549 ostendam
232 511 260 541 tibi
269 511 357 549 pessimum
367 511 431 541 humani
443 511 507 549 generis
517 509 607 550 inimicum‚‘
618 514 634 541 et
644 510 732 549 precedens
742 510 763 541 ad

57 561 111 595 portas
121 558 183 594 inferni,
196 560 248 590 dixitr
264 559 314 589 ‘Veni
326 564 342 589 et
354 559 396 589 ulde.
418 559 462 589 Scito
474 564 527 589 tamen
538 559 581 597 quod
593 557 653 589 nullum
665 559 719 588 lumen
731 558 763 588 hiis

56 606 83 642 qui
93 606 125 635 huc
135 606 231 644 deputantur
240 607 292 643 lucet;
304 610 329 636 set
339 610 356 635 tu
365 606 426 644 poteris
436 615 465 636 eos
475 606 530 636 uidere
540 610 557 637 et
567 606 598 644 ipsi
608 615 641 635 non
649 605 726 635 uidebunt
735 605 763 636 te.¹

56 645 161 691 Appropians
175 658 227 683 autem
241 653 294 683 anima
306 653 346 683 uidit
356 653 444 692 principem
454 654 554 684 tenebrarum
565 657 582 683 et
592 653 688 691 protundum
699 652 761 683 inferni.
772 659 791 681 ro

57 700 93 735 Que
104 705 157 730 autem
171 705 188 729 et
198 701 250 737 qualia
262 701 284 729 ibi
297 701 355 729 uiderit
367 701 439 729 inaudita
449 703 537 733 tormentum
549 700 563 729 si
573 703 637 729 centum
650 699 707 737 capita,
719 699 762 729 etin

57 755 153 785 unoquoque
160 748 211 785 capite
219 751 283 777 centum
293 752 348 777 essent
358 747 412 786 lingue
416 746 426 784 ¹,
434 756 508 778 enarrare
517 746 562 778 nullo
572 747 620 777 modo
631 751 698 785 possent
703 745 714 776 ².
739 746 763 777 lbi

57 793 101 824 uisus
114 799 138 825 est
150 796 225 834 princeps
236 795 313 832 diabolus,
325 796 352 833 qui
361 795 470 833 magnitudine
481 794 576 834 precedebat
587 803 644 825 omnes
654 794 713 825 bestias
723 804 763 833 quus

57 846 94 872 ante
106 843 172 881 uiderat,
185 844 230 874 cuius
242 843 313 881 corporis
324 843 408 881 quantitati
419 844 454 881 ipsa
466 852 497 881 que
509 843 570 873 uiderat
581 843 633 873 anima
645 842 692 872 nichil
704 843 763 872 sciebat

57 898 153 927 comparare.
175 890 213 920 Erat
224 889 266 920 enim
276 890 327 920 bestia
336 890 422 927 nigerrima
432 890 472 920 sicut
483 899 546 926 coruus,
553 890 619 920 sormam
628 890 689 919 habens
698 889 763 920 humani
772 896 791 926 15

58 937 129 975 corporis
140 948 150 967 a
162 938 228 975 pedibus
240 947 290 974 usque
302 937 322 967 ad
333 941 387 974 caput,
399 942 467 975 excepto
479 938 522 975 quod
533 937 609 974 plurimas
621 936 688 966 habebat
701 946 763 974 manus,

57 984 134 1014 habebat’
139 989 156 1014 et
163 985 233 1014 caudam.
252 984 325 1013 Habebat
331 984 409 1022 siquidem
417 994 449 1014 non
457 984 509 1014 minus
516 984 558 1014 mille
565 983 642 1019 manibus,
648 987 664 1013 et
671 983 687 1013 in
695 983 762 1021 longitu-

57 1030 94 1063 dine
99 1031 212 1068 quusicentum
218 1031 284 1067 cubitos,
289 1031 305 1060 in
310 1031 417 1069 grossitudine
422 1032 477 1061 decem
483 1030 593 1071 habeba[n]t¹.
605 1031 763 1069 Vnaquequemanus

58 1077 116 1116 digitos
123 1079 188 1109 uicenos
195 1078 254 1115 habuit,
259 1082 275 1108 et
281 1078 325 1116 digiti
333 1079 367 1109 eius
374 1079 391 1109 irr
398 1079 497 1117 longitudine
502 1083 578 1109 centenas
583 1078 644 1117 palmas
651 1078 761 1118 habeba[n]t³,

55 1125 101 1155 etin
113 1126 220 1164 grossitudine
228 1127 282 1156 denas.
304 1126 377 1156 Habebat
387 1135 449 1164 ungues
458 1126 517 1156 lanceis
527 1125 593 1156 militum
604 1126 692 1162 grossiores
702 1130 718 1156 et
727 1126 762 1155 lon-
771 1133 791 1154 20

58 1172 115 1209 giores‚
126 1178 142 1203 et
152 1174 196 1210 ipsos
206 1174 276 1208 ferreos;
285 1173 301 1202 in
314 1173 380 1210 pedibus
390 1173 461 1202 totidem.
483 1173 559 1202 Rostrum
569 1174 604 1202 eius
613 1173 659 1202 nimis
669 1173 734 1211 longum
746 1177 763 1203 et

57 1228 135 1259 grossum,
143 1220 193 1250 cauda
201 1220 286 1258 asperrima
296 1224 313 1250 et
320 1220 372 1258 longa,
380 1220 400 1250 ad
410 1220 500 1250 nocendum
511 1220 592 1250 animabus
602 1220 661 1250 aculeis
668 1220 763 1250 acutissimis

58 1272 145 1304 preparata.
167 1268 210 1297 lacet
221 1273 274 1297 autem
286 1267 325 1297 illud
336 1268 411 1297 horribile
421 1272 509 1297 monstrum
521 1276 570 1305 super
580 1271 639 1297 cratem
649 1266 715 1297 terream
726 1276 763 1306 sup

57 1315 114 1352 positis
127 1316 218 1345 ardentibus
229 1315 289 1352 prunis,
301 1320 318 1345 et
331 1315 351 1345 ab
365 1314 475 1345 innumerabili
488 1314 588 1345 multitudine
601 1316 687 1345 demonum
701 1315 764 1346 follibus

58 1362 155 1393 sufflanclurn
162 1362 272 1393 circumdatus.
293 1362 383 1393 Circumdat
391 1366 444 1392 auteur
455 1363 506 1400 ipsum
513 1366 557 1392 tanta
563 1362 647 1393 multitudo
654 1363 740 1393 enlmamm
747 1368 764 1394 et
773 1370 791 1401 ²5

58 1411 148 1446 demonum,
155 1410 198 1447 quod
207 1410 247 1439 nulli
257 1410 331 1439 credibile
342 1414 385 1440 esset
396 1411 438 1448 quod
449 1410 517 1440 muudus
528 1414 551 1440 tot
561 1410 621 1439 animas
630 1419 686 1448 parere
693 1415 748 1447 posset
754 1422 764 1441 a

58 1457 140 1494 principio,
161 1457 226 1493 Ligatus
233 1461 257 1486 est
262 1461 315 1486 autern
322 1456 349 1485 ille
356 1457 407 1486 hostis
413 1456 488 1493 antiquus
496 1465 525 1493 per
531 1456 602 1493 singulas
609 1457 714 1486 membrorum
721 1458 764 1486 iunc-

59 1508 101 1533 turas
112 1503 184 1534 cathenis
195 1503 250 1533 ferreis
261 1501 341 1532 etaereis⁶
351 1502 404 1540 ignitis
415 1506 431 1532 et
441 1502 487 1532 ualde
498 1503 563 1540 grossis.
588 1504 661 1542 Cumque
674 1504 697 1533 sic
711 1512 763 1534 uersa·

58 1549 112 1579 retur⁷
121 1550 137 1580 in
148 1549 241 1580 carbonibus
255 1554 271 1580 et
285 1550 355 1588 undique
366 1550 489 1587 combureretur,
500 1550 549 1581 nimia
561 1550 667 1581 exardescens
681 1551 704 1581 ira
716 1552 764 1582 uertit

58 1606 76 1626 se
81 1597 101 1627 de
108 1607 141 1627 uno
147 1597 197 1627 latere
203 1598 220 1626 in
225 1597 267 1627 aliud
274 1597 319 1635 latus,
326 1598 349 1637 (et
355 1596 418 1636 omnes)
424 1606 480 1627 manus
487 1606 524 1627 suas
531 1597 595 1628 inillam
602 1598 718 1629 multitudinem
724 1598 764 1638 (ani-
772 1605 793 1635 3ο

58 1654 119 1675 marum
126 1645 210 1683 cultendit
218 1654 278 1682 easque
287 1645 356 1682 repletas
364 1644 453 1685 (animabus
459 1644 563 1682 constrin)rrit
571 1646 612 1675 sicut
620 1645 695 1683 (rusticus
705 1646 764 1676 siciens

38 1697 39 1700 ’
58 1701 130 1722 racemos
140 1691 229 1729 comprimit
238 1696 255 1721 ut
265 1692 302 1721 inde
312 1691 367 1721 uinum
377 1691 439 1727 eliciat;
449 1691 466 1720 in
476 1695 536 1720 tantum
547 1697 565 1720 ut
575 1692 618 1721 nulla
627 1697 671 1721 esset
680 1693 702 1721 ibi
712 1693 765 1722 anima

58 1747 90 1776 que
97 1738 124 1768 tali
131 1738 228 1768 contricione
235 1747 267 1768 non
275 1738 364 1777 priuaretur
369 1738 421 1775 capite
428 1741 455 1768 aut
462 1737 528 1775 pedibus
535 1738 561 1767 uel
569 1739 645 1769 manibus.
658 1739 678 1769 Et
685 1744 722 1770 tunc
730 1749 764 1769 sus·

58 1785 111 1824 pirans
118 1786 187 1817 sufflauit
194 1790 210 1816 et
216 1785 273 1824 sparsit
280 1785 340 1815 animas
347 1786 364 1815 in
368 1786 441 1822 diuersas
448 1790 502 1823 partes
508 1786 587 1824 gehenne,
591 1790 607 1816 et
614 1787 666 1816 statim
672 1788 764 1819 eructuabat

59 1837 116 1871 puteus
127 1833 153 1863 ille
168 1833 188 1862 de
199 1842 231 1871 quo
242 1833 341 1871 prediximus
353 1832 416 1862 fetidam
428 1837 476 1870 atque
486 1833 576 1863 horribilem
587 1834 670 1864 llamnram.
697 1834 717 1864 Et
728 1844 763 1865 cum
772 1841 791 1872 35

59 1881 146 1911 retraheret
156 1881 242 1910 anhelitum
252 1890 297 1910 suurn
308 1880 342 1910 dira
351 1880 378 1909 illa
387 1879 443 1917 bestia,
453 1880 519 1910 retraxit
529 1881 549 1910 ad
559 1889 577 1910 se
588 1889 644 1910 omnes
653 1881 715 1911 animas
724 1890 764 1919 quas

59 1933 96 1959 ante
103 1932 188 1966 sparserat,
195 1932 211 1957 et
220 1937 255 1957 cunr
265 1927 308 1956 sumo
317 1932 333 1957 et
342 1927 418 1965 sulphure
428 1926 445 1956 iu
452 1935 470 1957 os
478 1927 513 1957 eius
520 1928 595 1957 cadentes
603 1928 690 1959 deuorault.
711 1928 740 1959 Set
748 1935 764 1961 et

59 1985 152 2014 quecunque
158 1985 213 2005 manus
219 1975 253 2005 eius
258 1975 346 2012 effugerant
354 1984 374 2004 ne
381 1974 502 2011 stringerentur,
507 1974 542 2004 illas
549 1984 585 2004 cum
590 1975 640 2004 cauda
647 1985 676 2005 sua
681 1977 764 2013 percussit.

60 2023 80 2053 Et
90 2024 113 2053 sie
122 2023 180 2053 misera
186 2022 236 2052 bestia
243 2022 335 2060 percuciens
342 2030 405 2058 semper
411 2021 535 2058 percuciebatur,
542 2025 559 2050 et
566 2026 644 2051 tormenta
651 2022 733 2052 animabus
740 2024 764 2053 in·

59 2071 117 2107 ferens,
127 2071 144 2100 in
152 2070 235 2100 tormentis
246 2069 317 2099 omnibus
327 2077 377 2106 super
385 2077 441 2107 omnes
452 2068 555 2100 cmciabatur,
578 2069 624 2099 Tunc
634 2070 657 2099 ait
667 2070 734 2108 angelus
743 2072 763 2102 ad
772 2079 793 2109 40

59 2118 138 2148 animaru:
154 2117 195 2147 ‘Hic
209 2121 234 2147 est
248 2116 314 2154 Lucifer,
329 2115 422 2154 principium
435 2120 542 2145 creaturarum
557 2117 589 2152 dci,
603 2117 629 2155 qui
643 2117 735 2148 uersabatur
747 2118 764 2149 in

60 2165 120 2196 deliciis
126 2165 199 2204 paradisi.
220 2164 251 2202 Qui
260 2164 274 2194 si
284 2163 345 2194 solutus
354 2163 404 2200 suerit,
413 2162 463 2193 celum
472 2163 518 2193 simul
527 2167 543 2193 et
554 2168 611 2194 terram
619 2173 669 2202 usque
677 2166 698 2195 ad
705 2165 765 2197 inferos

60 2218 116 2243 cuncta
120 2213 217 2251 perturbabit
221 2212 230 2243 ⁸.
253 2212 281 2242 Hii
288 2216 339 2241 tamen
345 2211 372 2249 qui
379 2220 413 2240 curu
420 2220 440 2240 eo
447 2214 488 2245 sunt,
494 2211 551 2248 partim
557 2215 594 2241 sunt
601 2212 654 2250 angeli
659 2213 764 2251 tenebrarum,

60 2261 116 2297 partiar
124 2261 151 2289 filii
158 2261 193 2290 Ade
201 2261 254 2289 etiam
263 2259 327 2289 iudicati
333 2263 375 2294 sunt,
382 2263 399 2288 et
408 2258 465 2287 multos
475 2258 515 2288 alios
526 2263 611 2296 expectant
618 2259 644 2297 qui
651 2259 676 2289 uel
684 2259 764 2291 Christum

60 2312 158 2345 negauerunt
168 2308 194 2336 uel
204 2306 302 2344 negancium)
313 2315 362 2343 opera
371 2305 455 2344 uenerunt
477 2305 521 2334 Passl
531 2310 568 2335 sunt
577 2315 636 2343 eaque
645 2306 711 2345 uidisti,)
720 2308 765 2345 prius
772 2314 792 2345 45

61 2354 128 2393 (minem
138 2357 221 2390 tormenta,
232 2357 248 2383 et
258 2356 314 2391 postea
324 2352 365 2382 ducti
375 2354 412 2381 sunt
422 2351 449 2388 nd)
460 2350 496 2387 ista,
504 2351 525 2382 de
535 2351 599 2390 (qrribrrs
609 2352 661 2382 nullus
671 2353 698 2391 qui
707 2355 764 2394 semel)

60 2410 79 2431 ea
93 2400 188 2440 intra(uerit‚
202 2400 268 2438 amplius
282 2400 326 2429 exire
340 2398 403 2437 poterit.
425 2397 457 2428 Hie
470 2399 514 2438 sunt)
527 2399 583 2437 prelati
596 2403 613 2429 et
624 2400 711 2439 princitpes
722 2401 764 2437 mali,

81 2486 265 2525 ²al.haberetlinguas.
304 2484 340 2516 ἀ).
349 2489 408 2524 posset.
448 2484 519 2515 ‘omin
527 2484 564 2515 Sch.
609 2484 764 2517 ¹'l'.VB.habebat

60 2524 67 2543 ³
77 2526 96 2557 T.
103 2527 175 2557 habebat.
214 2526 221 2543 ‘
230 2527 249 2555 T.
257 2526 298 2556 ereis
305 2530 325 2555 et.
371 2524 377 2541 ⁷
386 2525 406 2556 al.
414 2528 496 2555 versatur.
504 2547 508 2556 .
516 2545 520 2554 .
528 2525 624 2556 comburitur
631 2548 635 2557 .
642 2548 646 2557 .
654 2547 658 2556 .
666 2526 764 2565 constringit,

61 2569 92 2597 otc.
142 2565 380 2605 ⁸soSch.,VB.perturbaret.
648 2574 651 2582 ·

398 2631 430 2655 xa
