1762 2803
87 117 130 159 234
279 105 358 157 muna
373 101 489 165 tinente
504 102 597 164 tonte.

86 222 156 258 sidibus
168 223 289 266 electissimis,
297 224 382 259 Guttrum
394 235 457 268 regem
469 225 563 259 Danorum
576 236 617 259 eum
625 224 689 268 viginti
697 224 787 258 nobiliori-

86 277 121 309 bus
129 277 167 310 suis
174 278 197 309 de
205 288 257 309 sacro
265 277 314 309 fonte
320 277 408 309 Alfredus
416 278 490 318 leuaret,
498 289 543 321 pace
551 277 702 321 circumquaque¹
710 278 787 310 firmata.

88 321 129 362 Illis
137 329 201 364 diebus
209 329 315 373 Ardulphus
325 329 473 364 lindisfarnensis
481 330 584 374 episcopus,
593 335 611 363 et
620 329 731 373 [Eadredus]
740 329 788 363 eius-

87 383 130 416 dem
141 383 175 417 loei
186 384 247 423 abbas,
255 393 296 416 cum
308 383 417 426 quibusdam
428 384 514 418 fratribus
526 384 650 427 incorruptum
662 382 720 417 sancti
731 383 789 426 patris

71 443 79 474 5
88 446 155 479 corpus
162 435 277 470 discedentes
285 441 429 480 asportauerunt,
436 436 527 481 longoque
532 441 615 480 tempore
622 437 645 471 de
651 436 690 471 loco
699 436 721 470 ad
729 435 789 470 locum

87 490 242 534 transmigrantes,
254 495 331 533 propter
342 490 447 524 diuturnum
463 491 544 525 laborem
558 490 614 524 nimio
626 491 700 525 tandem
712 490 789 524 coniecti

87 542 141 582 tedio,
148 543 212 576 sedem
219 542 238 575 in
244 542 333 576 Hibernia
341 553 419 586 querere
427 544 557 577 deliberabant
581 543 603 577 Et
611 544 677 577 erectis
683 543 729 577 velis
737 554 789 577 mare

87 595 168 629 sulcant:
188 596 221 628 sed
237 595 322 628 continuo
337 595 411 629 mutatis
426 596 492 638 ventis,
507 597 573 629 ssuctus
591 595 735 630 intumescentes
752 596 789 630 ele-

87 652 157 688 uantur,
170 652 188 680 et
201 646 258 688 nauis,
270 659 305 690 que
317 648 415 690 gubernari
428 659 466 681 non
477 649 538 689 valuit,
550 649 585 680 huc
599 654 617 681 et
630 648 672 681 illuc
686 648 733 680 inter
746 649 789 681 ssuc-

62 699 157 743 1otiuagas
176 699 275 734 iactabatur
292 701 356 735 undas.
379 700 453 734 Interea
472 706 510 735 tres
527 700 574 734 mire
592 700 722 744 magnitudinis
741 702 790 735 vnde

88 751 173 786 horrifico
185 764 226 786 cum
238 763 332 787 murmure
344 753 501 797 superuenientes,
511 763 578 786 nauem
590 753 660 787 medias
671 764 720 797 pene
731 764 789 797 vsque

88 806 111 839 ad
124 806 194 840 tabulas
207 806 334 849 impleuerunt,
350 806 470 850 protinusque
484 807 502 840 in
515 806 624 850 sanguinem
638 817 727 841 conuerse
742 813 790 848 sunt,

89 864 107 892 et
120 871 185 893 omnes
199 860 230 903 qui
244 859 263 892 in
275 871 322 894 naue
337 865 389 894 erant
402 860 491 904 sanguine
505 859 575 904 profusi
586 859 676 894 videntur.
700 860 790 894 Continuo

89 923 154 946 omnes
166 917 246 956 gemunt,
257 913 325 956 lugent,
337 924 398 957 genua
409 913 489 954 flectunt,
497 912 607 956 veniamque
618 913 668 946 stulti
680 923 741 954 ausus,
753 918 790 946 toto

59 979 80 1009 ,15
90 976 166 1009 corpore
174 967 196 999 ad
208 967 265 1010 pedes
274 966 331 1000 sancti
339 966 420 1011 corporis
428 966 519 1010 prostrati,
527 970 596 1010 petunt.
620 966 643 999 Et
655 977 697 1000 ecce
706 965 790 999 continuo

90 1018 175 1053 flantibus
188 1030 198 1053 a
209 1024 261 1062 tergo
272 1019 332 1053 ventis
344 1019 384 1054 sine
396 1019 456 1062 aliqua
468 1019 573 1054 difficultate
587 1020 609 1052 ad
623 1024 696 1063 portum
709 1024 791 1063 optatum

90 1072 204 1114 perueniunt.
228 1072 283 1105 Facta
296 1078 324 1106 est
337 1078 398 1106 autem
414 1072 448 1105 ista
463 1072 563 1106 deuastatio
579 1072 709 1106 Northumbrie
724 1083 735 1106 a
748 1083 791 1116 rege

91 1124 185 1160 Danorum
197 1124 281 1159 Haldene
292 1136 340 1158 anno
352 1125 410 1169 gratie
423 1124 573 1168 octingentesimo
585 1124 790 1168 septuagesimoquinto.

89 1177 124 1210 Ἢ
131 1179 175 1211 dum
183 1178 235 1210 nauis
243 1177 261 1210 in
269 1178 326 1210 latera
333 1183 440 1219 verteretur,
446 1179 514 1211 cadens
524 1188 547 1211 ex
556 1188 578 1210 ea
585 1182 646 1211 textus
654 1178 791 1220 euangeliorum

63 1243 81 1263 20
90 1228 108 1262 in
117 1230 172 1264 maris
181 1230 273 1263 ferebatur
281 1230 403 1273 profundum:
416 1231 449 1263 sed
458 1230 552 1264 reuelante
562 1234 625 1263 sancto
634 1230 733 1264 Cuthberto
741 1233 793 1273 post:

90 1283 166 1316 modum
180 1282 281 1316 inueniunt.
311 1283 388 1316 Necnon
404 1294 477 1326 equum,
491 1289 509 1316 et
525 1282 599 1315 frenum
613 1283 633 1315 in
648 1284 719 1325 arbore,
733 1289 753 1317 vt
769 1284 792 1317 ab

90 1337 155 1371 eodem
177 1343 239 1371 sancto
258 1336 364 1380 didicerant,
383 1337 405 1370 ad
426 1336 558 1371 releuandum³
577 1336 658 1370 laborem
678 1347 737 1379 suurn,
756 1338 791 1371 ruli

90 1389 160 1431 coloris,
179 1389 198 1423 in
217 1400 282 1433 campo
299 1389 397 1433 reperiunt.
420 1389 480 1431 Quem
499 1389 633 1433 adiungebant⁴
648 1388 737 1432 vehiculo,
756 1401 792 1434 quo

90 1442 177 1477 celestem
185 1443 291 1477 thesaurum
299 1442 374 1476 liberius
381 1441 429 1475 ferre
437 1447 517 1486 possent.
571 1435 645 1475 interea
653 1447 727 1476 sanctus
736 1442 792 1476 Cuth-

64 1509 82 1539 ²5
90 1496 152 1529 bertus
167 1506 202 1538 per
217 1496 322 1538 sompnium
336 1496 406 1538 prefato
422 1495 482 1528 abbati
498 1495 571 1528 Edredo
586 1505 684 1538 apparens,
697 1496 791 1539 precepit:

91 1547 222 1589 Cuthredum⁵,
242 1547 299 1580 filium
319 1546 449 1588 Ardechenkt,
470 1558 525 1590 quem
545 1545 592 1578 Dani
613 1546 684 1580 cuidam
699 1547 754 1580 vidue
773 1548 792 1581 in

92 1611 166 1633 sernum
183 1599 308 1643 vendiderant,
324 1600 386 1643 precio
401 1599 489 1632 libertatis
506 1599 605 1643 persoluto,
621 1600 712 1633 exercitus
729 1605 746 1634 et
762 1601 792 1645 qui

92 1658 200 1696 supererant
208 1654 231 1686 de
239 1653 330 1696 indigenis
338 1653 378 1686 sine
390 1662 433 1695 rege
445 1657 530 1686 nutantes
536 1652 548 1692 ⁷,
556 1653 674 1695 perductum³
682 1652 701 1686 in
712 1653 792 1688 medium

91 1704 173 1740 unanimi
185 1705 247 1739 fauore
260 1705 279 1738 in
292 1716 354 1749 regem
367 1704 457 1739 constitui.
476 1705 535 1738 Sedes
547 1704 621 1738 interim
635 1705 744 1749 episcopalis
757 1718 793 1751 que

64 1773 83 1802 30
92 1759 110 1792 in
123 1759 269 1793 Lindissarnensi
279 1764 323 1801 erat,
332 1763 445 1793 restauratur
452 1758 471 1791 in
480 1759 606 1801 Cnncacestre,
615 1770 650 1802 que
659 1760 713 1793 modo
722 1760 793 1795 Cestria

92 1812 161 1856 dicitur,
172 1818 191 1847 et
203 1812 257 1847 distat
270 1823 280 1846 a
294 1812 385 1846 Dunelmo
399 1823 433 1846 sex
444 1811 554 1854 miliaribus;
568 1823 615 1845 anno
629 1812 687 1855 gratie
699 1812 792 1857 octingen-

91 1865 157 1899 tesimo
172 1865 296 1910 octuagesimo
311 1865 376 1899 tertio:
394 1869 412 1898 et
427 1865 495 1898 mansit
510 1864 535 1898 ibi
551 1875 618 1908 corpus
637 1870 720 1899 sanctum
739 1866 793 1901 annis

92 1924 165 1953 centum
171 1918 324 1963 quatuordeciml.
349 1956 351 1960 .
361 1912 426 1952 9Αηηο
434 1923 495 1951 autem
501 1916 559 1961 gratie
566 1917 730 1962 septingentesimo
736 1930 793 1953 nona-

91 1972 221 2015 gesimotertio,
235 1972 257 2005 ab
273 1971 323 2005 obitu
343 1971 401 2005 sancti
419 1971 513 2004 Cuthberti
532 1970 718 2014 centesimoseptim0‚
734 1973 793 2015 prima

64 2037 83 2067 55
91 2025 168 2059 vastatio
182 2023 285 2058 miserrima
295 2034 409 2067 paganorum
421 2023 583 2057 lindisfarnensem
594 2023 691 2058 ecclesiam
705 2024 794 2068 sanguine

89 2081 109 2111 .et
121 2077 185 2121 rapina
198 2076 278 2120 replens,
290 2087 338 2120 pene
350 2076 442 2120 usquead
454 2075 591 2110 internitionem
600 2076 673 2111 delenit.
697 2075 793 2112 Exercitus

91 2130 126 2164 iste
142 2130 219 2163 nauibus
234 2129 315 2172 piraticis
327 2130 409 2170 veniens,
425 2135 488 2163 sancta
503 2129 621 2171 conculcauit‚
636 2128 699 2163 altaria
714 2131 793 2173 suffodit,

92 2184 182 2227 quosdam
193 2181 288 2223 interfecit,
301 2182 346 2218 alios
358 2182 377 2218 in
388 2192 439 2217 mare
452 2181 545 2217 demon-it.
568 2181 657 2226 Sequenti
670 2187 732 2217 tamen
746 2194 794 2218 anno

92 2248 157 2270 omnes
165 2236 191 2270 illi
197 2241 281 2280 raptores
288 2236 354 2270 mortui
362 2241 410 2270 sunt.
437 2236 451 2255 ¹⁰
457 2229 504 2270 Post
510 2236 593 2270 hecvero
599 2246 633 2269 rex
639 2235 713 2279 quidam
720 2237 794 2271 nomine

64 2302 84 2331 40
94 2289 208 2334 Reginaldns
219 2288 276 2322 multa
288 2300 329 2322 curn
341 2289 400 2323 classe
412 2288 519 2331 adueniens,
527 2288 625 2322 vniuersos
637 2288 723 2321 meliores
734 2289 763 2322 vel
775 2289 794 2323 in

92 2343 140 2378 bello
156 2341 255 2387 prostrauit
268 2342 297 2376 vel
313 2348 365 2376 extra
380 2342 458 2386 patriam
473 2341 547 2386 fugauit,
559 2341 613 2375 villas
628 2339 686 2374 sancti
699 2340 794 2376 Cuthberti

113 2441 261 2479 ¹E.circumquam.
301 2440 582 2471 fflctnist,necl.nun.11.11n
623 2439 794 2470 ³T.E.reuelandum.

93 2479 241 2519 *Tadiungentes
292 2481 439 2511 ⁵T.cutheredum.
490 2480 631 2510 ⁵ai.Hardecnut.
680 2478 794 2510 ⁷adeum...

93 2525 171 2589 qutarelnt.
218 2521 359 2559 tatproductum.
407 2521 447 2552 ⁹Cs.
456 2520 498 2551 Hist.
507 2520 549 2550 Eccl.
558 2519 599 2549 Dun.
608 2519 628 2549 11.
636 2528 650 2557 5.
699 2519 794 2551 1⁰ctHist.

107 2571 176 2598 rausa,
