1762 2803
246 130 292 187 bu
306 129 407 184 bonno
423 128 569 188 utulate.
716 142 759 188 237

59 253 103 286 dum
121 259 230 298 preceptum
245 253 273 286 sui
290 252 377 296 episcopi,
393 257 443 286 caste
458 256 476 286 et
492 251 578 296 religiose
594 251 682 295 deinceps
697 251 760 285 viuere

59 307 158 350 satagebat.
203 300 247 341 Fuit
258 306 287 341 vir
302 305 376 350 quidam
391 315 449 348 praue
464 305 545 348 actionis,
559 304 590 349 qui
605 304 624 339 in
640 315 705 349 campo
719 305 760 339 dor·

58 358 123 401 mlens,
135 370 177 395 curn
188 359 329 405 expergefactus
341 358 411 402 suisset,
423 364 528 404 serpentem
543 358 578 394 sibi
591 358 658 394 collum
671 356 761 402 stringere

58 414 153 448 sentiebat.
176 414 235 457 Quem
245 424 289 447 mon
301 414 324 446 ad
334 417 403 446 terram
415 422 470 447 manu
481 412 636 456 comprehensum
648 412 711 446 elidit:
727 412 761 446 sed

59 476 102 500 mox
114 465 153 501 eius
164 466 230 501 iterum
242 467 308 501 collum
321 466 428 510 complexus
440 465 563 501 circumdedit.
586 466 668 500 Rursum
682 475 724 500 eum
737 465 778 501 adi

58 523 127 551 terram
140 519 221 561 proiecit,
232 520 265 553 sed
278 519 343 552 eodem
357 523 450 552 momento
462 518 485 551 ab
496 519 561 552 eodem
574 518 674 561 constringi
686 529 707 552 se
719 528 761 551 sen-

59 569 120 604 tiebat.
144 571 207 617 Itaqne
218 577 324 617 serpentem
336 570 376 606 siue
383 570 402 605 in
410 571 471 616 ignem
480 571 520 607 siue
526 571 545 607 in
553 581 619 616 aquam
627 571 656 607 vel
664 571 683 607 in
692 576 760 607 terram

60 635 135 669 semper
146 625 236 669 proiicere
246 624 309 669 potuit,
321 625 354 659 sed
366 624 443 669 qualiter
454 625 526 660 morin
538 635 592 660 suum
603 626 669 660 collum
680 624 761 666 redierit,

60 677 107 711 scire
118 688 156 711 non
165 678 226 712 valuit.
248 678 364 722 Aliquotiens
375 678 394 711 in
404 677 503 722 particulas
512 677 561 712 ferro
570 677 669 720 consecuit,
677 678 710 712 sed
718 688 762 722 pro·

59 729 108 766 tinus
120 730 168 767 idem
177 742 255 776 serpens
263 731 328 767 collum
336 730 375 766 eius
386 731 516 766 circumcinxit.
539 730 601 766 Primo
611 731 685 776 quidem
692 742 762 775 paruus
771 737 790 759 1⁰

60 789 104 826 erat,
112 786 145 818 sed
153 785 239 828 paulatim
247 785 265 819 in
274 784 332 819 maius
337 790 355 818 et
363 784 421 818 maius
429 795 545 826 excrescens,
552 785 602 818 nulla
609 795 652 818 eum
659 785 726 818 veneni
734 785 762 817 in·

60 835 132 871 fusione
140 838 216 872 ledebat.
239 837 328 880 Quotiens
336 843 396 871 autem
405 836 501 871 ecclesiam
512 836 570 870 saneti
580 836 675 871 Cuthberti
683 836 762 878 intrauit,

60 899 104 925 mox
115 890 134 924 in
145 891 186 935 ipso
197 891 271 925 introitu
285 900 363 935 serpens
375 900 417 924 eurn
428 889 502 924 dimisit.
525 889 571 923 Cum
582 899 627 924 vero
639 888 702 930 exiret,
714 889 763 924 velut

62 949 104 977 ante
117 945 225 987 complexus
238 948 272 979 est.
295 943 358 987 ltaque
374 943 419 977 dum
433 953 468 986 per
480 942 558 976 multum
570 947 644 986 tempus
658 943 694 977 tale
709 942 764 977 susti-

61 997 132 1031 nuisset
142 996 299 1041 incom[m]odum‚
310 995 385 1030 inuento
395 995 469 1029 tandem
481 995 549 1029 salubri
561 994 641 1037 consilio,
651 995 709 1030 tribus
720 1007 763 1030 con·
773 1004 791 1033 ¹5

61 1049 112 1084 tinue
127 1049 192 1083 diebus
205 1054 223 1083 et
241 1049 324 1083 noctibus
340 1047 359 1081 in
375 1047 453 1082 ecclesia
467 1047 525 1082 sancti
537 1047 632 1081 Cuthberti
647 1047 666 1081 in
681 1048 763 1082 oratione

62 1112 190 1147 perseuerans,
201 1106 219 1136 et
230 1101 347 1146 postmodum
359 1099 429 1142 exiens,
440 1111 451 1135 a
461 1099 553 1146 serpentis
562 1099 678 1136 infestatione
689 1101 764 1136 omnino

61 1155 149 1191 liberatus
164 1160 196 1190 est.
240 1147 311 1190 ¹Latro
323 1154 397 1199 quidam
412 1153 524 1196 notissimus,
538 1153 613 1198 rapinis,
628 1154 731 1190 homicidiis
746 1161 764 1190 et

61 1208 150 1243 incendiis
157 1208 224 1242 multos
228 1207 406 1249 offendens,tandem
411 1208 557 1251 comprehensus
561 1207 639 1242 vinculis
645 1208 764 1252 mancipatur.

63 1261 86 1295 Et
96 1267 174 1295 mortem
181 1261 235 1295 valde
246 1260 313 1295 timens
325 1260 402 1295 contrito
413 1262 468 1295 corde
479 1265 497 1294 et
509 1260 602 1295 humiliato
613 1260 677 1305 spiritu
689 1262 762 1296 beatum
773 1275 792 1297 zo

63 1314 183 1349 Cuthbertum
197 1324 231 1359 pro
247 1324 280 1348 sua
294 1313 401 1349 liberatione
416 1313 523 1358 suppliciter
538 1314 629 1349 exorabat.
652 1313 691 1349 Nee
706 1326 763 1356 mora,

63 1366 182 1409 compedibus
193 1367 257 1399 solutis
268 1372 286 1399 et
297 1366 376 1399 carceris
387 1366 447 1398 hostio
458 1366 552 1408 patefacto,
563 1366 696 1400 monasterium
705 1367 764 1400 sancti

64 1417 159 1453 Cuthberti
173 1418 252 1453 intrauit.
282 1418 341 1460 Quem
355 1417 429 1462 quidam
441 1418 515 1453 nomine
528 1418 614 1461 Barkwit,
626 1424 692 1463 potens
704 1419 764 1462 valde,

63 1482 105 1506 cum
117 1472 155 1505 suis
166 1481 285 1515 persequens,
293 1470 350 1504 nimio
357 1471 418 1504 lurore
429 1480 535 1513 succensus,
543 1471 577 1505 ait:
590 1470 648 1512 ‘Quid
659 1474 765 1506 moramur?

63 1535 119 1568 quare
131 1523 195 1559 ianuas
206 1535 243 1559 non
255 1522 382 1568 infringimus?
406 1523 471 1568 Neque
480 1523 529 1558 enim
537 1523 591 1558 huius
599 1524 679 1559 hominis
687 1526 766 1560 mortuil
774 1533 793 1563 25

63 1588 101 1622 pax
116 1578 162 1612 adeo
173 1583 202 1612 est
214 1578 300 1617 tenenda,
312 1582 332 1611 vt
345 1576 400 1617 iures
413 1582 497 1620 raptores
509 1581 527 1611 et
538 1577 635 1620 homicide,
646 1577 682 1612 huc
694 1578 710 1612 si
722 1589 766 1613 eon-

63 1629 148 1673 fugerint,
166 1629 220 1664 nobis
238 1630 326 1664 insultent
345 1630 393 1674 quod
416 1629 501 1674 impuniti
524 1630 627 1664 euaserint.¹
656 1630 693 1666 Vin
716 1632 765 1666 enim

64 1684 121 1717 verba
136 1684 263 1727 compleuerat,
276 1688 294 1717 et
308 1693 351 1717 ecce
367 1682 427 1717 subito
442 1682 494 1727 quasi
509 1682 575 1726 sagitta
589 1683 670 1728 desuper
682 1683 766 1727 veniens,

64 1741 155 1779 caputque
161 1735 195 1769 sibi
202 1736 359 1777 transuerberans
364 1745 422 1779 vsque
428 1736 451 1769 ad
458 1746 548 1770 corsuum
555 1736 660 1780 pertingere
665 1736 766 1781 ³protesta-

65 1788 122 1820 batur.
150 1787 217 1831 Sicque
228 1788 247 1821 in
259 1793 328 1821 terram
342 1797 434 1828 corruens,
445 1788 531 1821 vlulando
544 1793 563 1822 et
576 1789 661 1822 dentibus
673 1789 768 1823 stridendo
776 1799 795 1828 30

64 1839 120 1874 vitam
135 1839 198 1874 finiuit.
221 1840 262 1882 Quo
275 1840 352 1883 sepulto,
366 1839 407 1874 talis
419 1845 517 1883 tantusque
529 1840 552 1874 de
564 1840 633 1874 tumulo
648 1840 706 1884 ipsius
721 1842 768 1877 letor

65 1903 100 1937 per
114 1892 209 1926 dimidium
224 1891 303 1925 exalauit
318 1902 392 1931 annum,
404 1897 423 1926 vt
438 1892 535 1926 transitum
547 1891 576 1926 vie
591 1903 626 1937 per
640 1893 700 1928 lucum
715 1894 766 1929 illurn

66 1945 117 1980 multi
128 1945 192 1989 sugere
204 1945 329 1979 conarentur⁴.
373 1937 718 1989 ⁵Temp0reWi11elmiConquestoris
730 1947 767 1981 Ro-

65 1999 129 2034 bertus
147 2007 210 2033 comes
229 1996 365 2039 Northumbrie‚
385 1996 496 2032 Dunelmum
511 1997 593 2040 veniens,
610 1998 633 2032 ab
653 1998 682 2033 his
700 1999 767 2044 quibus

66 2052 156 2086 dominari
167 2052 254 2085 debuerat
266 2051 406 2091 circumuentus,
415 2061 456 2085 cum
464 2050 503 2084 suis
511 2051 596 2087 omnibus
604 2051 627 2085 ob
635 2062 688 2087 suam
696 2053 767 2088 occisus
777 2063 796 2094 35

66 2111 95 2140 est
106 2105 235 2140 crudelitatem.
258 2104 313 2138 Vnde
324 2104 406 2139 offensus
417 2115 457 2147 rex,
464 2104 507 2138 illuc
518 2104 697 2140 direxitexercitum
709 2117 768 2141 suum.

66 2159 119 2193 Tunc
134 2157 237 2203 episcopus,
249 2163 344 2202 assumpto
363 2169 440 2202 corpore
458 2163 527 2200 sancto,
537 2169 604 2193 versus
620 2158 767 2194 Lindissarneam

66 2212 182 2255 properabat.
205 2210 228 2244 Et
239 2209 323 2253 quamuis
334 2220 386 2244 mare
396 2211 473 2253 plenum
487 2216 542 2252 esset,
555 2210 624 2244 siccum
637 2216 698 2244 tamen
712 2212 769 2245 intro-

67 2263 123 2298 eundi
131 2262 199 2298 aditum
204 2262 223 2296 in
231 2263 271 2297 loco
277 2262 296 2296 in
304 2273 340 2306 quo
348 2262 366 2296 in
375 2263 446 2297 relluxu
454 2263 490 2297 iter
497 2274 539 2298 esse
547 2263 593 2298 solet
599 2262 700 2298 inueniunt.
724 2264 769 2300 Mox

68 2328 133 2351 omnes
145 2328 186 2352 eum
198 2315 263 2360 gaudio
275 2315 358 2359 ingressi,
367 2315 420 2350 siccis
432 2315 510 2359 pedibus
521 2316 581 2350 insule
592 2317 642 2350 littus
651 2316 770 2361 attingebant.
777 2329 799 2360 40

68 2370 106 2403 Sed
114 2375 132 2403 et
140 2370 207 2403 milites
215 2369 302 2403 feretrum
310 2369 492 2412 portantes—postea
499 2369 584 2403 monachi
595 2368 771 2412 effecti—quomodo

68 2431 89 2456 se
108 2422 229 2466 precedentes
245 2420 310 2456 fluctus
325 2419 381 2455 maris
395 2419 473 2464 vestigia
491 2419 563 2455 illorum
583 2421 712 2465 sequebantur,
728 2434 770 2459 cum

68 2484 136 2519 magna
148 2475 209 2510 cordis
224 2474 364 2519 compunctione
377 2474 456 2508 attestati
469 2478 517 2509 sunt.
560 2466 669 2509 ‘Robertus
684 2475 734 2511 enim
747 2477 772 2512 de

90 2543 94 2560 ¹
105 2543 147 2573 Hist.
155 2543 216 2573 Transi.
224 2552 238 2581 5.
303 2542 310 2560 ²
319 2543 337 2572 T.
344 2542 419 2572 morituri.
486 2541 492 2559 ³
502 2541 523 2573 al.
530 2542 628 2581 pertingeret
635 2543 665 2574 sibi
672 2545 723 2575 visum
730 2555 771 2576 esse.

69 2582 74 2600 ¹
85 2584 106 2614 al.
113 2592 168 2614 omnes
175 2584 252 2623 sugerent.
294 2582 300 2601 ⁵
310 2583 352 2613 Hist.
360 2583 401 2613 Eccl.
411 2583 452 2612 Dun.
460 2582 489 2613 lll.
498 2590 522 2622 15.
562 2581 568 2599 ⁶
578 2583 621 2615 illst.
628 2584 654 2616 Tr.
662 2593 687 2617 12.
