1762 2803
59 124 141 157 isson
154 122 196 161 nor
217 87 265 166 m
273 109 455 173 &uotiuum
466 120 523 173 tert
534 115 558 162 et
567 115 684 173 melote.
715 116 760 167 623

288 271 304 307 ti
315 271 430 304 Denuntio
442 278 531 304 retorto.

259 340 277 372 Ir
289 338 359 381 quidam
372 349 411 372 cum
424 338 500 380 coniuge,
512 345 531 372 vt
541 338 592 372 nobis
604 338 658 372 sancti
670 337 760 372 Edmundi

279 389 337 422 retulit
347 389 421 430 edituus,
431 389 454 422 ad
466 396 545 422 sanctum
558 390 671 422 Edmundum
682 396 763 422 oraturus

59 437 134 472 aduenit.
156 438 191 470 Vbi
208 445 313 471 reuerenter.
325 444 373 471 stans
389 445 406 472 et
423 449 485 471 orans:
504 449 574 472 manum
589 439 661 481 apponit
676 449 762 476 crumene,

59 487 145 532 queritans
158 486 177 520 in
187 499 209 521 ea
222 487 264 532 quid
276 488 337 522 offerat
350 489 406 531 digne.
429 489 467 522 Illic
482 489 527 523 enim
542 495 623 531 posuerat
637 499 727 523 nummum
742 499 762 523 ex

59 536 157 572 iustissimis
164 549 221 573 rerum
232 550 301 572 suarum
311 539 394 578 semotim,
403 539 435 573 deo
445 545 463 573 et
475 546 535 573 sancto
546 539 639 573 Edmundo
651 539 780 583 offerendum.5

60 591 116 631 Quem
129 599 164 621 non
180 588 274 630 inueniens,
289 589 343 623 nescit
359 589 400 633 quid
413 596 459 632 agat,
473 596 490 623 et
503 590 555 623 alium
569 591 629 623 offerre
641 590 716 628 dubitat:
733 590 761 622 vbi

59 638 152 683 perdiderit
164 640 243 682 stupidus
258 640 327 682 cogitat,
342 640 401 683 sicque
414 640 485 673 vocibus
500 639 586 683 querulis²
598 647 657 674 sancto
669 639 763 673 Edmundo

60 689 146 722 clamitat:
166 689 192 722 ‘0
211 688 280 722 domine
298 695 314 723 et
331 696 391 723 sancte
408 689 507 730 Edmunde‚
525 698 565 722 ecce
583 689 649 731 perdidi
667 690 713 731 quod
727 689 763 722 dis·

60 749 151 782 posueram
164 738 195 772 tibi
207 739 278 778 offerre,’
289 746 306 772 et
318 739 382 773 abinde
395 739 457 781 pedem
469 749 566 780 remouens,
577 739 615 772 loca
627 738 687 782 repetit
701 739 763 782 quibus

59 789 107 833 prius
118 789 186 823 stetisse
198 801 216 823 se
227 790 310 822 meminit.
333 790 466 834 ingrediensque
477 790 533 823 iorum
545 789 613 833 respicit
625 789 763 834 circumquaque,
772 807 792 829 ,ο

80 366 195 400 Hermanno
199 363 210 398 ¹.

9 850 18 865 f·
60 846 77 874 et
87 846 138 873 cunta
148 842 186 873 loco
193 841 240 874 videt
250 841 342 874 multorum
353 838 518 883 pede'conculcata:
536 847 562 874 set
573 840 635 874 mirum
646 840 699 880 dictu,
706 840 764 873 subito

60 890 106 923 uidet
118 900 208 923 nummum
217 890 306 932 splendere
313 890 331 922 in
339 891 399 923 eodem
407 901 441 933 quo
453 890 527 932 perdidit
537 890 581 930 loco,
588 889 661 932 pedibus
671 890 764 922 multorum

61 940 154 973 deculcato.
176 940 252 974 Acclinis
265 939 323 984 itaque
334 946 379 974 terre
391 941 467 983 speciem
480 940 545 974 nummi
561 940 679 982 recognoscit;
695 939 764 982 accipit,

60 998 76 1025 et
84 990 127 1024 redit
135 991 200 1025 hillaris
207 992 230 1025 ad
237 991 322 1031 feretrum,
331 997 348 1024 et
355 991 421 1024 nummi
432 990 494 1034 perditi
504 990 585 1034 patefecit
597 990 677 1024 omnibus
688 989 764 1023 miracu-

60 1042 114 1075 losam
124 1042 249 1080 inuencionem,
259 1041 322 1074 deinde
332 1052 421 1075 nummum
432 1040 481 1075 offert
491 1041 558 1084 gracias
568 1051 622 1084 agens
633 1041 666 1075 deo
677 1046 694 1073 et
703 1046 763 1074 sancto
772 1053 791 1085 15

61 1103 92 1126 suo
99 1093 193 1126 Edmundo
201 1092 265 1125 martiri
272 1092 351 1134 glorioso.

304 1167 318 1202 ii
331 1169 362 1200 De
373 1175 448 1216 eunoun
459 1175 519 1201 nrusn.

261 1232 293 1264 Lio
301 1238 384 1274 ternpore,
391 1232 450 1273 vigilia
460 1238 558 1264 sanctorum
568 1232 591 1274 vij
600 1231 677 1271 fratrum,
685 1232 731 1265 venit
741 1232 764 1265 ab

284 1282 363 1315 Estsexia
370 1293 409 1315 cum
416 1282 504 1315 oblacione
512 1286 563 1323 atque
571 1281 643 1314 candela
650 1282 714 1315 deuota
721 1292 763 1324 que-

60 1332 100 1365 dam
110 1338 188 1366 matrona
199 1342 250 1366 orans
263 1332 285 1365 ad
296 1331 350 1365 sancti
359 1331 433 1365 martiris
445 1341 511 1374 corpus,
523 1341 561 1363 cum
570 1341 602 1364 sua
613 1330 717 1374 pedissequa
728 1331 763 1366 ianr

60 1383 94 1415 iam
102 1382 176 1415 triennio
185 1390 237 1415 muta.
261 1384 298 1425 Que
308 1381 375 1424 longius
386 1382 470 1414 recubans
478 1392 531 1425 quam
541 1381 612 1414 domina
621 1382 669 1424 quusi
680 1392 731 1416 orans
740 1383 763 1416 ad
772 1396 791 1418 ιο

60 1439 170 1465 sacrosancta
175 1433 251 1475 pignora,
257 1432 368 1474 diuinumque
376 1433 454 1465 senciens
462 1432 558 1464 antidotum
562 1430 574 1472 ⁵,
580 1432 640 1473 surgit,
647 1443 678 1464 sue
684 1432 763 1475 inquiens

60 1482 143 1515 domine:
162 1482 221 1515 ‘Bene
238 1482 296 1521 michi,
314 1482 390 1521 dominu,
407 1482 452 1514 bene
471 1481 535 1520 michi;
558 1492 599 1514 ecce
616 1481 662 1523 loqui
680 1483 762 1523 possum'

61 1531 135 1566 Miratur
152 1539 236 1570 matrona,
254 1531 313 1565 laudat
331 1538 348 1564 et
367 1532 418 1565 deum
433 1542 476 1564 voce
494 1530 597 1564 dulcissima.
621 1533 672 1574 Quod
691 1543 763 1567 cernens

60 1583 131 1616 ecclesie
141 1589 204 1624 custos,
215 1583 241 1615 vir
251 1582 340 1624 religiosus
352 1581 421 1615 nomine
431 1582 502 1614 Tolinus
514 1583 614 1623 monachus
626 1593 646 1616 er
657 1583 718 1616 ordine
728 1584 763 1616 fra-

60 1633 113 1665 tribus
124 1633 211 1666 reuelauit.
772 1646 790 1676 ²5

308 1680 323 1717 i
335 1682 366 1715 Dn
377 1688 452 1715 PUELLA
464 1688 517 1715 cocu.

81 1769 196 1802 Hermannus
223 1744 330 1822 Vidimus
338 1744 355 1777 in
364 1744 454 1778 natiuitate
463 1744 536 1785 gloriose
543 1744 614 1786 virginis
623 1745 679 1778 Marie
688 1747 762 1789 puellam

197 1794 201 1802 '
285 1795 372 1839 quandam
384 1794 472 1838 sospitatis
481 1795 538 1829 visum
549 1795 640 1839 recepisse,
651 1808 703 1840 quam
714 1806 763 1841 puter

60 1845 97 1879 eius
108 1846 205 1879 Willelrnus
219 1846 294 1886 nomine,
303 1845 395 1879 Colcestrie
406 1845 515 1884 inhabitator,
525 1845 594 1878 miserat
605 1846 628 1878 ad
639 1852 718 1879 sanctum
726 1848 763 1880 Ed·

57 1896 143 1940 mundum
153 1905 191 1928 cum
200 1895 271 1929 nutrice.
294 1895 348 1936 Igitur
358 1895 380 1928 ad
389 1896 466 1928 tumbam
474 1894 529 1928 sancti
537 1894 599 1935 delata,
607 1894 624 1927 in
632 1895 660 1929 die
667 1895 763 1930 natiuitatis

59 1945 110 1979 beate
124 1945 180 1980 Marie
191 1946 247 1980 visum
258 1944 326 1988 recepit.
349 1944 417 1979 Deinde
428 1955 459 1987 pro
470 1944 568 1979 testimonio
581 1944 645 1979 sistitur
658 1946 676 1980 in
687 1947 763 1980 medium
771 1961 791 1990 30

81 1259 200 1292 Hemtannus.

60 1995 83 2027 ad
93 2006 143 2028 sacra
151 1995 252 2039 sollempnia
259 1996 361 2037 missarum3
373 1996 465 2028 decantant
472 1995 552 2028 monachi
560 1995 596 2029 ‘Te
604 1996 655 2029 deum
662 1998 764 2040 laudamus,'

60 2046 180 2087 magnificatur
194 2058 205 2080 a
219 2047 283 2089 populo
297 2046 340 2079 deus
355 2057 375 2079 ac
390 2045 463 2088 genitrix
477 2044 519 2087 eius,
534 2056 601 2079 necnon
617 2054 688 2081 sanctus
704 2049 764 2082 martir

60 2096 168 2130 Edmundus.

240 2152 271 2183 DE
282 2158 365 2190 Qunnntr
377 2157 490 2184 constiterit
501 2156 583 2184 CURATA.

82 2248 104 2281 H
227 2221 382 2306 HUiusf
324 2221 392 2265 gloriosi
400 2220 455 2256 sancti
462 2220 527 2254 meritis
533 2221 607 2265 quedam
615 2229 686 2257 sanatur
691 2234 763 2268 pauper

102 2259 201 2283 ‘mannus'
293 2273 347 2306 cula
343 2284 361 2305 m
374 2273 418 2306 testo
431 2272 485 2305 sancti
499 2272 581 2305 Iohannis
594 2274 676 2330 Baptiste.
698 2274 763 2318 Requi·
771 2285 790 2317 35

61 2320 112 2354 sierat
120 2321 166 2355 enim
174 2328 253 2356 sanctum
261 2323 374 2357 Edmundum
383 2333 422 2356 cum
430 2320 592 2366 [co]huhitatoribus
600 2323 640 2364 suis,
649 2324 715 2359 duobus
726 2336 762 2359 sus-

60 2376 126 2404 tentatu
137 2373 209 2405 baculis.
232 2374 271 2406 Hec
281 2380 320 2415 post
328 2374 425 2406 oracionem
433 2383 482 2413 sana,
490 2373 527 2406 sine
534 2373 596 2406 baculo
604 2373 670 2407 sistitur
676 2375 693 2407 in
705 2376 763 2409 medio

61 2431 92 2461 pro
100 2422 203 2455 testimonio.
218 2424 280 2456 Testes
287 2423 342 2456 eciam
351 2429 410 2457 assunt
416 2424 445 2466 qui
452 2428 601 2456 eamcontractnm
607 2424 693 2457 sevidisse
699 2424 763 2458 dicunt

126 2513 131 2534 ¹
141 2514 174 2546 The
180 2522 216 2554 next
223 2515 293 2549 miracles
299 2527 325 2548 ure
331 2516 487 2587 rpishspstgtiptigiobdum
570 2517 576 2534 ²
586 2517 618 2548 MS,
627 2517 702 2557 querulus.
