1762 2803
114 113 159 195 29⁴i
302 139 381 190 ifflssbfl
396 135 513 197 bratone
528 136 622 198 linaiis.
733 148 815 186 [usare.

113 262 194 300 impressit
201 265 217 293 ct
224 261 322 291 confidenter
327 263 375 298 atque
381 259 452 290 hilariter
456 269 485 298 per
491 264 552 298 portam
558 260 630 293 intrauit;
640 264 657 290 et
664 259 707 298 prior
713 259 756 290 fores
762 261 815 291 statim

114 310 202 350 obserraus,
208 318 243 340 cuni
248 308 349 347 processione
354 309 370 337 in
375 308 456 338 ecclesiam
462 308 514 339 rediit.
532 301 588 346 Pergit
593 308 638 338 miles
643 308 721 345 audacter,
726 307 816 345 licetsolus,

114 363 131 389 et
138 357 282 396 ingrauescentibus
289 356 359 386 tenebris
366 356 419 385 lumen
424 356 476 386 amisit
483 356 533 387 tocius
539 356 619 387 claritatis.
636 355 704 387 Paruula
709 356 773 385 tandem
781 355 816 386 luce

114 415 144 443 per
154 406 215 435 foueam
222 407 313 441 apparente,
320 403 340 432 ad
349 412 420 440 eampum
431 403 520 440 predictum
530 407 546 434 et
555 404 606 434 aulam
613 403 691 441 peruenit⁴
713 404 748 433 Lux
755 404 776 432 ibi
783 413 816 433 non

97 464 106 493 5
114 456 149 481 erat
155 452 185 482 nisi
193 450 242 490 qualis
252 451 277 480 hic
284 450 379 488 uespertinis
386 450 430 479 horis
437 450 454 479 in
458 450 510 480 hieme
517 451 587 480 habetur.
608 450 649 480 Aula
654 459 693 479 uero
699 450 775 488 parietem
783 459 816 479 non

115 499 183 530 habebat
188 499 271 536 integrum,
276 497 349 535 quoniam
357 497 445 535 columpnis
452 502 468 528 et
475 498 548 528 archiolis
555 497 624 536 undique
631 502 665 528 erat
672 503 767 534 constructa,
773 498 817 535 quasi

115 548 227 577 monachorum
234 545 322 576 claustrum.
344 545 415 582 Cumque
422 545 463 575 circa
472 546 523 575 aulam
530 545 591 575 diucius
600 545 695 576 ambulasset
704 546 776 576 mirando
783 546 817 576 eius

114 599 208 624 stmcturam
214 592 306 632 mirabilem,
314 593 407 630 ingreditur,
415 594 494 623 etsedens
502 594 518 622 in
524 593 581 630 angulo
586 592 639 622 oculos
645 593 706 623 curiose
711 594 742 622 huc
749 593 817 631 illucque

114 642 178 672 iactauit
185 640 264 671 admirans
273 640 395 678 pulcritudinem
404 644 420 670 ct
429 644 520 678 apparatum
529 649 576 677 quem
583 640 600 669 in
607 649 626 669 ea
637 640 681 670 uidit.
698 641 740 670 Talis
749 650 817 679 namque

88 700 107 721 10
115 688 132 716 in
145 688 204 717 mundo
218 696 297 724 nunquam
311 687 345 716 uisa
358 686 392 716 suit.
418 687 457 715 Cum
468 687 520 724 itaque
533 686 627 723 aliquamdiu
639 688 682 716 solus
694 688 768 722 sedisset,
780 696 818 717 eece

115 735 205 772 quindecim
212 733 243 764 uiri
250 733 295 771 quasi
303 733 377 771 religiosi,
386 736 403 763 et
412 742 464 771 nuper
472 733 503 763 rasi
509 737 557 770 atque
564 732 603 763 albis
611 733 680 763 uestibus
689 733 746 771 amicti,
754 734 817 764 domum

116 783 158 812 illam
171 783 276 817 intrauerunt,
291 786 307 811 et
320 780 407 810 salutantes
421 790 457 809 eum
470 780 487 809 in
501 779 565 809 nomine
579 779 644 816 domini,
658 781 770 811 consederunt.
799 782 818 811 Et

115 830 203 861 tacentibus
210 829 249 866 aliis,
257 838 298 859 unus
307 837 342 859 curn
349 838 369 858 eo
375 828 399 858 sic
405 827 497 865 loquebatur
504 837 508 859 ε
519 826 626 858 ‘Benedictus
635 828 656 859 sit
665 828 705 859 deus
712 829 817 868 omnipotens,

116 878 143 915 qui
150 879 167 908 in
174 878 222 908 corde
231 881 259 907 tuo
269 876 327 906 bonum
337 876 435 913 propositum
445 875 495 907 misit:
506 879 523 905 et
529 875 564 911 ipse
572 875 589 904 in
599 879 616 905 te
626 876 697 913 perficiat
707 873 766 906 borium
776 877 818 914 quod

90 930 108 962 15
117 926 180 964 incepit.
202 925 222 956 Et
234 923 308 962 quoniam
322 923 342 953 ad
355 923 386 952 hoe
399 923 505 961 purgatorium
520 931 549 960 pro
563 922 632 960 peccatis
646 923 677 954 tuis
691 923 754 961 uenisti,
768 927 785 954 ut
799 925 819 955 ab
855 946 857 949 -

117 973 156 1009 ipsis
162 972 239 1010 purgeris,
250 975 277 1002 aut
286 971 353 1000 uiriliter
362 979 410 1007 agere
420 979 441 999 en
452 970 547 999 necessitate
555 970 661 1008 compelleris,
668 975 695 1001 aut
704 980 733 1009 per
743 971 818 1002 inerciam

117 1023 133 1048 et
143 1020 195 1049 anirna
205 1022 222 1047 et
232 1026 299 1055 corpore
310 1016 369 1055 pariter
378 1016 442 1053 peribis.
464 1016 503 1045 nox
513 1016 556 1045 enim
566 1019 583 1044 ut
594 1018 654 1053 egressi
664 1018 739 1046 fuerimus
750 1019 819 1056 domurn,

117 1065 203 1103 replebitur
209 1064 325 1095 immundorum
331 1063 430 1093 multitudine
436 1063 525 1101 demonum,
531 1063 558 1101 qui
563 1064 618 1101 grauia
623 1064 652 1094 tibi
659 1064 727 1095 inserent
734 1069 819 1104 tormenta,

117 1119 133 1143 et
140 1113 240 1143 minabuntur
247 1112 306 1142 inferre
315 1111 393 1148 grauiora.
415 1110 441 1141 Ad
447 1115 508 1149 portam
518 1120 564 1148 quam
574 1111 636 1141 intrasti
645 1112 707 1142 illesum
716 1116 732 1143 te
740 1114 820 1151 ducturos,

91 1168 109 1189 zo
117 1165 134 1190 ut
144 1165 161 1191 te
171 1160 246 1198 decipere
256 1159 323 1197 possint,
334 1158 436 1196 promittent:
453 1162 470 1188 et
483 1159 497 1188 si
508 1158 585 1197 (quolibet
597 1159 651 1197 modo)
662 1160 685 1189 eis
699 1161 793 1198 assenseris,
804 1166 820 1192 et

117 1218 184 1247 corpore
198 1213 214 1239 et
228 1208 280 1237 anima
293 1206 352 1245 pariter
365 1206 429 1244 peribis.
451 1206 468 1235 Si
482 1211 535 1236 autem
548 1215 594 1243 spem
608 1206 625 1236 in
637 1208 701 1237 domino
714 1209 791 1245 posueris,
804 1213 821 1239 et

117 1260 200 1295 tormenta,
209 1256 265 1291 minas,
272 1263 291 1284 ac
297 1254 375 1293 promissa
384 1254 429 1291 quasi
437 1253 513 1283 nichilum
524 1254 646 1292 contempseris,
654 1265 663 1284 a
671 1255 740 1292 peccatis
747 1256 778 1285 tuis
787 1266 820 1286 non

118 1307 179 1333 tantum
188 1302 286 1340 purgaberis,
293 1305 318 1331 set
327 1301 375 1331 etiam
384 1305 464 1330 tormenta
473 1301 582 1338 peccatoribus
592 1305 651 1339 parata,
659 1306 675 1331 et
685 1303 756 1340 requiem
766 1304 783 1332 in
790 1314 821 1341 qua

118 1352 155 1380 iusti
162 1351 234 1388 letantur,
242 1349 308 1380 uidebis.
329 1348 397 1386 Semper
403 1347 451 1385 igitur
457 1347 473 1377 in
485 1348 560 1378 memoria
570 1348 628 1378 habeas
635 1349 687 1386 deum,
695 1354 754 1380 etcum
763 1351 820 1381 crucia-

92 1405 110 1434 25
119 1399 172 1428 uerint
183 1403 203 1436 te,
213 1397 271 1427 inuoca
280 1396 359 1426 dominum
371 1395 434 1425 ihesum
445 1396 537 1426 Christum:
549 1405 578 1434 per
590 1396 710 1427 inuocacionem
722 1399 765 1428 enim
775 1399 821 1429 huius

119 1446 187 1475 nominis
197 1445 250 1475 statim
260 1443 351 1474 liberaberis
362 1453 372 1472 a
382 1447 462 1473 tormento
473 1443 489 1471 in
500 1452 531 1481 quo
542 1443 597 1483 iu(isti.
617 1444 687 1482 Longius
697 1444 729 1484 hic)
741 1455 777 1475 esse
788 1455 821 1477 non

120 1502 209 1529 possumus,
218 1492 249 1531 (set
256 1492 287 1522 deo
295 1490 400 1528 omnipotenti
407 1494 423 1519 te
431 1491 576 1530 commendamus).'
596 1491 654 1528 Sicque
662 1492 698 1521 data
704 1492 821 1531 benedictione,

120 1541 227 1579 (recesserunt
232 1538 251 1568 ab
257 1539 290 1577 eo).
309 1531 353 1569 Cum
359 1538 412 1574 itaque
418 1537 461 1567 solus
467 1538 531 1567 sederet
536 1537 593 1577 (miles,
600 1539 652 1569 subito
657 1539 698 1569 circa
704 1540 773 1580 domum)
779 1542 822 1579 cepit

120 1587 175 1616 audire
183 1586 263 1622 tumultus,
272 1585 297 1624 (ae
307 1585 321 1614 si
331 1588 374 1613 totus
381 1589 506 1614 commoneretur
513 1586 586 1615 mundus.
610 1586 656 1615 Vnde
666 1586 696 1616 nisi
705 1587 762 1617 uirtute
769 1588 823 1618 diuina

93 1642 112 1671 qo
121 1633 246 1674 (prote)gcretur
255 1637 272 1663 et
282 1632 369 1671 perfeccius
379 1632 487 1669 instrueretur,
496 1633 537 1672 (ipso
544 1632 618 1672 tumultu)
626 1637 736 1664 amentaretur.
758 1635 778 1665 Et
785 1645 823 1666 ecce

121 1681 204 1710 uisibiliter
211 1681 287 1719 undi(que
294 1681 343 1716 cepit)
351 1679 434 1708 multitudo
441 1679 523 1708 innumera
529 1681 613 1709 demonum
619 1681 703 1711 formarum
709 1683 800 1712 deformium
806 1685 823 1712 in

121 1729 184 1758 domum
193 1728 234 1758 illam
242 1726 307 1764 irruere,
315 1726 423 1756 cachinnando
431 1729 447 1756 et
454 1726 540 1756 deridendo
550 1727 593 1757 illurn
600 1728 672 1765 salutare,
679 1738 698 1759 ac
707 1729 770 1761 dicere:
781 1730 823 1760 ‘Alii

121 1776 193 1805 homines
203 1775 229 1813 qui
240 1775 286 1805 nobis
296 1774 372 1810 seruiunt,
384 1782 416 1803 non
426 1773 458 1803 nisi
468 1778 504 1811 post
514 1779 581 1804 mortem
591 1776 610 1805 ad
621 1784 651 1806 nos
661 1776 737 1807 ueniunt:
750 1778 793 1807 unde
803 1786 823 1808 eo

121 1824 170 1861 magr's
177 1823 252 1853 debemus
258 1822 286 1853 tibi
292 1826 344 1860 grates
351 1821 418 1851 reddere
424 1824 440 1850 et
445 1821 519 1851 maiorem
524 1822 628 1861 me(rcedem)
635 1823 662 1853 tibi
668 1823 711 1861 dare,
716 1834 748 1862 quo
754 1829 823 1855 nostram

94 1874 112 1904 35
121 1872 213 1901 societatem
220 1870 237 1899 in
244 1874 306 1900 tantum
313 1870 392 1899 honorare
399 1868 464 1898 uoluisti
471 1872 488 1898 ut
495 1869 564 1899 uiuendo
571 1879 629 1908 corpus
636 1873 679 1900 tuum
687 1876 703 1901 et
710 1872 776 1902 animam
781 1876 824 1902 tuam

121 1918 167 1948 nobis
177 1918 240 1949 tradere
250 1918 313 1947 curasti.
335 1916 371 1946 Huc
382 1915 438 1945 uenisti
450 1920 467 1945 ut
479 1925 508 1953 pro
519 1917 587 1954 peccatis
598 1918 629 1947 tuis
640 1923 718 1948 tormenta
727 1920 824 1950 sustineres:

121 1964 187 1996 habebis
199 1964 280 1994 nobiscum
292 1972 374 2001 pressuras
386 1967 403 1992 et
416 1962 485 1992 dolores
508 1964 631 2002 Verumptamen
645 1974 675 2003 pro
688 1975 709 1996 eo
722 1968 764 2003 quod
778 1967 824 1997 nobis

121 2012 138 2039 in
148 2012 207 2040 inundo
217 2011 297 2045 semieris,
303 2011 317 2040 si
326 2009 385 2039 nostris
395 2009 512 2046 adquiescendo
523 2011 591 2041 consiliis
600 2013 659 2042 reuerti
669 2013 743 2049 uolueris,
755 2014 786 2043 hoc
797 2013 824 2044 tibi

122 2068 152 2097 pro
159 2068 224 2089 munere
231 2057 305 2089 iaciemus
312 2057 354 2095 quod
361 2057 381 2087 ad
389 2060 450 2094 portam
461 2066 492 2095 qua
501 2057 562 2089 intrasti
572 2058 634 2089 illesum
641 2063 657 2089 te
664 2059 743 2098 ducemus,
751 2060 825 2099 quatinus

95 2119 115 2148 4⁰
123 2106 167 2136 uiuas
174 2111 190 2137 et
197 2107 248 2136 adhuc
256 2106 272 2136 in
279 2107 338 2136 mundo
345 2105 425 2143 gaudeas;
435 2113 456 2135 ne
463 2109 512 2135 totum
519 2108 561 2143 quod
566 2116 615 2137 suaue
622 2112 647 2138 est
652 2108 714 2145 corpori
721 2112 749 2138 tuo
756 2109 826 2138 funditus

123 2152 196 2183 amittas)
217 2153 263 2183 Miles
277 2157 329 2182 autem
344 2152 408 2181 omnino
423 2153 476 2189 tacuit,
486 2162 516 2182 nee
529 2155 555 2183 uel
569 2163 616 2184 unum
627 2155 650 2184 eis
660 2155 726 2185 uerbum
739 2156 825 2193 respondit.

124 2200 220 2238 Contempni
232 2209 250 2229 se
262 2200 335 2229 uidentes
348 2200 430 2235 demones,
440 2200 528 2231 fremebant
538 2202 606 2239 ineam,
616 2206 738 2240 struxeruntque
749 2203 765 2233 in
778 2203 826 2233 domo

124 2247 188 2276 maximi
201 2247 271 2276 incendii
284 2255 350 2284 rogum;
367 2251 403 2283 post
417 2246 447 2275 hec
459 2256 514 2277 manus
527 2257 546 2278 ac
559 2249 610 2286 pedes
623 2249 677 2279 militis
690 2250 783 2287 ligauerunt,
795 2250 826 2288 (et)

125 2303 161 2324 eum
170 2295 187 2324 in
194 2294 246 2331 ignem
253 2293 364 2331 prohicientes,
372 2294 416 2323 uncis
426 2293 482 2324 ferreis
493 2296 523 2325 huc
533 2295 600 2333 illucque
607 2305 637 2334 per
643 2297 733 2327 incendium
740 2297 827 2327 clamantes

96 2356 116 2386 45
124 2346 211 2372 traxerunt.
237 2340 308 2377 Etcum,
321 2340 379 2371 ‘ihesu
393 2340 456 2372 Christe
470 2341 492 2371 fili
506 2343 531 2372 dei
543 2342 581 2380 uiui,
592 2343 668 2374 miserere
678 2343 725 2375 miehi
739 2342 827 2383 peccatori’

125 2390 233 2424 exclamasset,
241 2388 292 2419 tocius
299 2388 367 2418 incendii
375 2388 454 2419 extinctus
464 2392 488 2419 est
498 2399 551 2429 rogus,
559 2391 582 2421 ita
591 2395 609 2421 ut
618 2391 677 2422 sintilla
687 2392 737 2422 tocius
744 2401 776 2422 non
784 2391 828 2422 inue-

125 2437 185 2468 niretur
192 2436 238 2474 ignis.
277 2429 385 2474 Egredientes
392 2444 430 2465 uero
437 2436 513 2467 demones
518 2442 600 2468 traxerunt
607 2439 672 2469 militena
678 2448 707 2477 per
711 2443 771 2469 uastam
776 2439 828 2476 regio·

125 2494 161 2514 nem
169 2484 230 2521 nigram
237 2487 254 2513 et
261 2484 365 2519 tenebrosam,
371 2482 387 2511 iu
394 2492 424 2519 qua
431 2487 465 2512 erat
472 2488 529 2513 uentus
536 2485 562 2522 qui
569 2495 599 2515 nec
606 2486 657 2515 audiri
664 2490 724 2523 posset,
729 2491 754 2516 set
760 2486 785 2515 sui
792 2486 828 2523 rigi·

124 2532 173 2561 ditate
184 2540 241 2568 corpus
251 2540 297 2560 suum
307 2529 390 2560 uidebatur
400 2529 486 2567 perforare.
511 2532 600 2562 Traxerunt
610 2543 646 2563 eum
654 2533 718 2563 tandem
728 2533 747 2562 ad
756 2542 828 2571 campum

97 2592 118 2625 50
125 2579 170 2609 cuius
178 2580 225 2609 finem
232 2579 288 2609 uidere
296 2587 328 2608 non
338 2582 405 2616 poterat,
412 2576 493 2616 utriusque
502 2587 550 2609 sexus
561 2579 623 2610 diuerse
633 2580 680 2610 etatis
686 2579 775 2610 horninibus
782 2579 828 2609 nudis
