1762 2803
85 99 131 155 Ut
145 96 245 149 &cocto
262 93 517 157 coeliomonte
531 93 641 146 muttire.
688 108 732 153 415

32 227 92 258 entem
101 218 226 260 considerans,
233 218 322 252 admirata
329 217 371 260 [est]
379 216 539 261 pulchritudinem,
547 216 610 261 gauisa
618 222 646 251 est
654 221 734 250 contem-

31 274 77 321 plari
85 272 172 306 militiam.
196 271 268 304 Etcum
276 270 354 304 multum
365 269 415 314 regis
427 274 540 314 apparatum,
548 268 708 314 pulchritudinem,
716 274 735 303 et

31 327 141 362 nobilitatem
157 324 300 365 commendaret,
314 329 333 357 et
346 334 389 357 eurn
402 323 450 366 patri
465 323 519 356 laude
532 328 551 357 et
566 321 623 366 gloria
638 321 735 366 preferret,

32 385 89 415 mater
97 378 141 419 eius,
149 377 218 410 inuidie
226 376 305 411 stimulis
310 376 382 419 agitata,
388 376 449 410 statim
457 377 475 410 in
484 375 545 411 animo
554 375 735 417 deliberauit‚regem

33 431 159 469 Ethelbertum
171 430 225 464 morti
237 430 310 464 tradere
321 434 339 463 et
350 439 427 473 regnum
437 428 537 463 Orientalis
548 428 617 473 Anglie
628 427 673 462 tanti
685 427 753 472 regis5

32 485 103 521 interitu
118 483 199 517 viduare.
222 482 246 516 Et
260 483 322 517 statim
337 483 361 517 ad
376 492 440 526 regern
456 482 516 517 Offam
531 483 608 523 intrans,
622 480 699 526 procidit
714 492 735 516 se

32 540 50 573 in
61 543 128 571 terram
143 540 186 569 ante
199 540 318 579 conspectum
330 535 375 578 eius,
387 541 405 570 et
417 536 513 580 suspirans
525 542 543 570 et
554 535 684 579 ingemiscens,
695 536 732 569 ait:

33 589 150 632 ‘Acquiesce
162 588 250 631 princeps
261 588 344 631 insignis,
356 588 437 622 consiliis
449 589 502 629 meis,
514 593 532 622 et
543 599 567 622 ne
579 587 640 622 tradas
655 598 734 631 regnum

33 649 83 677 tuum
93 640 180 684 gentibus
187 640 257 680 alienis,
265 650 301 683 que
309 651 366 683 super
373 640 462 684 populum
471 645 522 675 tuum
533 640 643 675 constituent
655 640 735 683 prelium

33 701 50 730 et
58 699 120 728 contra
130 692 178 726 filios
185 698 226 726 tuos
237 693 350 727 suscitabunt
361 693 435 727 bellum.
458 693 544 727 Heredes
554 692 580 727 tui
588 692 660 737 laqueis
668 703 734 727 eorum
745 704 764 726 10

34 747 132 792 capientur,
144 751 162 780 et
175 745 247 790 captiui,
259 746 278 780 in
292 745 372 780 maxima
386 745 459 780 miseria
471 745 608 780 interficientur.
630 745 661 779 Ad
672 750 736 790 patres

33 807 74 835 tuos
85 810 127 833 cum
139 799 234 842 appositus
245 798 314 839 sueris;
326 799 341 832 si
352 800 443 833 aduenam
453 799 507 833 nobis
519 799 609 833 dominari
620 798 736 843 permiseris,

34 854 102 897 absque
113 852 175 886 liberis
187 857 241 887 erunt
251 863 324 893 uxores,
333 856 351 886 et
361 852 421 892 vidue,
430 858 448 886 et
458 852 493 887 viri
504 857 564 886 morte
573 852 665 896 peribunt.
688 851 736 887 Ecce

34 908 85 941 adest
101 905 218 939 Ethelbertus
237 916 276 948 rex,
288 905 379 949 petiturus
394 905 450 939 filiam
469 910 525 945 tuam,
546 905 646 948 superbam
665 915 700 949 per
718 910 736 939 te

35 959 114 992 facturus
129 962 204 1000 gentem
218 957 293 999 suam¹;
308 957 340 990 fiet
355 967 389 990 rex
401 956 451 990 idern
463 966 538 1000 semper
552 957 612 997 ditior,
624 962 643 990 tu
654 967 699 990 vero
713 958 737 990 ad
746 968 765 997 ¹5

35 1009 94 1044 omnia
112 1008 205 1053 explenda
226 1008 334 1053 pauperior;
356 1009 387 1043 ille
405 1008 474 1050 sortior,
495 1008 537 1043 Offa
555 1009 684 1052 impotentior,-
706 1008 738 1044 illc

35 1061 123 1107 superior,
136 1067 155 1096 tu
167 1062 248 1096 inferior.
271 1062 294 1097 Et
308 1061 350 1106 quia
363 1067 450 1107 prouecta
462 1067 491 1095 est
505 1067 545 1096 etas
558 1067 589 1095 tua
600 1066 619 1095 et
632 1062 651 1095 in
665 1062 737 1096 senium

35 1126 93 1157 versa,
99 1115 150 1149 illum
155 1119 215 1150 autem
223 1114 255 1159 [in]
261 1114 360 1150 iuuentutis
365 1115 480 1160 gloriaquasi
488 1115 562 1150 leonem
568 1114 628 1150 sciunt
634 1125 677 1150 esse
685 1125 736 1160 mag·

36 1167 135 1210 nanimum,
142 1168 183 1201 huic
190 1169 247 1202 duces
253 1169 279 1202 tul
285 1172 304 1203 et
309 1169 394 1202 consules
401 1168 427 1202 tui
435 1167 547 1202 familiariter
554 1169 684 1212 obsequentur.
701 1168 737 1203 Fac

36 1232 78 1264 ergo
89 1229 109 1255 vt
121 1223 161 1254 eius
172 1221 228 1264 gloria
238 1221 270 1253 fiat
281 1221 300 1254 in
311 1221 435 1265 ignominiam,
445 1227 463 1255 et
472 1222 559 1265 superbia
569 1220 649 1255 hominis
656 1226 738 1255 vertatur
746 1233 766 1254 20

37 1273 55 1306 in
70 1273 152 1307 ruinam:
173 1273 233 1307 Morte
247 1274 354 1317 turpissima
369 1273 444 1317 precipe
458 1279 478 1308 vt
493 1275 586 1314 moriatur,
601 1279 620 1308 et
634 1275 658 1308 de
677 1274 738 1308 medio

38 1326 154 1369 obprobrium
162 1332 226 1360 nostre
234 1326 294 1370 gentis
302 1325 399 1360 auferatur.
419 1326 499 1369 Audisti,
506 1326 532 1360 mi
539 1337 578 1369 rex,
586 1337 622 1370 que
632 1325 664 1360 tibi
674 1337 738 1361 ncces-

38 1377 84 1411 saria
92 1383 134 1411 sunt
142 1390 146 1411 :
158 1383 177 1411 tu
185 1384 246 1412 autem
255 1378 331 1421 preuide
339 1388 375 1421 que
383 1378 436 1412 nobis
444 1384 462 1412 et
469 1378 538 1422 populo
545 1384 577 1412 tuo
588 1379 683 1422 profutura
691 1378 738 1413 sint!

38 1429 78 1464 Hiis
86 1430 158 1473 auditis,
166 1429 272 1465 conuocatis
282 1432 397 1475 magnatibus
409 1431 448 1466 suis
457 1430 482 1466 ait
491 1430 533 1466 offa
544 1442 589 1466 rex:
602 1430 667 1474 ‘Num,
675 1431 738 1476 inquit,

38 1494 78 1516 mea
86 1483 196 1517 detrimenta
204 1488 222 1517 ct
230 1484 310 1527 dampna
317 1494 354 1517 non
367 1484 498 1518 consideratis?
521 1484 587 1518 Nonne
596 1484 662 1519 videtis
673 1490 739 1528 gentes
748 1496 767 1526 ²5

37 1536 117 1570 aduenas
129 1535 178 1580 regis
190 1536 312 1570 adolescentis
323 1535 432 1580 insipienter
443 1536 478 1570 huc
490 1536 594 1578 aduenisse,
606 1542 624 1570 et
635 1536 672 1570 iam
683 1547 739 1581 super

38 1597 71 1622 nos
83 1598 170 1623 exercere
185 1588 286 1624 dominium
298 1589 352 1624 firmo
365 1590 426 1624 animo
441 1590 559 1625 decreuisse?
581 1589 630 1631 Qun
644 1590 739 1634 hucusque

38 1640 93 1674 sortes
108 1642 168 1675 fuistis
184 1647 202 1676 et
217 1642 275 1683 liberi,
291 1643 360 1676 siccine
375 1642 479 1676 nationibus
494 1642 559 1676 alienis
578 1642 679 1676 tolerabitis
698 1653 740 1677 esse

38 1693 125 1728 subiecti?
148 1694 177 1728 Ne
184 1693 279 1739 patiamini
288 1694 336 1728 hanc
347 1694 400 1728 nobis
409 1693 472 1728 inferri
481 1694 579 1728 iniuriam!
592 1695 673 1739 quivult,
681 1694 741 1728 vindi-

38 1750 110 1781 caturus
121 1757 176 1781 omne
187 1757 246 1791 genus
255 1747 352 1782 nostrum³
361 1748 441 1787 accedat,
453 1757 520 1791 meque
528 1748 579 1792 larga
591 1757 647 1783 manu
659 1748 740 1784 infinitas
749 1759 769 1790 ³⁰

38 1800 125 1840 pecunias
138 1805 240 1844 errogante,
253 1800 325 1843 premia
340 1799 411 1834 meritis
426 1801 522 1843 condigna,
537 1811 573 1844 que
589 1800 612 1834 ad
628 1811 662 1835 sua
677 1811 740 1836 secum

39 1856 124 1894 reportet,
138 1852 224 1896 accipiat:
241 1853 336 1887 Incautum
349 1863 391 1886 eum
406 1863 441 1896 per
455 1863 529 1886 manum
545 1852 678 1896 apprehendat,
692 1853 741 1887 etin

39 1901 135 1938 triclinium
153 1915 215 1939 meum
230 1910 249 1940 vt
268 1904 360 1940 anricum⁴
377 1905 456 1939 inducat.
479 1904 615 1950 Ingressusque
630 1916 671 1940 cum
687 1905 741 1940 suerit

40 1956 149 1992 domicilium
161 1959 231 2001 mortis,
240 1969 263 1992 ex
274 1959 352 2002 abrupto
363 1958 443 2003 patietur
453 1957 571 2002 supplitium!
595 1958 668 1992 Prosilit
679 1959 740 1992 statim

40 2017 50 2039 e
61 2010 121 2043 medio
132 2010 258 2051 winebertus,
267 2010 343 2044 auaritie
354 2010 432 2044 stimulis
441 2010 531 2055 agitatus:
544 2012 623 2053 ‘assum‚
630 2011 694 2055 inquit,
701 2022 741 2053 rex,
749 2025 769 2056 ³5

39 2058 119 2096 facturus
138 2063 187 2105 quod
202 2062 288 2106 precipis,
303 2068 321 2097 et
340 2068 449 2106 accepturus
468 2063 517 2106 quod
532 2063 635 2107 promittis:
655 2064 741 2107 quoniam

40 2112 132 2148 neminem
147 2115 218 2158 poteris
236 2115 318 2159 reperire
333 2126 388 2159 quem
407 2115 430 2148 ad
446 2115 480 2149 hoc
499 2115 629 2160 exequendum
647 2116 741 2159 negotium

40 2165 105 2201 melius
113 2167 182 2211 poteris
190 2168 287 2203 accersire.
310 2168 358 2202 Nam
367 2170 386 2202 in
398 2169 453 2203 domo
463 2168 521 2213 patris
530 2169 570 2203 eius
582 2168 678 2203 duodecim
687 2168 742 2204 annis

40 2217 126 2254 educatus
134 2225 153 2254 et
164 2221 243 2255 nutritus
251 2221 282 2263 sui,
290 2226 309 2255 et
319 2227 362 2264 post
372 2227 451 2256 mortem
462 2223 502 2256 eius
511 2221 531 2255 in
543 2221 644 2256 Ethelberti
653 2222 742 2266 obsequio

41 2268 150 2313 aliquamdiu
162 2273 252 2308 insudaui.
279 2274 339 2308 Nemo
350 2276 367 2308 ei
378 2284 459 2317 vnquam
470 2273 580 2314 familiarior,
591 2284 646 2308 nemo
654 2275 743 2309 amicitior
750 2287 771 2317 40

40 2319 82 2356 suit)
106 2325 129 2360 Et
141 2332 215 2370 accepta
226 2338 237 2361 a
247 2337 291 2370 rege
301 2327 385 2370 pecunia,
392 2327 416 2361 ad
427 2338 490 2371 regern
501 2326 627 2361 Ethelbertum
637 2327 743 2371 perrexitlc

41 2378 59 2406 et
66 2374 92 2409 illi
103 2378 186 2421 obuians,
193 2379 245 2414 vultu
257 2379 310 2413 hilari
322 2379 379 2414 dixit:
396 2379 481 2423 ‘Optime
492 2379 588 2420 aduenisti,
596 2380 683 2423 princeps
694 2380 744 2414 desi·

42 2425 139 2465 derabilis:
158 2432 244 2475 quicquid
259 2432 350 2475 petiturus
364 2431 464 2474 accessisti,
475 2436 569 2475 gratanter
583 2431 679 2466 obtinebis.
701 2432 743 2468 Hec

41 2476 121 2521 loquitur
131 2483 218 2518 dominus
227 2494 281 2519 meus
290 2489 308 2519 et
317 2484 418 2528 pollicetur.
435 2484 457 2517 In
468 2483 551 2517 accubitu
560 2494 594 2516 suo
606 2493 671 2528 regem
682 2484 743 2519 offam

41 2537 154 2577 ¹T.E.tuunc
195 2546 285 2584 ²E.Quid.
329 2545 444 2577 ’Rvestrum
488 2546 606 2577 ¹vit.amicus.
647 2547 745 2580 lominT.
