1762 2803
52 164 191 204 naamam
231 153 277 207 mo
292 150 330 204 ὲ.
346 149 448 208 monto
462 150 583 206 motoria
708 166 750 210 555

52 283 92 319 feria
104 283 164 323 quarta
177 282 193 310 et
206 274 253 309 omni
266 274 309 307 feria
322 278 370 307 serta
382 283 427 316 pane
440 278 457 307 et
470 283 515 317 aqua
530 273 639 308 solummodo
651 279 751 314 contentus3

52 331 129 369 carnibus
140 337 181 361 vero
194 335 226 359 nec
235 325 279 358 infra
290 334 322 358 nec
333 329 381 357 extra
393 330 442 367 septa
453 324 551 359 monasterii
562 335 649 370 umquam,
661 335 714 359 sanus
725 325 751 358 vel

51 385 131 421 infirmus,
139 377 184 413 vesci
192 377 266 410 uolebat.
288 376 311 409 Et
322 375 402 419 quicquid
410 376 432 409 de
439 375 508 409 cibariis
516 378 542 410 vel
549 376 654 410 indumentis
661 376 694 409 sibi
702 386 752 418 regu·

51 434 107 467 lariter
114 426 247 463 subministratis
255 425 302 458 carni
313 426 387 468 proprie,
394 425 450 459 factus
460 426 543 459 austerior
553 432 570 460 et
579 425 654 469 rigidior,
663 425 751 469 subripere

52 482 110 527 potuit,
117 485 172 512 totum
183 475 288 519 pauperihus
300 475 363 509 Christi
374 476 396 509 de
404 475 477 509 licencia
486 476 511 509 sui
523 476 615 519 superioris
625 477 657 509 sibi
669 484 769 513 concessas

52 528 141 570 distribuit,
149 533 167 561 et
175 525 259 560 secrecius
267 525 350 567 erogauit,
358 525 383 559 ita
393 525 439 568 quod
449 525 506 558 nullus
516 526 586 560 omnino
597 527 686 560 hominum
695 532 752 570 preter

52 584 107 627 ipsum
122 578 222 620 largientem
237 581 254 610 et
268 587 362 619 pauperem
377 575 488 619 recipientem
504 577 582 611 conscius
596 577 636 611 inde
648 578 693 617 fuit;
709 577 751 611 illud

52 630 167 673 euangelicum
174 627 284 661 laudabiliter
291 628 385 661 obseruans
393 637 397 661 :
409 627 414 644 ¹
421 627 465 660 Cum
472 627 515 661 facis
522 627 644 667 elemosinam‚'
651 634 683 661 etc.
706 628 752 661 Con-

53 686 128 717 siderans
136 681 190 714 eciam
198 681 294 712 monachus
302 679 335 712 iste
343 685 359 712 et
365 678 450 712 subtiliter
455 679 563 721 perpendens
570 679 612 713 illud
618 679 664 722 quod
670 679 751 722 scriptum

52 739 88 768 est:
100 732 131 765 ‘ln
142 729 248 773 multiloquio
259 728 288 762 vix
301 729 354 763 deerit
367 729 469 773 peccatum,'
480 734 497 762 et
511 729 589 763 similiter
600 730 692 763 aduertens
705 729 751 773 quod
761 737 780 760 ιο

52 791 177 826 nonnumquam
189 792 209 815 ex
224 780 308 825 frequenti
323 780 408 824 colloquio
423 790 484 815 sensus
499 779 568 815 interior
583 780 688 821 distrahitur,
703 791 752 814 mens

52 847 62 868 a
76 836 124 867 firmo
138 832 226 875 proposito
240 831 305 874 rapitur
320 838 337 865 et
351 833 374 865 ad
389 831 445 864 minus
458 831 506 864 utilia
520 831 612 874 cogitanda
625 832 683 864 multis
695 831 752 864 modis

53 887 141 927 deriuatur,
149 884 256 919 consciencie
264 885 329 928 puritas
337 884 441 926 denigratur,
449 890 466 918 et
476 885 531 918 multa
542 885 576 918 alia
587 884 728 918 inconueniencia
735 891 753 917 et

52 937 128 980 precipue
139 935 180 968 viris
192 934 276 976 religiosis
287 941 357 977 propter
366 934 443 976 linguam
452 935 509 967 minus
520 941 569 968 caute
580 935 683 968 refrenatam
695 934 752 978 sepius

53 986 163 1024 suboriuntur,
179 991 253 1018 testante
269 985 332 1018 Iacobo
347 984 364 1018 in
379 985 452 1029 epistola
467 996 503 1025 sua,
511 985 589 1019 dicente:
607 986 635 1020 ‘Si
650 987 688 1029 quis
703 991 752 1029 putat
761 993 778 1025 ¹5

52 1036 147 1079 religiosum
154 1047 192 1069 esse
200 1047 235 1069 non
242 1037 330 1070 refrenans
337 1037 414 1080 linguam
422 1046 471 1070 suam
481 1043 519 1078 etc,
527 1036 577 1071 huius
584 1048 629 1072 vana
637 1043 662 1071 est
670 1035 751 1078 religio¹3

53 1096 69 1122 et
80 1087 121 1120 alibi
132 1087 213 1130 scriptum
225 1093 263 1120 est:
280 1087 334 1130 ‘Quis
348 1094 374 1121 est
387 1087 416 1130 qui
428 1097 463 1120 non
475 1087 558 1130 delinquit
570 1087 587 1121 in
599 1087 658 1129 lingua
669 1087 722 1121 sua?'
734 1093 751 1120 et

53 1137 103 1170 alibi:
125 1137 168 1178 ‘Qui
183 1137 258 1169 custodit
272 1147 291 1169 os
305 1148 356 1170 suurn
371 1143 388 1169 et
403 1137 479 1178 linguam
497 1147 552 1178 suam,
567 1148 578 1169 a
595 1137 653 1171 multis
672 1136 751 1180 periculis

53 1186 124 1219 custodit
138 1186 215 1219 animam
230 1187 302 1220 suam¹:
318 1187 407 1230 premissis
419 1186 499 1220 omnibus
512 1187 624 1221 consideratis
635 1187 684 1221 fedus
698 1185 751 1220 indis·

53 1236 121 1269 solubile
129 1247 168 1268 cum
176 1236 283 1269 consciencia
288 1248 319 1270 sua
324 1237 412 1281 pepigerat
417 1243 435 1270 vt
441 1247 473 1270 nec
480 1235 534 1279 [cum]
540 1243 581 1271 noto
587 1248 619 1272 nec
626 1248 665 1272 curn
670 1242 751 1271 extraneo
760 1248 779 1271 ro

53 1287 152 1329 colloquium
167 1288 238 1321 haberet
253 1288 286 1321 nisi
303 1288 372 1331 quando
387 1287 496 1321 racionabilis
508 1297 570 1329 urgens
583 1288 633 1321 valde
648 1293 664 1321 et
679 1287 751 1322 honesta

53 1337 143 1370 necessitas
157 1337 214 1379 ipsum
229 1338 252 1371 ad
267 1339 301 1372 hoc
316 1339 430 1380 compelleret,
446 1348 494 1371 sacre
512 1338 595 1381 scripture
612 1349 646 1371 non
662 1338 752 1372 immemor

52 1386 133 1419 dicentis:
145 1388 201 1420 ‘Cum
217 1387 288 1420 silencio
299 1394 316 1421 et
327 1389 407 1421 oracione
419 1398 452 1429 age
468 1388 513 1429 quod
527 1387 565 1429 agis
578 1387 595 1420 in
607 1388 688 1421 veritate.¹
711 1387 751 1421 Hils

53 1434 107 1476 iraque
120 1436 208 1477 premissis
223 1438 309 1478 omnibus,
320 1443 337 1470 et
349 1437 387 1470 aliis
399 1437 510 1480 quammultis
522 1437 604 1471 virtutum
619 1436 704 1480 preconiis
719 1437 751 1471 iste

53 1486 143 1518 monachus
155 1485 252 1529 insignitus,
264 1493 281 1521 et
293 1488 314 1521 de
325 1487 388 1520 virtute
399 1488 422 1520 ad
433 1487 513 1520 virtutem
526 1497 594 1531 semper
606 1487 708 1528 ascendens,
720 1488 752 1521 sub
761 1500 779 1531 ²5

53 1535 109 1575 regula
116 1535 162 1568 beati
170 1537 259 1571 Benedicti
271 1537 288 1570 in
299 1538 333 1571 hoc
344 1538 448 1571 monasterio
460 1548 490 1580 per
500 1538 576 1580 spacium
585 1537 655 1580 triginta
662 1547 752 1578 annorum,

53 1584 109 1617 diuina
117 1594 221 1629 cooperante
233 1588 294 1630 gratia,
306 1588 406 1631 regulariter
413 1593 430 1622 et
441 1587 550 1622 laudabiliter
557 1587 603 1622 uixit.
616 1591 622 1629 ΙΙ
636 1590 688 1623 Anno
702 1587 752 1631 igitur

54 1633 175 1671 incarnacionis
197 1638 284 1672 dominice
307 1639 398 1672 millesimo
421 1638 539 1671 ducentesimo
557 1639 668 1680 nonagesimo
686 1639 752 1682 quinto,

53 1686 126 1717 secunda
136 1686 165 1719 die
176 1687 242 1720 mensis
251 1687 330 1729 Augusti,
338 1699 369 1730 per
380 1688 426 1721 diem
438 1688 506 1727 hlartis,
514 1687 531 1720 in
543 1688 618 1721 crastino
630 1687 694 1721 scilicet
705 1689 752 1722 beati

54 1731 97 1788 l'etri
104 1735 126 1768 ad
133 1734 211 1772 uincula:
223 1737 272 1780 graui
283 1749 345 1781 guerra
355 1738 399 1772 inter
409 1749 458 1781 reges
466 1737 528 1781 Anglie
539 1744 557 1773 et
569 1738 642 1773 Francie
654 1740 724 1773 suborta
735 1746 752 1774 et
760 1749 781 1779 3⁰

53 1789 95 1817 mter
102 1797 132 1819 eos
139 1788 169 1821 diu
176 1790 281 1830 continuata,
287 1790 358 1823 tandem
365 1800 395 1823 rex
402 1789 536 1831 Francieparari
544 1789 583 1822 fecit
591 1800 672 1832 magnam
679 1790 752 1823 classem

53 1834 140 1873 piraticam
151 1848 223 1872 numero
234 1839 326 1881 grandium
336 1839 407 1873 nauium
419 1839 556 1881 quingentarum,
568 1849 608 1872 cum
620 1849 684 1881 magna
695 1839 752 1872 multi-

54 1884 110 1917 tudine
124 1889 228 1930 scapharum
243 1895 260 1922 et
275 1890 363 1931 galeamm
382 1889 407 1922 eis
426 1888 567 1929 consociaturum,
583 1898 616 1930 que
630 1899 677 1922 anno
691 1894 708 1922 et
723 1888 752 1922 die

54 1935 153 1975 supradictis
171 1938 189 1971 in
209 1944 260 1981 portu
279 1941 361 1981 Douorye
376 1938 493 1980 applicuerunt
508 1944 571 1971 terram
586 1938 648 1980 Anglie
667 1939 753 1971 hostiliter

53 1980 130 2027 inuasuri,
141 1992 160 2021 vt
171 1989 244 2023 eandem
258 1995 321 2023 terram
332 1988 395 2032 Anglie
407 1988 452 2030 regis
463 1988 536 2021 Francie
547 1988 624 2022 dominio
635 1989 751 2031 subrogarent.
760 1999 779 2030 35

54 2031 79 2065 Ex
86 2035 146 2077 quibus
153 2039 227 2073 nauibus
234 2045 252 2073 et
259 2041 332 2074 nauellis
340 2040 385 2074 circa
393 2040 453 2073 horam
461 2038 531 2073 terciam
543 2038 586 2072 illius
595 2039 628 2073 diei
639 2040 726 2074 exilierunt
734 2045 751 2074 et

53 2082 74 2139 ati
82 2090 143 2121 terram
151 2100 170 2123 se
177 2092 262 2124 dederunt
268 2092 367 2134 quindecim
375 2090 422 2123 milia
427 2090 539 2133 vespilionum
547 2100 577 2123 seu
585 2091 686 2133 predonum,
692 2090 752 2132 scutis,

55 2133 116 2177 Chiris
128 2138 189 2183 hastis,
202 2141 267 2182 iaculis,
280 2141 331 2184 gcsis,
344 2147 361 2175 et
374 2152 394 2174 ex
407 2140 453 2174 omni
465 2150 529 2183 genere
542 2150 629 2174 armorum
641 2146 658 2175 et
671 2141 752 2185 precipue

53 2182 108 2238 ferreis
121 2191 197 2230 preclare
209 2192 316 2225 radiantibus
328 2191 394 2225 fortiter
404 2190 518 2224 munitorum:
532 2190 560 2234 qui
573 2191 632 2225 statim
645 2198 752 2235 apponentes

54 2241 113 2288 ξὲξῑεῐη,
128 2239 189 2274 domos
203 2242 286 2283 plurimas
301 2241 318 2274 in
333 2242 374 2275 villa
392 2241 469 2274 Douorie
484 2247 626 2282 concremarunt;
646 2248 672 2276 set
687 2243 781 2282 nullamao

54 2282 113 2319 ibidem
119 2286 752 2334 inuenientesresistendam,ducentibusinimicisnosrriscaleisiensibus,

53 2333 75 2366 ad
92 2335 124 2371 hoc
142 2344 266 2376 monasterium
283 2343 384 2377 festinanter
402 2348 520 2386 peruenerunt.
551 2342 584 2386 Qui
603 2350 662 2386 portas
680 2342 752 2378 ecclesie

54 2390 149 2422 monasterii
161 2391 294 2436 circumquaque
301 2393 391 2433 vallantes,
398 2393 426 2427 dei
437 2394 498 2426 timore
509 2393 611 2435 postposito,
619 2393 702 2427 uiolenter
712 2404 752 2427 con·

53 2432 143 2486 ffessemnt,
157 2446 175 2474 et
189 2443 230 2484 igne
245 2443 323 2476 similiter
338 2444 468 2476 combusserunt
476 2455 481 2483 ;
499 2449 516 2476 et
531 2443 653 2484 ingredientes,
668 2448 751 2486 quotquot

54 2491 152 2522 inuenerunt
168 2491 262 2526 familiares
278 2493 322 2527 infra
338 2500 388 2536 septa
403 2493 535 2527 deambulantes
548 2493 611 2527 crudeli
625 2499 680 2526 morte
693 2492 751 2527 statim
761 2504 780 2535 4⁵

54 2540 164 2586 peremerunt,
175 2542 238 2576 deinde
250 2543 330 2576 domibus
341 2543 400 2577 multis
408 2544 484 2576 flammis
494 2543 535 2576 inibi
549 2542 620 2584 traditis,
628 2553 659 2585 per
666 2552 726 2576 omnes
734 2549 751 2577 et

53 2585 126 2626 8¹”gulas
137 2590 215 2627 officinas
222 2593 298 2629 uelocius
309 2593 429 2636 discurrentes,
437 2593 519 2639 quicquid
527 2593 544 2628 in
552 2594 576 2629 eis
584 2594 657 2629 euellere
664 2593 691 2628 vel
699 2604 751 2628 manu
