1762 2803
230 122 275 178 we
291 119 391 174 &cuttu
406 118 538 173 wistano.
689 130 733 176 527

33 260 64 286 ore
72 246 160 293 psalmus
169 253 245 288 semper
252 242 271 276 in
280 242 335 276 corde
343 240 432 275 Christus.
456 239 477 273 In
488 238 565 284 singulis
573 238 621 273 villis
628 238 668 273 suis
679 238 735 274 habe·

33 305 63 339 bat
78 299 158 335 ediculas
173 297 191 331 in
207 295 273 341 quibus
288 304 335 329 sea
350 304 404 328 mane
421 297 463 337 post
479 292 555 327 missam
573 291 662 334 inclusit¹,
677 291 735 326 donec

33 354 109 391 clericus
127 349 232 395 pulsatione
251 347 293 383 ostii
310 352 385 391 tempus
401 345 473 391 prandii
487 346 517 381 vel
534 346 620 380 horarum
636 344 736 380 nunciaret.

34 400 129 453 iQuando
140 409 179 436 erat
190 401 292 445 Wigornic,
305 399 381 433 missam
393 399 482 433 maiorem
492 399 532 433 loco
544 398 682 433 hebdomadarii
691 409 737 441 quo-

34 459 78 496 tidie
88 457 126 491 sere
134 454 223 496 cantabat,
233 463 243 487 a
253 463 294 497 quo,
302 457 321 486 vt
333 451 383 493 dixit,
393 451 452 486 officio
463 461 496 495 pro
508 451 614 496 episcopatu
625 450 754 494 resignando5

34 510 91 548 noluit
109 507 185 543 absolui.
215 504 311 541 Collationi
329 504 461 539 monachorum
480 504 566 546 interfuit,
584 508 602 539 et
620 503 737 539 consessione

35 566 86 604 dicta,
98 568 116 596 et
129 560 257 595 benedictione
270 560 317 601 data,
330 560 353 592 ad
366 568 399 592 sua
413 559 471 592 rediit.
517 551 570 592 Dum
583 557 640 593 semel
653 556 737 592 monachi

35 617 100 654 suiad
116 613 204 649 maiorem
219 612 316 648 ecclesiam
331 611 432 656 migrarent
446 621 501 656 quam
516 611 557 655 ipse
572 616 705 652 construxerat,
719 615 738 646 et

35 671 105 706 videret
120 666 217 701 ecclesiam
233 665 327 708 antiquam
342 664 411 698 destrui
422 675 478 707 quam
493 670 568 698 sanctus
583 663 681 697 Oswaldus
696 673 738 697 con·

36 725 131 762 struxerat,
143 717 241 752 lachrimas
256 717 307 751 fudit.
330 717 391 761 Super
405 727 442 760 quo
457 717 541 752 modeste
555 717 664 761 redargutus
679 714 767 760 quod³10

36 774 95 822 potius
103 772 183 817 gaudere
194 772 270 806 deberet
280 770 329 815 quod
338 781 359 805 se
368 770 468 815 superstite
478 775 539 804 tantus
551 768 610 804 honor
618 768 697 804 ecclesie
706 779 739 804 sue

36 827 132 864 accidisset
149 826 198 869 quod
213 824 337 869 multiplicatis
354 824 448 858 monachis
463 823 535 857 edificia
551 828 667 867 augerentur,
683 823 739 857 dixit:

37 881 85 924 ‘Ego
100 879 155 923 longe
170 877 222 913 aliter
237 876 323 921 intelligo,
337 877 387 921 quod
402 887 437 912 nos
451 881 558 922 peccatores
573 882 592 912 et
606 875 669 912 miseri
683 886 740 920 opera

37 938 141 968 sanctorum
156 930 269 964 destruimus
283 936 303 963 vt
319 930 373 963 nobis
387 929 460 963 laudem
476 929 622 973 comparemus⁴.
646 929 688 962 Non
707 940 740 962 no·

37 990 88 1021 uerat
102 984 133 1018 iila
148 988 188 1019 etas
202 982 307 1027 pompatica
324 987 436 1025 constmere,
451 982 484 1018 sed
499 982 534 1017 sub
549 980 677 1027 qualicumque
692 986 740 1017 tecto
750 992 768 1024 ¹5

37 1039 108 1082 seipsos
123 1038 158 1071 deo
173 1036 268 1070 immolare
283 1036 412 1080 subiectosque
427 1036 450 1070 ad
465 1035 572 1080 exemplum
585 1034 688 1071 attrahere:
705 1046 740 1070 nos

38 1098 111 1127 econtra
119 1089 194 1125 nitimur
201 1096 220 1125 vt
228 1100 290 1125 curam
298 1089 400 1124 animamm
411 1089 525 1134 negligentes
536 1089 651 1124 cumulemus
658 1089 741 1134 lapides’

39 1139 91 1179 Dum
103 1143 161 1177 semel
172 1148 247 1176 sanctus
259 1142 354 1176 Wlstanus
366 1153 472 1176 sermonem
483 1143 506 1176 de
517 1153 563 1185 pace
575 1142 648 1182 faceret,
658 1148 677 1176 et
688 1140 741 1175 multi

38 1197 60 1231 ad
72 1195 189 1230 concordiam
200 1195 286 1236 redirent,
294 1205 342 1229 vnus
353 1195 402 1228 inter
412 1206 445 1228 eos
456 1195 506 1229 nullo
517 1205 578 1237 suasu,
589 1205 624 1229 nec
635 1194 689 1229 etiam
701 1193 741 1239 epi·

39 1249 89 1293 scopi
103 1252 173 1293 rogatu,
186 1258 220 1292 pro
233 1247 294 1281 sratris
306 1258 352 1281 nece
365 1246 467 1282 homicidel
479 1246 553 1282 veniam
565 1247 634 1292 petenti
645 1247 740 1292 indulgere
751 1259 770 1281 ao

39 1303 98 1338 voluit.
126 1301 175 1336 Huic
190 1302 208 1335 in
224 1301 285 1335 medio
300 1301 384 1343 adducto,
400 1300 446 1335 dixit
461 1300 570 1345 episcopus:
588 1300 650 1336 ‘Beati
665 1300 742 1346 pacifici,

40 1356 124 1399 quoniam
132 1355 165 1389 filii
173 1354 202 1389 del
210 1355 328 1389 vocabuntur.
344 1354 419 1388 Constat
427 1354 477 1388 enim
485 1355 534 1398 quod
543 1354 573 1398 [si]
580 1354 651 1398 pacifici
658 1360 701 1389 sunt
709 1354 742 1388 filii

40 1408 68 1442 dei
79 1413 96 1442 et
107 1408 160 1449 beati,
168 1407 294 1442 discordantes
304 1411 348 1442 sunt
357 1406 420 1442 miseri
431 1412 449 1442 et
459 1406 491 1441 filii
500 1406 572 1442 diaboli.
595 1406 624 1442 Illi
635 1418 679 1452 ergo
690 1407 742 1442 cuius

40 1471 65 1502 es,
73 1466 91 1495 te
102 1461 215 1503 commendo,
224 1465 242 1494 et
252 1460 305 1493 trado
317 1470 391 1494 carnem
402 1466 452 1495 tuam
464 1460 552 1495 sathane!
575 1461 640 1496 Statim
651 1460 682 1495 ille
691 1471 743 1496 man-

40 1514 106 1558 cipium
115 1514 181 1549 hostile
189 1514 271 1557 effectus,
279 1513 364 1549 dentibus
372 1514 455 1556 stridere,
463 1524 540 1558 spumas
547 1514 612 1557 iacere,
621 1520 675 1559 caput
682 1520 743 1550 rotare
751 1526 770 1557 ²⁵

41 1568 93 1612 cepit.
115 1569 133 1602 A
146 1567 232 1604 Wlstano
245 1568 319 1602 demum
333 1573 413 1610 sanatus,
427 1579 469 1603 cum
482 1579 547 1612 pacem
559 1569 619 1603 adhuc
633 1568 743 1613 repudiaret,

41 1620 111 1663 iterum,
119 1626 138 1656 et
145 1621 199 1656 tertio
206 1626 290 1665 arreptus
299 1625 332 1663 est,
339 1631 434 1665 quousque
442 1632 465 1656 ex
473 1622 527 1656 corde
535 1621 620 1656 iniuriam
628 1626 646 1657 et
653 1622 744 1656 offensam

41 1675 145 1708 remitteret.
179 1667 285 1708 Ailwinus⁵
293 1675 367 1717 quidam
375 1675 424 1717 apud
435 1674 501 1708 saltum
510 1674 611 1707 Maluernie
622 1675 744 1708 anachoritice

41 1726 116 1769 degens,
123 1726 227 1761 ⁷desiderio
235 1726 385 1761 hierosolimitani
393 1726 463 1761 itineris
471 1726 533 1772 sepius
541 1727 612 1762 afflatus
622 1732 667 1762 erat.
690 1726 743 1770 Quod

42 1789 82 1814 cum
90 1780 176 1816 Wlstano
187 1780 282 1824 panderet,
294 1780 404 1815 dissuadens
411 1780 515 1825 episcopus,
523 1780 580 1817 dixit:
592 1780 676 1816 ‘Desiste
683 1782 744 1824 sodes,
752 1794 773 1824 ³⁰

41 1832 129 1869 Ailwine:
148 1834 202 1869 crede
216 1833 266 1876 mihi,
278 1833 371 1868 mirareris
384 1834 399 1867 si
412 1834 470 1868 scires
483 1844 519 1878 que
531 1845 565 1878 per
576 1839 594 1869 te
606 1835 652 1869 deus
664 1834 744 1869 facturus

43 1883 74 1919 sit?
91 1886 218 1930 Aequiescens
225 1886 261 1930 ille,
269 1887 288 1920 in
296 1886 336 1921 loco
343 1886 374 1920 illo
382 1887 405 1920 ad
413 1897 510 1921 numerum
519 1887 635 1921 tricenarium
643 1888 744 1921 monachos

43 1938 159 1983 congregauit
166 1944 184 1973 et
193 1938 306 1973 Maluernie³
313 1938 443 1973 monasterium
454 1938 541 1974 fundauit.
575 1932 658 1986 Quidam
669 1939 744 1974 nomine

44 1990 122 2025 Sewlfus
127 1994 133 2011 ³
139 1994 183 2026 dum
190 1994 252 2036 sepius
259 1993 323 2026 eadem
330 1997 404 2036 peccata
412 1992 500 2036 episcopo
506 1992 600 2036 panderet,
606 1992 630 2027 ait
636 1992 743 2036 episcopus:

44 2042 175 2088 ‘Oportunitas
181 2045 265 2088 vtvideo,
274 2046 364 2080 latronem
372 2044 423 2086 lacit,
434 2045 475 2079 ideo
483 2046 559 2080 consulo
566 2051 586 2080 vt
593 2046 744 2081 monachusfias:
753 2056 773 2089 35

44 2101 61 2129 et
68 2097 94 2132 sic
101 2099 186 2133 vitiorum
198 2099 335 2143 importunitate
346 2099 428 2132 carebis!
451 2099 497 2132 Cum
505 2110 549 2133 vero
557 2099 587 2134 ille
598 2109 632 2142 pro
643 2100 704 2144 rigore
715 2109 745 2135 or-

44 2148 91 2185 dinis
98 2151 133 2186 hoc
140 2157 232 2195 renueret,
239 2151 306 2194 ¹Vade,
312 2152 375 2195 inquit,
382 2152 482 2186 monachus
490 2152 524 2186 lies
529 2151 575 2186 velis
581 2152 640 2187 nolis!
661 2153 746 2188 Tandem

44 2200 73 2234 ille
88 2215 194 2244 senescens,
210 2210 228 2238 et
244 2205 293 2247 apud
311 2204 436 2248 Malmesbyry
450 2210 561 2247 tonsoratus,
576 2205 661 2249 quotiens
678 2205 746 2239 dictum

44 2251 122 2289 Wlstani
127 2256 184 2290 menti
192 2256 274 2301 ingessit,
280 2256 341 2290 mitius
349 2268 370 2291 se
377 2257 444 2291 habuit.
475 2250 528 2292 Dum
537 2257 619 2303 alumpni
626 2257 655 2293 sui
663 2257 746 2292 Nicholai

45 2314 97 2351 caput
107 2311 195 2354 palparet,
203 2311 235 2354 qui
246 2312 282 2345 iam
292 2310 364 2345 iuuenis
373 2310 477 2345 caluescere
487 2310 541 2355 cepit,
549 2310 573 2345 ait
585 2311 608 2346 ad
619 2321 672 2346 eum:
684 2311 746 2355 ίΡιιῑο,
753 2322 774 2353 40

45 2359 75 2401 fili,
86 2364 135 2406 quod
146 2363 181 2397 cito
193 2363 255 2397 caluus
267 2363 313 2398 eris.¹
337 2363 360 2398 Et
370 2363 411 2399 ille:
423 2364 500 2407 ‘Quare
508 2371 565 2408 pater,
573 2376 610 2398 non
622 2371 675 2400 tenes
686 2365 747 2400 crines

45 2417 115 2448 meosi'
139 2416 173 2450 Cui
181 2417 289 2461 episcopus:
302 2417 375 2457 ‘Crede
383 2417 414 2459 fili,
422 2418 508 2461 quamdiu
516 2418 585 2459 vixero,
592 2417 661 2452 residui
671 2429 707 2452 non
715 2419 747 2452 de-

45 2464 116 2500 ficient’
135 2469 158 2502 Et
164 2470 231 2504 sactum
238 2475 266 2503 est
272 2470 302 2503 ita.
318 2469 424 2505 Ebdomada
430 2480 510 2514 namque
515 2469 545 2505 illa
552 2481 588 2514 qua
594 2471 691 2514 episcopus
698 2470 747 2513 obiit,

65 2559 175 2594 ¹T.includit.
216 2563 256 2593 ‘ct
264 2563 291 2593 W.
299 2563 320 2594 lli.
329 2563 374 2593 Pont.
415 2564 524 2602 ³W.lil.quir
564 2563 598 2594 ⁴T.
607 2564 625 2595 E.
633 2573 747 2603 comparemus.

46 2595 168 2634 'Rhomisider
195 2603 357 2636 ⁶W.lll.Aldrviuus.
377 2602 456 2636 'Rsid
482 2604 618 2636 ⁶E.maluerine.
638 2604 748 2637 tusewlsus.
