1762 2803
95 103 97 109 ’
124 94 169 148 428
317 93 396 143 mono
412 90 528 152 termut
543 91 635 152 tonitr

125 211 262 248 successionem
270 218 374 248 sanctorum
381 213 462 247 virorum
472 214 496 249 ad
508 224 542 249 nos
549 224 608 258 vsque
616 213 712 258 perlatum,
721 218 739 248 et
751 223 761 247 a
773 214 826 248 nobis

125 266 248 309 obseruatum,
256 268 356 300 asserimus
367 266 417 300 nulla
428 266 498 301 ratione
505 266 622 301 violandum?
645 266 686 309 Quo
694 266 729 300 hec
737 271 755 301 et
763 266 825 301 huius·

125 318 175 353 modi
186 320 273 353 nonnulla
284 320 361 360 dicente,
368 320 421 353 iussit
433 330 466 353 rex
478 320 582 354 Ailbertum
594 320 701 364 episcopum
711 330 744 354 sue
755 329 826 354 morem

125 372 268 405 obseruationis¹
276 372 295 404 in
303 372 384 405 medium
392 372 481 415 proferre,
488 377 508 407 vt
518 374 595 407 sciretur
602 383 638 416 quo
647 371 742 415 principio,
751 371 826 406 cuiusue

108 423 214 466 5niteretur
235 422 346 458 auctoritatis
366 423 485 459 institutione.
518 424 542 459 Et
549 424 589 460 ille:
610 424 712 469 ‘Loquatur
730 423 827 459 Wilfridus

125 477 217 522 presbiter
222 476 262 511 vice
268 488 314 519 mea,
320 477 403 520 obsecro,
408 478 450 522 quia
454 489 511 513 vnum
518 480 572 513 ambo
580 480 668 523 sapimus,
675 488 716 512 cum
723 478 788 512 ceteris
796 477 827 522 qui

125 530 154 564 hic
167 529 249 564 assident
264 529 388 565 ecclesiastice
402 530 506 567 traditionis
522 531 631 574 cultoribus;
648 536 666 566 et
681 531 711 566 ille
727 530 793 565 melius
809 534 827 565 et

125 582 239 617 manifestius
247 584 287 627 ipsa
295 583 357 626 lingua
365 584 473 627 Anglorum,
481 596 536 628 quam
544 596 578 629 ego
588 596 623 629 per
633 585 758 629 interpretem,
766 588 827 627 potest

125 636 225 680 explanare
236 647 272 680 que
284 636 384 671 sentimus.’
407 637 459 671 Tunc
467 637 565 672 Wilfridus
573 639 596 671 ad
606 638 676 671 iussum
684 637 733 681 regis
743 647 827 679 exorsus,

98 690 234 724 roColmanum
246 699 283 723 non
295 690 355 724 solum
367 689 485 724 auctoritate²
496 690 545 725 beati
557 689 645 725 Iohannis
656 690 702 725 salso
713 689 751 732 niti,
763 693 827 734 aperta

125 745 195 778 ratione
207 743 320 787 monstrauit,
328 753 393 777 verum
405 749 468 778 contra
478 743 585 786 Iohannem,
593 747 655 778 contra
666 743 732 787 legem,
740 747 758 778 et
770 754 827 778 euan-

126 797 200 841 gelium,
212 807 285 830 necnon
296 796 397 829 doctrinam
409 796 539 840 apostolorum,
547 797 603 829 immo
615 801 633 830 et
644 802 706 830 contra
717 796 827 830 uniuersalis

126 849 204 883 ecclesie
219 858 290 881 morem
305 858 347 881 eum
362 849 430 881 sentire
448 848 467 881 in
486 848 568 891 paschali
585 849 713 883 obseruatione
732 848 826 893 probauit;

127 902 202 937 dicens:
215 901 307 935 ³‘Pascha
319 902 368 944 quod
383 900 464 943 facimus,
476 901 555 935 vidimus
567 901 633 942 Rome,
645 902 675 936 vbi
689 901 737 935 beati
750 901 827 945 apostoli

99 968 117 999 15
128 955 193 990 Petrus
204 959 223 989 et
234 953 301 989 Paulus
312 952 380 997 vixere,
390 953 474 997 docuere,
482 953 533 998 passi
544 958 587 988 sunt
599 960 617 989 et
628 954 700 999 sepulti,
708 955 731 988 ab
742 954 827 989 omnibus

126 1008 219 1042 celebrari.
242 1007 283 1040 Hoc
295 1007 314 1040 in
326 1006 382 1049 Italia,
395 1007 456 1050 [hoc]⁴
467 1006 487 1040 in
499 1007 563 1049 Gallia,
570 1017 617 1050 quas
628 1007 711 1041 discendi
721 1007 751 1041 vel
763 1008 827 1041 orandi

126 1061 186 1096 studio
194 1060 351 1105 pertransiuimus,
360 1061 382 1094 ab
391 1060 475 1094 omnibus
483 1059 512 1104 agi
520 1060 657 1103 conspeximus.
679 1060 720 1094 Hoc
729 1060 827 1104 Europam,

126 1115 196 1155 Asiam,
205 1112 297 1156 Egiptum,
305 1112 394 1154 Greciam‚
400 1117 419 1145 et
426 1121 501 1146 omnem
509 1113 572 1146 orbern
580 1123 616 1146 vna
624 1122 665 1146 cum
674 1112 741 1147 Christi
749 1112 827 1148 eeclesia

127 1177 161 1211 per
169 1166 252 1200 diuersas
260 1164 343 1199 nationes
350 1170 369 1199 et
377 1164 453 1208 linguas,
461 1165 497 1199 vno
505 1175 526 1199 ac
534 1175 571 1198 non
580 1164 654 1199 diuerso
663 1165 752 1208 temporis
762 1166 827 1200 ordine

99 1234 118 1255 20
127 1216 205 1263 gerere⁶
220 1217 349 1260 comperimus,
364 1222 427 1260 preter
441 1217 476 1251 hos
490 1222 567 1259 tantum,
582 1222 601 1250 et
617 1217 744 1251 obstinationis
763 1229 827 1252 eorum

127 1271 231 1316 complices,
254 1270 314 1305 Pictos
336 1270 382 1315 dico,
401 1270 466 1305 Scotos
488 1275 507 1305 et
530 1269 621 1315 Britones,
643 1281 685 1305 cum
704 1270 782 1315 quibus⁰
803 1271 827 1307 de

126 1326 197 1360 duabus
204 1324 272 1358 vltimis
282 1323 356 1358 occeani
365 1324 436 1367 insulis,
444 1329 462 1358 et
472 1324 507 1359 hiis
517 1334 555 1358 non
565 1323 612 1366 totis,
620 1329 683 1358 contra
694 1328 751 1358 totum
762 1325 827 1359 orbem

127 1379 181 1413 stulto
196 1377 259 1411 labore
274 1378 366 1420 pugnant!
396 1377 430 1411 Cui
445 1377 556 1411 Colmanus:
575 1376 655 1410 ‘Mirum
674 1387 730 1420 quare
749 1377 825 1411 stultum

127 1430 222 1473 appellare
232 1428 292 1463 velitis
303 1429 384 1462 laborem
396 1433 484 1471 nostrum,
496 1428 514 1462 in
527 1439 562 1472 quo
576 1428 621 1461 tanti
634 1427 716 1472 apostoli,
728 1428 759 1473 qui
771 1439 828 1474 super

100 1502 107 1522 2
110 1502 118 1531 5
128 1488 192 1528 pectus
198 1482 268 1516 domini
275 1482 383 1517 recumbere
391 1481 457 1526 dignus
465 1481 503 1526 fuit,
509 1482 594 1526 exempla
602 1488 704 1524 sectamur3
716 1492 757 1516 eum
764 1484 826 1527 ipsum

128 1535 263 1581 sapientissime
270 1535 339 1569 vixisse
347 1534 406 1568 omnis
414 1535 493 1569 mundus
501 1535 583 1569 nouerit*
605 1534 702 1569 Wilfridus
709 1535 734 1569 ait
742 1547 745 1570 ι
758 1535 828 1578 ‘Absie

128 1588 191 1634 inquit,
198 1593 218 1623 vt
226 1588 327 1622 iohannem
335 1587 413 1622 stulticie
421 1588 584 1631 reprehendamus
591 1598 632 1622 cum
641 1588 685 1622 scita
693 1587 738 1631 legis
746 1589 827 1623 mosaice

128 1643 178 1676 iuxta
192 1641 271 1675 litteram
287 1645 374 1682 seruaret,
389 1641 492 1674 iudaizante
507 1640 565 1674 adhuc
581 1640 599 1673 in
615 1640 676 1673 multis
695 1641 777 1682 ecclesia,
793 1653 827 1675 nec

128 1693 187 1729 subito
199 1692 302 1728 valentibus
315 1692 403 1736 apostolis
416 1703 489 1726 omnem
503 1692 550 1737 legis
563 1691 703 1735 obseruantiam,
718 1703 777 1737 quea
790 1694 826 1728 deo

99 1764 119 1794 30
127 1747 209 1783 instituta
217 1751 250 1789 est,
258 1746 349 1788 abdicare,
357 1747 448 1791 quomodo
456 1745 566 1780 simulachra
573 1756 609 1790 que
617 1756 628 1780 a
636 1744 745 1781 demonibus
752 1745 828 1782 inuenta

127 1806 169 1836 sunt
177 1799 275 1844 repudiare
283 1810 347 1833 omnes
355 1798 386 1843 qui
394 1800 417 1833 ad
425 1799 481 1833 fidem
489 1798 565 1834 veniunt
576 1809 653 1833 necesse
661 1805 700 1842 est,
712 1799 796 1834 videlicet
804 1812 828 1834 ne

126 1854 233 1889 scandalum
241 1853 322 1887 facerent
329 1851 356 1887 eis
364 1852 395 1897 qui
403 1851 450 1887 inter
458 1857 523 1896 gentes
530 1856 583 1887 erant
591 1852 658 1887 Iudeis.
681 1851 730 1886 Hinc
738 1857 766 1887 est
778 1853 828 1888 enim

127 1907 175 1952 quod
184 1906 251 1940 Paulus
258 1905 376 1938 Timotheum
387 1904 504 1948 circumcidit,
513 1905 561 1948 quod
572 1904 642 1939 hostias
653 1904 672 1938 in
684 1905 752 1948 templo
763 1904 828 1940 immo-

127 1960 176 2001 lauit,
187 1959 236 2003 quod
251 1968 293 1992 cum
306 1957 373 2001 Aquila
388 1963 407 1991 et
422 1958 504 1992 Priscilla
519 1962 573 2001 caput
589 1956 684 1992 Corinthi⁷
699 1957 786 1992 totondit:
804 1959 827 1992 ad

99 2027 118 2057 35
127 2012 172 2047 nihil
183 2011 267 2047 videlicet
276 2011 325 2054 vtile,
337 2011 373 2045 nisi
385 2011 408 2045 ad
420 2011 526 2045 scandalum
535 2010 634 2045 iudeorum
645 2010 745 2046 vitandum.
768 2010 829 2046 Hinc³

127 2066 175 2110 quod
189 2064 249 2098 eidem
262 2064 318 2097 Paulo
331 2064 408 2098 Iacobus
423 2065 457 2098 ait:
474 2064 562 2105 “Vides⁹,
575 2064 635 2103 frater,
648 2070 691 2107 quot
697 2063 710 2084 ¹⁰
722 2064 771 2097 milia
784 2070 827 2098 sunt

127 2122 146 2153 in
155 2117 216 2152 Iudeis
226 2117 256 2160 qui
265 2117 387 2159 crediderunt,
395 2122 414 2151 et
422 2128 488 2151 ornnes
497 2117 522 2150 hii
530 2116 640 2151 emulatores
650 2121 692 2150 sunt
703 2117 766 2160 legis.'’
789 2118 828 2151 Nec

127 2176 188 2205 tamen
197 2168 256 2212 hodie,
264 2169 376 2203 clarescente
387 2179 421 2212 per
431 2170 521 2203 mundum
533 2167 633 2211 euangelio,
642 2178 719 2203 necesse
731 2173 763 2211 est,
772 2168 828 2204 immo

127 2234 161 2258 nec
170 2221 239 2256 licitum
247 2222 330 2255 fidelibus
335 2222 365 2256 vel
372 2221 478 2257 circumcidi
483 2222 513 2256 vel
521 2220 591 2256 hostias
598 2222 633 2255 deo
640 2222 754 2256 victimarum
762 2222 829 2257 offerre

99 2294 120 2323 40
128 2275 234 2313 carnalium.
256 2275 320 2318 Itaque
328 2275 421 2309 Iohannes
431 2277 532 2310 secundnm
542 2275 588 2319 legis
598 2275 748 2310 consuetudinem
756 2282 828 2320 quarta·

128 2330 198 2367 decima
213 2329 283 2364 mensis
297 2328 352 2373 primi
367 2329 390 2364 ad
405 2339 503 2374 uesperam
517 2327 615 2373 incipiebat
630 2329 771 2365 celebrationem
786 2330 828 2365 festi

147 2421 153 2439 ¹
164 2421 182 2451 E.
189 2419 304 2450 obseruationis
311 2427 376 2449 morem.
451 2417 457 2435 ²
467 2417 486 2449 E.
493 2418 585 2449 auctoritati.
661 2418 666 2436 ³
677 2418 700 2450 Ci.
709 2419 758 2457 Beda,
768 2419 797 2451 111.
805 2428 829 2458 25.

127 2463 162 2493 The
169 2461 251 2498 following
257 2462 271 2489 is
278 2470 309 2489 om.
317 2460 333 2488 in
341 2457 421 2488 Eadmer's
428 2458 447 2487 lis
457 2481 460 2487 .
524 2459 530 2475 ¹
541 2460 559 2490 T.
567 2460 585 2488 E.
593 2459 654 2489 Grecia.
720 2461 726 2478 ⁵
736 2462 755 2491 T.
763 2460 780 2491 E.
790 2461 828 2498 geri.

127 2498 514 2538 ⁶T.cumquibusdam,Equicumquibusdam.
574 2498 608 2530 ⁷E.
616 2499 699 2530 chorinthi.
760 2499 828 2534 8εοΤ.;

128 2543 145 2573 Ε.
153 2542 196 2572 Hinc
203 2545 232 2571 est.
272 2540 278 2557 ⁹
289 2540 307 2571 E.
314 2539 379 2569 Videns.
420 2540 431 2556 ¹⁰
441 2538 460 2568 T.
467 2539 515 2577 quod.
