1762 2803
73 116 235 159 asanaa-a]
298 107 362 162 atita
376 107 413 163 θ.
424 106 547 168 ustulati.
733 119 776 166 703

73 226 164 262 clamantis
172 228 190 262 in
197 239 218 263 eo
226 228 340 272 penitenciam
346 230 469 273 predicauerat,
475 230 515 274 quia
522 229 601 264 Christus
607 227 664 272 ipsum
671 238 703 262 sua
710 227 778 261 inhabi-

73 279 139 312 tatione
153 286 289 321 consecranerat,
304 286 356 322 atque
373 281 476 315 auditorium
492 279 562 324 spiritus
579 279 635 314 saneti
650 283 667 313 et
682 279 778 312 thalamum

74 330 224 372 contemplacionis
236 330 321 363 effecerat.
343 330 404 364 Sciens
416 332 473 373 itaque
485 331 512 364 uir
524 331 552 364 dei
564 329 649 374 quianon
660 328 737 361 habebat
749 327 779 361 nte

73 385 172 413 manentem
184 379 277 421 ciuitatem,
287 380 318 413 sed
329 379 404 414 suturam
415 380 477 425 inquiri
487 386 575 424 oporteat:
592 385 665 423 accepta
675 389 687 412 a
697 377 778 413 tratribus

74 429 146 464 licencia
157 436 174 465 et
188 430 312 473 benedictione,
324 430 407 465 sollicitus
418 431 474 476 querit
486 432 504 466 in
517 442 552 475 qua
564 430 618 476 possit
631 429 723 466 solitudihe
736 435 795 467 con-5

74 491 144 515 uersari.

100 567 131 600 Du
142 574 213 600 insuta
225 567 354 608 Cnoimunm,
365 574 390 599 an
400 573 562 601 conuersatione
573 573 630 601 naam
642 568 750 602 Gusnuact.

79 630 137 707 Est
149 630 167 665 in
178 629 268 665 Britannia
279 629 357 674 spatiose
368 630 491 673 magnitudinis
502 630 556 674 palus,
564 641 598 675 que
608 641 620 664 a
630 631 697 665 Gronte
707 628 778 664 flumine

139 680 228 723 incipiens,
236 680 309 715 diuersis
318 680 422 724 nemoribus,
431 682 502 724 stagnis,
511 681 572 715 insulis
579 686 596 715 et
607 681 685 722 carectis,
692 680 778 723 uariisque

75 731 169 765 fluuialium
181 731 248 764 uiarum
259 731 338 764 flexuosis
352 732 457 765 anfractibus
470 731 556 772 distincta,
568 731 591 764 ab
603 737 662 764 austro
672 730 779 773 protenditur

75 787 93 814 et
105 781 122 814 in
135 780 215 823 aquilone
230 780 275 814 circa
287 780 341 814 maris
356 781 431 814 confinia
443 787 498 815 tractu
511 781 614 823 longissimo
627 780 714 814 limitatur.
737 780 808 814 llluc10

75 830 146 864 ueniens
155 830 224 865 Christo
231 831 304 865 ducente
312 831 338 864 uir
346 830 373 865 dei
382 830 463 873 cognouit
473 831 495 864 ab
503 830 569 873 incolis,
577 830 651 864 insulam
660 840 698 864 esse
708 829 779 864 nomine

76 881 175 916 Croilandie
189 881 207 915 in
220 881 283 916 abditis
298 881 366 925 paludis
382 881 431 923 illius,
447 880 477 915 ubi
492 880 545 925 aliqui
562 880 666 925 quandoque
684 879 780 915 inhabitare

75 938 206 975 temptauerunt,
218 932 249 965 sed
259 942 289 965 eos
300 939 378 966 monstra
387 932 453 966 heremi
465 938 482 966 et
491 932 565 966 laruales
575 933 630 966 forme
640 932 733 966 demonum
745 937 780 966 ter-

76 983 118 1016 ritos
131 983 235 1024 effugabant.
258 983 328 1016 Scafula
338 976 378 1025 ergo
390 983 482 1024 piscatoria
492 983 510 1016 in
521 982 617 1025 predictam
628 982 702 1017 insulam
713 988 779 1023 uectus,

76 1037 140 1065 terram
150 1032 226 1065 horroris
236 1037 253 1065 et
264 1038 312 1065 uaste
324 1032 421 1066 solitudinis
433 1032 520 1074 ingressus
531 1039 563 1073 est,
574 1033 592 1066 in
604 1032 724 1074 solempnitate
733 1032 779 1065 beati
789 1038 807 1070 ¹5

76 1081 193 1117 Bartholomei
204 1082 288 1131 apostoli:
300 1082 322 1116 de
333 1082 380 1117 cuius
390 1082 455 1117 meritis
466 1081 563 1127 specialiter
572 1082 667 1124 confidens,
674 1082 720 1117 solus
731 1081 780 1117 babi-

76 1142 113 1169 tare
126 1134 171 1177 cepit
184 1133 202 1167 in
215 1134 301 1168 adiutorio
313 1133 391 1168 altissimi
406 1141 423 1168 et
438 1133 456 1168 in
471 1134 577 1177 protectione
591 1133 619 1168 dei
633 1133 670 1168 celi.
693 1133 780 1169 Omnibus

76 1185 127 1227 igitur
136 1184 236 1226 diligencius
247 1185 337 1228 exploratis
347 1195 381 1228 que
390 1185 478 1228 proposito
488 1196 520 1219 suo
529 1185 621 1218 conuenire
631 1184 705 1226 uidebat,
715 1185 780 1227 aliquot
798 1215 800 1217 ,

76 1235 137 1268 diebus
145 1234 208 1276 elapsis
216 1234 296 1276 proponit
304 1234 322 1267 in
331 1245 402 1267 excursu
412 1235 474 1268 reuerti
484 1235 583 1277 Ripadium,
591 1240 610 1267 ut
619 1235 673 1268 semel
683 1234 749 1268 uideret
758 1245 779 1268 ac

76 1284 158 1317 salutaret
168 1284 229 1317 fratres
239 1294 279 1316 suos
289 1294 332 1326 quos
342 1283 366 1317 ibi
376 1283 474 1324 dimiserat;
486 1295 516 1318 eos
526 1284 572 1326 enim
582 1294 671 1327 nunquam
681 1284 751 1318 ulterius
760 1295 780 1318 se
789 1291 808 1313 ²0

77 1334 136 1368 uidere
151 1333 221 1367 finniter
234 1333 252 1366 in
264 1334 316 1367 corde
329 1334 425 1376 prefixerat.
448 1334 549 1377 Nonaginta
564 1335 622 1378 itaque
637 1335 675 1368 dies
689 1334 707 1367 in
722 1334 748 1367 itu
762 1341 780 1368 et

77 1385 133 1420 reditu
141 1384 243 1428 transigens,
251 1384 294 1418 duos
302 1395 361 1418 secum
369 1384 439 1419 iuuenes
446 1385 522 1425 adduxit,
530 1385 599 1419 rediens
607 1395 646 1420 cum
654 1385 680 1420 eis
689 1387 712 1420 ad
721 1386 779 1421 locum

77 1436 107 1470 ubi
116 1436 151 1469 iam
161 1435 194 1469 sibi
204 1436 278 1479 patriam
287 1436 344 1470 facere
351 1435 450 1470 destinauit.
472 1437 515 1470 Erat
525 1436 543 1470 in
553 1436 610 1470 insula
617 1437 683 1480 prelata
691 1436 779 1471 cumulus¹

77 1492 187 1519 coaceruatus
199 1497 220 1519 ex
230 1486 326 1527 agrestibus
337 1486 398 1528 glebis,
408 1487 437 1530 qui
449 1486 498 1528 quasi
510 1486 584 1521 cisteme
594 1487 648 1521 ueteri
659 1487 779 1529 preminebat:

78 1536 105 1570 Ibi
117 1537 143 1569 uir
154 1535 182 1568 dei
195 1535 306 1578 tugurriolum
317 1547 348 1578 pro
359 1535 426 1579 palacio
437 1534 470 1569 sibi
481 1535 526 1570 iecit.
548 1537 585 1570 ‘Ab
596 1547 617 1569 ea
628 1536 656 1571 die
667 1542 684 1570 et
697 1537 779 1581 deinceps
789 1551 807 1582 ²⁵

78 1588 153 1623 directus
166 1593 192 1622 est
204 1586 273 1631 spiritus
285 1586 360 1620 domini’
374 1586 392 1629 in
404 1587 514 1621 Guthlacum.
536 1586 622 1622 Recolens
635 1586 688 1622 etiam
700 1588 780 1633 antiquos

77 1643 135 1681 patres
149 1637 229 1671 circuisse
243 1637 344 1672 solitudines
359 1638 377 1671 in
389 1638 462 1679 melotis,
476 1638 493 1672 in
506 1638 579 1681 pellibus
593 1638 677 1681 caprinis:
694 1640 729 1673 iam
744 1650 780 1674 non

77 1688 141 1722 uestitu
149 1688 193 1722 lineo
201 1688 228 1722 uel
236 1688 292 1729 laneo,
300 1688 332 1721 sed
339 1688 412 1731 pellibus
421 1687 478 1722 crudis
486 1694 503 1722 et
511 1687 582 1722 rudibus
592 1689 682 1730 utebatur;
693 1695 710 1724 et
719 1689 737 1723 in
746 1690 780 1725 hoc

78 1739 138 1781 primis
149 1739 248 1780 parentibus
261 1750 279 1771 se
293 1739 401 1771 conformans
412 1739 441 1781 qui
452 1739 474 1771 de
485 1740 523 1771 loco
534 1737 627 1780 uoluptatis
638 1738 687 1772 eiecti
699 1739 780 1782 pelliceas

77 1789 133 1822 adeo
144 1787 211 1821 tunicas
223 1788 324 1828 habuerunt,
335 1787 405 1829 longum
417 1794 435 1821 et
446 1787 556 1821 lamentabile
567 1792 626 1822 nostre
638 1789 780 1831 peregrinationis
788 1803 808 1833 ³0

78 1838 147 1874 exilium
158 1838 190 1873 sub
201 1838 231 1873 tali
242 1838 301 1873 habitu
313 1837 413 1883 deplorabat
418 1837 429 1872 ².
451 1837 512 1872 Sciens
523 1838 563 1881 quia
575 1838 619 1872 ‘non
630 1844 656 1873 est
668 1849 740 1883 regnum
751 1840 780 1875 dei

78 1901 119 1925 esca
129 1897 146 1925 et
158 1891 229 1933 potus':
246 1900 292 1932 pane
303 1895 371 1923 tantum
384 1890 463 1923 ordeiceo
476 1896 493 1924 et
506 1900 551 1932 aqua
563 1890 654 1931 luculenta,
665 1901 705 1925 cum
716 1902 780 1934 magna

78 1947 137 1975 tamen
150 1940 266 1975 moderatione
278 1939 382 1983 parsimonie
395 1940 502 1982 uescebatur,
513 1946 530 1974 et
543 1940 576 1974 hoc
588 1946 627 1984 post
640 1940 681 1975 solis
694 1952 780 1976 occasum.

79 1991 141 2025 Omnis
148 1996 206 2024 autem
216 1991 306 2024 austeritas
316 1990 351 2024 cibi
359 1996 376 2024 et
384 1997 440 2033 potus,
448 1990 516 2024 adiecto
527 1991 636 2024 condimento
646 1991 701 2025 diuini
711 1993 781 2032 amoris,

78 2041 135 2076 eidem
143 2041 160 2075 in
168 2040 238 2075 delicias
247 2041 349 2076 uertebatur.
372 2040 422 2075 ‘Non
430 2040 476 2075 enim
484 2040 502 2075 in
510 2040 547 2075 solo
555 2051 600 2084 pane
608 2040 650 2075 uiuit
659 2041 717 2084 homo,
724 2042 755 2076 sed
763 2042 780 2077 in
789 2056 808 2088 35

79 2090 125 2125 omni
140 2091 194 2125 uerbo
208 2091 255 2134 quod
269 2090 347 2134 procedit
360 2090 382 2125 de
395 2101 425 2125 ore
439 2090 478 2125 dei!
505 2091 589 2125 Studebat
602 2101 643 2134 ergo
656 2091 732 2135 ‘operari
744 2103 780 2128 non

79 2143 137 2176 cibum
144 2142 173 2186 qui
181 2142 229 2186 perit,
237 2142 269 2175 sed
276 2141 305 2186 qui
313 2148 402 2184 permanet
409 2142 427 2175 in
435 2141 489 2174 uitam
496 2142 584 2175 eternam!

187 2229 219 2262 Da
229 2235 377 2262 onsnnnrmtous
387 2235 411 2260 aa
422 2234 568 2261 consonatione
579 2235 672 2263 ntusnuu.

122 2292 156 2324 luit
170 2302 211 2333 ergo
224 2292 320 2324 Guthlaeus
335 2291 352 2324 in
365 2292 435 2324 heremo
449 2290 483 2324 iam
496 2290 545 2335 quasi
559 2293 643 2325 terrestris
656 2294 732 2333 angelus,
745 2293 781 2327 siue

142 2343 194 2375 homo
202 2342 275 2384 celestis,
283 2342 363 2376 nimirum
371 2341 419 2376 cuius
427 2341 544 2376 ‘conuersatio
552 2348 578 2376 est
587 2341 604 2375 in
612 2343 663 2377 celis!
681 2343 734 2376 Porro
742 2343 780 2386 ‘qui

80 2399 119 2435 stat,
128 2394 185 2428 uideat
195 2403 217 2428 ne
228 2394 290 2428 cadat!
313 2393 370 2427 ‘Eece
380 2393 427 2427 enim
437 2393 466 2437 qui
478 2394 512 2427 deo
522 2394 603 2435 seruiunt,
610 2404 645 2427 non
656 2400 695 2427 sunt
704 2394 781 2436 stabiles,
789 2405 810 2436 40

80 2451 97 2478 et
105 2445 123 2477 in
130 2443 196 2485 angelis
204 2444 239 2476 suis
246 2444 321 2486 repperit
328 2443 441 2486 prauitatem.'
465 2444 511 2487 Quid
519 2454 559 2485 ergo
568 2443 619 2476 saciet
628 2444 646 2476 in
656 2444 726 2477 heremo
734 2445 781 2479 solus

81 2494 173 2528 demonum
186 2493 294 2535 temptationi
307 2493 400 2536 expositus,
413 2493 494 2536 omnique
509 2494 583 2525 humane
599 2492 702 2527 uisitationis
716 2494 781 2528 solacio

201 2557 207 2576 ¹
217 2557 238 2588 al.
246 2557 318 2588 tumulus.
498 2556 505 2574 ¹
514 2556 548 2588 tis.
556 2556 661 2597 deplorabant.
