1762 2803
129 155 155 199 52
186 120 188 125 ⁵
286 200 288 206 ,
319 144 398 194 mum
413 140 529 203 termut
545 142 638 204 angue.

128 269 211 298 sanctum
217 273 284 306 corpus
289 261 383 297 insisteret
390 262 503 307 [precibus]¹,
509 262 539 298 fur
546 263 620 307 quidam
626 264 701 299 bursam
710 264 755 308 eius,
762 265 831 299 solidos

128 317 211 362 aliquos²
221 316 350 359 continentem,
358 322 435 361 repente
447 316 535 359 incidens,
548 316 623 352 cecitate
637 328 737 362 percussus
749 323 784 352 est.
807 318 831 352 Et

129 383 171 405 cum
182 372 216 406 huc
227 376 281 414 atquc
292 370 334 404 illuc
345 375 432 414 tanquam
444 370 507 405 ebrius
519 370 584 406 abire³
594 376 698 416 temptaret,
711 383 745 407 nec
756 372 830 413 valeret,

129 425 215 459 delictum
223 435 277 459 suum
285 424 346 467 palam
354 423 444 458 confitens
453 428 470 458 et
478 424 558 458 loculum
566 430 650 458 matrone
658 425 763 467 restituens,
769 426 831 459 lumen

112 491 120 520 5
129 478 223 512 oculorum
232 477 320 511 amissum
329 477 413 520 recepit⁴.

235 552 248 587 V
259 544 292 584 DE
304 561 375 583 SANCTO
388 543 459 583 ILTUTO
470 560 544 583 ΑΒΒΑΤΕ
555 560 578 583 ΕΤ
590 551 723 584 CONFESSORE5.

164 613 236 648 Anctus
248 612 297 647 enim
306 612 372 646 iltutus
383 612 432 645 filius
444 611 477 646 fuit
488 611 597 645 nobilissimi
607 611 669 645 militis
679 611 754 646 nomine
763 612 831 654 Bicani,

185 672 244 701 mater
253 666 292 699 eius
304 665 437 709 Ricinguilida5
445 665 482 699 iilia
494 665 554 709 regis⁷
566 665 661 700 Britannie
675 665 753 700 Minoris
766 666 831 701 extitit.

130 719 167 753 Hic
179 720 228 754 enim
240 730 251 753 a
262 719 369 763 parentibus
380 719 445 753 litteris
457 719 600 759 commendatus,
612 718 754 753 ad⁸iunenilem
763 724 831 753 etatem

129 771 211 814 veniens,
219 771 283 807 militie
291 772 372 805 animum
380 772 435 805 dedit.
457 771 517 805 Tante
525 771 574 805 enim
583 776 622 804 erat
628 771 721 813 memorie,
727 777 746 805 vt
754 772 831 806 audiens

104 834 122 855 10
130 825 212 869 magistri
224 825 335 859 sententiam
345 835 381 858 vna
392 825 437 867 vice,
451 825 561 859 cordetenus
572 824 715 868 omnitempore
727 824 815 860 retineret
820 825 831 860 l.

129 878 214 911 Audiens
226 883 287 910 autem
302 877 378 910 Arthuri
391 877 439 920 regis
450 877 555 910 consobrini
568 878 595 910 sui
609 878 768 919 magnificentiam,
780 878 831 912 ilium

129 928 202 963 visitare
214 928 305 963 decreuit:
318 934 336 962 et
344 929 366 962 ab
374 928 414 972 ipso
426 939 468 962 cum
477 929 547 962 honore
558 933 643 972 receptus
655 934 689 963 est.
712 929 796 963 Tandem
807 930 830 963 ad

130 992 193 1026 regern
202 982 354 1025 Morganensium
359 982 372 1000 ¹⁰
380 982 461 1022 veniens,
468 981 537 1015 curiam
545 981 584 1014 eius
590 982 624 1015 sub
635 980 675 1024 ipso
683 981 730 1015 rexit
738 982 831 1016 secundus

130 1046 191 1079 arege
199 1035 262 1069 factus.
286 1034 365 1078 Contigit
378 1034 407 1067 die
415 1035 500 1078 quadam,
512 1045 553 1068 cum
563 1035 638 1068 duceret
650 1033 738 1068 familiam
750 1035 830 1078 regalem

104 1098 121 1127 15
129 1090 213 1122 venando
221 1098 254 1132 per
262 1087 372 1121 territorium
380 1087 438 1121 sancti
443 1087 515 1128 Cadoci,
521 1087 551 1120 illa
556 1087 654 1131 quiescens
659 1087 708 1121 misit
715 1088 738 1121 ad
746 1088 831 1122 abbatem

130 1140 222 1174 Cadocum
235 1151 277 1173 cum
289 1139 352 1183 rigidis
360 1140 421 1173 verbis
429 1145 448 1173 vt
457 1140 491 1173 sibi
503 1140 600 1183 prandium
613 1140 711 1183 dirigeret3
724 1141 753 1174 sin
765 1146 832 1182 autem,

129 1192 146 1226 vi
152 1192 163 1211 ¹¹
171 1192 231 1226 cibum
239 1192 315 1226 tolleret.
338 1192 421 1235 Cumque
431 1197 506 1225 sanctus
518 1192 548 1226 dei
560 1193 608 1235 quod
622 1193 715 1226 sufficeret
725 1193 832 1233 remisisset,

128 1245 196 1279 familia
207 1245 325 1279 discumbens
335 1244 392 1279 voluit
403 1246 506 1288 prandere:
523 1245 557 1279 sed
572 1244 678 1289 appositam,
691 1244 748 1280 caruit
760 1256 831 1281 comes-

128 1298 201 1332 tione¹³.
224 1297 272 1332 Nam
290 1308 324 1342 pro
343 1297 404 1331 illicita
421 1296 508 1341 petitione
523 1303 541 1330 et
557 1297 645 1341 sacrilega
660 1297 762 1332 offensione
777 1299 832 1332 tellus

103 1363 121 1383 ιο
129 1351 211 1395 iniquam
219 1351 290 1384 turbam
299 1350 399 1395 deglutiuit.
411 1350 477 1385 iltutus
483 1361 527 1385 vero
536 1350 613 1384 militum
621 1350 714 1395 princeps,
721 1351 763 1395 quia
770 1351 832 1396 inique

129 1404 211 1447 petitioni
219 1404 323 1438 consentire
331 1403 393 1445 noluit,
401 1403 455 1437 vinus
466 1403 565 1437 euasit-et
575 1414 610 1438 nec
621 1403 640 1436 in
652 1404 692 1437 loco
702 1403 721 1437 in
729 1414 765 1447 quo
773 1404 832 1438 fuerat

129 1456 196 1489 familia
201 1462 274 1500 pastum
280 1456 400 1499 expectando,
406 1456 461 1497 affuit,
467 1456 500 1489 sed
506 1456 569 1498 procul
575 1455 645 1488 abierat
650 1456 754 1499 accipitrem
761 1462 831 1490 tenens.

131 1508 154 1542 Et
162 1508 227 1542 videns
234 1507 278 1551 quid
287 1508 324 1551 [de]
330 1507 343 1526 ¹⁴
353 1508 406 1541 sociis
415 1513 475 1541 actum
483 1513 527 1548 erat,
535 1507 604 1550 timuit3
617 1508 640 1541 ad
648 1513 731 1541 sanctum
740 1509 832 1542 Cadocum

130 1561 240 1602 accelerans,
249 1570 297 1603 genu
303 1560 316 1579 ¹⁶
324 1560 372 1594 llexo
381 1559 476 1594 consilium
485 1560 595 1594 emendandi
603 1560 626 1595 ab
634 1560 664 1594 illo
674 1561 775 1604 postulauit
783 1563 831 1604 quod

103 1625 121 1654 ²5
131 1614 211 1657 deliquit.
235 1613 268 1646 llle
275 1624 319 1646 vero
330 1613 426 1646 consilium
438 1613 488 1646 dedit
500 1612 531 1653 illi,
540 1612 641 1647 secularem
649 1613 730 1648 habitum
739 1615 832 1657 deserere,

131 1671 149 1701 ct
161 1666 180 1701 in
193 1672 231 1701 toto
244 1665 281 1700 vite
295 1677 328 1700 sue
340 1666 402 1711 spacio
417 1670 493 1711 propter
508 1671 590 1699 eternam
606 1665 744 1701 retributionem
760 1677 832 1701 summo

130 1719 208 1753 creatori
221 1719 297 1753 seruire.
325 1719 358 1752 ille
369 1730 414 1752 vero
426 1719 488 1752 verbis
503 1718 561 1752 sancti
576 1729 673 1753 assensum
688 1721 774 1763 prebens
790 1731 832 1754 cum

130 1772 193 1816 sopori
207 1772 289 1807 membra
303 1771 389 1813 dedisset,
399 1771 444 1805 vidit
455 1773 540 1815 angelum
554 1771 628 1815 domini,
639 1772 670 1817 qui
682 1773 730 1807 inter
743 1778 804 1807 cetera
815 1774 832 1807 ei

130 1825 175 1859 dixit
190 1824 246 1859 sic¹⁶:
264 1824 328 1858 ‘Miles
345 1825 388 1858 olim
403 1824 452 1858 fuisti
467 1835 477 1858 a
496 1825 570 1868 regibus
576 1824 588 1844 ¹⁷
605 1825 714 1860 honoratus:
735 1826 768 1859 sed
783 1837 832 1860 nunc

103 1888 122 1915 30
130 1878 169 1919 regi
182 1887 247 1920 regum
259 1877 340 1919 precipio
352 1882 372 1910 vt
382 1877 458 1918 seruias,
472 1876 587 1920 ampliusque
599 1877 703 1911 transitoria
715 1889 752 1911 non
762 1878 831 1922 diliges

130 1930 178 1964 Nam
186 1929 280 1964 insidiator
287 1930 339 1963 adest
344 1928 375 1973 qui
383 1935 402 1963 te
410 1934 485 1963 conatur
493 1927 575 1971 illudere,
583 1933 602 1963 te
610 1929 711 1973 dampnare
723 1929 831 1964 desiderans

129 1988 167 2017 toto
179 1993 234 2028 posse
240 1982 257 2016 ¹⁸.
284 1982 311 2016 Te
323 1982 378 2023 videt,
390 1988 409 2016 tu
422 1993 459 2016 non
471 1982 524 2016 vides
538 1993 580 2016 eum
595 1982 686 2027 corporali
702 1982 783 2025 lumine;
796 1983 831 2016 nisi

129 2046 195 2070 caueas
209 2042 227 2070 et
240 2041 258 2069 te
270 2041 361 2079 protegas,
373 2036 468 2069 destruere
482 2041 500 2068 te
513 2035 585 2079 poterit.
609 2035 645 2069 Hic
657 2036 711 2070 leone
724 2037 807 2070 seuerior
812 2036 831 2078 ¹⁹,

149 2106 196 2135 lorn.
226 2104 332 2141 ²al.aliqu0t.
362 2103 409 2134 ³Vit.
417 2105 456 2134 adds
464 2105 538 2134 nutando.
569 2104 655 2135 *Collectz

150 2150 184 2190 [O]
198 2160 244 2187 quam
255 2155 299 2187 grata
310 2152 335 2179 dei
346 2152 403 2187 pictas,
413 2151 439 2187 pia
450 2151 502 2187 gracia
514 2153 573 2186 quanto
584 2150 646 2179 Fenore
658 2151 730 2180 retribuit
742 2152 832 2180 meritorum

130 2191 190 2228 premia
202 2190 265 2223 sanctis,
276 2190 366 2226 Eternaque
375 2190 432 2218 breues
442 2190 514 2218 mercede
524 2194 614 2218 remunerat
624 2193 672 2218 actus.
694 2189 729 2219 Hec
740 2190 832 2220 indeficiens

130 2230 205 2267 lingonis
212 2229 261 2267 gloria
267 2230 327 2266 pandit.
348 2229 367 2259 V.
375 2229 426 2265 Elegit
437 2229 466 2258 sibi
477 2229 549 2258 dominus
559 2230 610 2259 uirum
621 2230 641 2258 de
651 2229 702 2267 plebe,
713 2230 733 2260 Et
745 2229 832 2260 claritatem

129 2270 196 2298 uisionis
203 2274 258 2298 eterne
265 2270 308 2297 dedit
315 2269 341 2297 illi.

152 2309 200 2345 Deus
211 2315 237 2353 qui
248 2315 309 2345 beatum
320 2314 405 2351 Hngonem
417 2316 523 2345 consessorem
534 2320 576 2345 tuum
588 2320 635 2352 atque
644 2316 735 2352 pontificem
746 2314 833 2344 eminencia

130 2356 221 2386 meritorum
229 2359 245 2385 et
252 2355 322 2384 claritate
331 2355 412 2392 signorum
422 2355 518 2385 excellenter
525 2355 589 2392 ornasti,
597 2357 666 2385 concede
674 2356 753 2393 propicius
760 2360 778 2385 ut
785 2352 831 2394 [eius]

130 2397 203 2434 exempla
210 2404 239 2425 nos
246 2400 333 2433 prouocent
340 2400 356 2424 et
363 2395 429 2424 uirtutes
437 2395 519 2431 illustrent,
527 2405 556 2433 per
564 2396 605 2433 (Sar.
614 2395 655 2432 Bel.

150 2436 156 2454 ⁵
165 2436 204 2466 Abr.
211 2436 250 2465 from
259 2436 286 2464 the
293 2434 329 2463 Vita
336 2435 353 2462 in
361 2435 394 2464 MS.
402 2435 449 2471 Vesp.
457 2435 476 2464 A.
484 2435 527 2464 XIV.
535 2437 559 2465 ed.
568 2436 615 2464 Rees.
645 2435 651 2452 ⁰
661 2445 679 2464 so
686 2436 715 2471 V.;
725 2436 743 2466 T.
753 2432 832 2471 Riemgui·

130 2475 167 2513 lida,
176 2476 193 2506 E.
201 2474 312 2512 Rieniguilida.
343 2473 622 2512 ⁷NamedAnmaudinnts.vesp.
652 2475 761 2504 lT.li.etad.
798 2471 831 2501 ⁰E.

130 2519 215 2545 reteneret.
235 2514 385 2544 ¹⁰sc.l³oulentunn
407 2513 470 2543 stain.
491 2513 502 2531 ¹²
513 2515 546 2544 MS.
554 2515 573 2544 V.
581 2515 628 2544 velle.
648 2515 660 2532 ¹³
670 2515 707 2544 T.E.
715 2512 832 2544 commestione.

131 2554 141 2610 ¹3
149 2565 178 2585 om.
184 2556 200 2584 in
206 2556 223 2585 E.
236 2554 247 2571 ¹⁵
254 2554 271 2585 E.
278 2557 294 2583 et
300 2564 347 2592 genu.
359 2554 371 2572 ¹⁶
377 2553 395 2583 Τ,
401 2553 424 2583 sic
429 2553 492 2584 eidixit.
508 2553 518 2572 Π
527 2554 544 2585 E.
551 2554 645 2592 regionibus.
661 2553 672 2571 ¹⁸
678 2554 697 2585 V.
703 2558 737 2584 toto
744 2553 830 2584 conamine.

130 2594 167 2625 ¹V.
174 2595 231 2624 sevior.
