1762 2803
309 115 389 168 rn‘cta
405 111 520 175 utamur
536 112 628 174 analio.

277 327 292 364 ii
303 317 348 360 1Dr
359 335 430 360 sancro
443 316 547 359 Hannrco²
558 334 662 358 nanturra.

123 424 179 504 EX
186 425 269 469 preclaro
278 424 372 459 Danorum
383 434 451 468 genere
462 422 555 457 Henricus
563 422 653 457 heremita
664 422 753 466 originem
765 423 821 457 duxit.

183 478 216 512 Est
224 478 273 512 enim
282 477 340 511 Coket
347 476 407 511 insula
414 478 494 520 quedam
501 476 520 510 in
531 476 614 510 orientali
623 476 754 510 Northumbrie
762 477 821 521 plaga,

119 542 154 576 per
161 530 254 565 sexdecim
263 530 321 565 stadia
330 529 378 564 infra
388 539 487 564 occeanum
498 528 562 574 posita,
571 540 582 562 a
592 528 647 563 fluuio
656 529 713 564 Coket
721 540 758 564 non
767 530 821 574 longe

120 587 229 619 decurrente
238 594 304 618 nomen
313 584 393 625 trahens
402 582 449 626 que³
457 593 524 626 magno
534 581 635 625 antiquitus
644 582 776 616 monachorum
784 583 821 616 col-

103 637 168 681 5legio
180 637 264 680 pollebat.
287 636 333 670 Cum
345 641 406 669 autern
417 637 440 669 ad
450 646 509 669 annos
518 635 641 668 adolescentie
653 635 765 679 perueniens
776 635 821 669 ami-

121 700 183 724 corum
201 690 265 723 ductus
283 688 359 722 consilio
373 698 450 722 uxorem
466 688 534 721 ducere
549 693 567 721 et
584 687 700 721 matrimonio
718 688 821 722 consentire

121 747 226 776 moueretur
232 742 244 782 ⁴,
255 741 361 785 nuptiarum
374 740 482 774 imminente
494 739 524 773 die
537 738 636 783 coniugalis
649 739 715 783 copula
725 751 736 773 a
748 739 822 774 domino

120 794 226 838 pervisum
239 794 256 827 ei
267 792 392 832 interdicitur,
411 798 481 825 eastum
494 792 667 836 immaculatumque
680 793 702 825 ab
714 793 749 826 hoc
761 793 822 826 seculo

121 859 141 882 se
149 846 246 888 custodire,
252 851 307 889 atque
315 847 338 879 ad
345 845 425 879 insulam
432 846 451 879 in
459 845 527 888 Anglia
538 845 613 879 nomine
621 845 684 886 Coket,
692 845 780 879 diuinitus
788 845 823 879 sibi

94 905 209 944 reparatam,
222 900 325 933 seruiturus
338 900 373 932 deo
386 897 455 932 cunctis
468 897 532 932 diebus
543 898 580 932 vite
592 908 631 940 sue,
642 897 733 942 proficisci
745 898 822 933 iubetur.

122 953 158 995 Qui
173 952 235 986 statim
247 951 315 985 relictis
328 951 417 991 omnibus,
431 951 537 994 parentibus
553 950 591 984 suis
606 956 624 984 et
637 950 705 992 amicis,
721 956 739 984 et
754 951 822 993 quein

122 1006 191 1040 mundo
206 1005 274 1039 habere
287 1004 389 1045 videbatur,
404 1003 453 1046 apud
468 1002 604 1046 Tynemutham
619 1002 682 1047 viginti
696 1002 797 1037 miliaribus
813 1014 823 1038 a

121 1057 192 1101 prefata
199 1057 298 1091 distantem
306 1056 366 1089 insula
375 1055 448 1098 nauigio
458 1054 558 1098 applicans,
566 1054 664 1098 impetrato
672 1055 738 1098 prioris
746 1066 823 1089 assensu

121 1109 200 1143 insulam
212 1108 267 1148 adiit;
282 1112 301 1141 et
312 1107 396 1141 edificata
406 1117 464 1150 parua
473 1106 550 1147 edicula,
560 1106 579 1140 in
591 1117 658 1151 magna
666 1107 703 1141 vite
714 1107 824 1141 abstinentia

95 1175 112 1202 15
121 1162 156 1195 deo
164 1160 235 1195 seruire
243 1160 296 1204 cepit.
316 1160 414 1203 Aliquibus
422 1159 476 1193 annis
484 1170 518 1203 per
523 1158 606 1203 singulos
614 1159 654 1194 dies
661 1170 729 1204 panem
737 1160 823 1204 exiguum

122 1220 140 1250 et
148 1224 214 1258 aquam
222 1218 304 1258 gustans,
314 1218 343 1248 ter
350 1214 425 1247 demum
433 1213 452 1246 in
460 1212 563 1256 septimana
569 1212 630 1247 cibum
638 1212 727 1257 sumpsit;
739 1212 824 1248 et.tribus

122 1279 143 1302 os
155 1268 179 1302 ad
190 1266 302 1311 loquendum
314 1265 409 1300 reserauit.
438 1265 474 1299 Per
485 1271 563 1309 quatuor
574 1264 623 1300 enim
634 1271 677 1301 ante
689 1267 758 1300 obitum
770 1277 823 1300 suum

122 1331 186 1361 annos,
195 1320 271 1354 ordeum
280 1318 344 1353 molari
351 1317 412 1363 lapide
420 1317 439 1352 in
450 1317 527 1352 farinam
535 1319 633 1361 redactum,
642 1329 689 1363 aqua
698 1330 824 1363 conspersum,

122 1375 142 1408 in
152 1383 223 1409 massas
235 1373 323 1406 rotundas
333 1372 423 1413 formauit,
434 1371 473 1405 sole
483 1370 586 1412 desiccauit,
594 1376 612 1404 et
623 1371 703 1405 esuriem
714 1382 767 1406 suam
778 1378 825 1405 tem·

96 1436 188 1469 seperare
201 1424 301 1459 consueuit.
346 1416 396 1458 Cum
410 1424 460 1457 enim
473 1423 625 1466 peregrinationis
639 1424 697 1466 gratia
712 1425 824 1458 Dunelmum

123 1477 249 1522 proficiscens,
256 1476 340 1517 cimbam,
348 1487 385 1518 qua
391 1475 449 1509 Were
458 1475 527 1509 ssumen
534 1475 613 1509 transire
621 1481 689 1520 posset,
697 1483 779 1521 paratam
787 1487 824 1511 non

123 1530 225 1572 inueniret,
238 1530 278 1562 susa
288 1530 311 1562 ad
319 1530 374 1561 deum
382 1539 442 1572 prece,
450 1528 539 1570 nauicula,
547 1530 627 1563 resoluto
635 1539 671 1573 quo
682 1528 772 1573 ligabatur
779 1529 825 1564 suni-

124 1584 170 1626 culo,
181 1583 204 1616 ab
215 1582 272 1616 altera
282 1581 323 1626 ripe
334 1587 386 1625 parte
397 1582 420 1616 ad
432 1581 482 1615 littus
493 1581 512 1615 in
523 1593 559 1625 quo
569 1582 650 1624 sedebat,
660 1582 758 1627 applicuit3
770 1593 825 1628 quarn

125 1646 166 1669 cum
179 1635 228 1669 socio
241 1635 321 1678 quodam
333 1634 409 1676 intrans,
420 1634 461 1668 sine
473 1634 542 1678 remige
556 1634 652 1669 confestim
665 1636 781 1670 transductus
791 1641 825 1671 est.

98 1698 116 1727 25
126 1681 229 1731 instigante
241 1687 297 1721 totius
311 1687 355 1721 mali
370 1687 469 1728 incentore,
485 1687 566 1722 maxima
581 1693 644 1722 contra
659 1699 701 1722 eum
717 1699 750 1723 sue
766 1690 825 1723 carnis

125 1740 219 1785 temptatio
227 1741 273 1775 adeo
280 1741 409 1781 inualescebat,
417 1746 436 1773 vt
444 1741 490 1774 mori
498 1741 561 1774 mallet
568 1752 623 1783 quam
631 1741 657 1775 sic
665 1741 755 1776 laboriose
763 1748 826 1775 contra

125 1793 209 1828 stimulos
220 1792 280 1826 carnis
291 1793 380 1826 reluctari.
404 1792 506 1827 Monachus
516 1793 593 1837 insuper
604 1792 664 1827 insule
676 1804 738 1827 curam
750 1793 826 1837 habens,

124 1848 181 1881 verba
188 1857 259 1889 aspera,
267 1845 392 1886 contumelias,
400 1851 418 1879 et
429 1846 527 1889 obprobria
535 1847 616 1889 quotidie
624 1846 659 1879 sibi
666 1846 735 1879 inferre
742 1857 779 1879 non
787 1857 827 1880 ees-

125 1900 182 1935 sabat.
205 1898 317 1933 immensam
331 1904 393 1933 tamen
406 1898 446 1933 eius
459 1899 586 1940 humilitatem,
600 1899 720 1939 sanctitatem,
735 1910 757 1933 ae
772 1901 826 1933 deuo-

98 1968 117 1998 30
125 1952 194 1986 tionem
207 1951 311 1985 continuam
325 1952 400 1985 tandem
413 1951 511 1993 admirans,
524 1952 603 1996 pedibus
617 1951 656 1986 eius
669 1957 771 1996 prostratus
785 1963 827 1996 pre-

126 2005 177 2039 cibus
187 2015 208 2038 ac
219 2004 317 2048 lachrymis
329 2004 402 2040 veniam
413 2005 521 2050 suppliciter
532 2004 641 2049 implorauit.
664 2004 699 2047 Qui
710 2015 751 2040 curn
761 2016 827 2049 magna

127 2057 186 2092 cordis
201 2057 260 2091 leticia
274 2068 316 2091 eum
331 2068 342 2091 a
357 2063 406 2092 terra
421 2058 502 2100 eleuans,
518 2058 602 2101 quicquid
617 2058 637 2092 in
652 2069 694 2093 eum
710 2058 827 2092 commiserat

127 2110 209 2143 alacriter
215 2109 300 2143 indulsit:
309 2115 327 2143 et
333 2109 486 2153 quasivnanirnes
491 2110 556 2149 effecti,
562 2110 652 2154 spirituali
657 2110 754 2144 dilectione
759 2115 827 2144 extunc

127 2161 217 2196 coniuncti
225 2167 272 2196 sunt.
295 2161 346 2197 Inter
354 2162 388 2197 hec
396 2162 446 2197 enirn
453 2162 508 2206 legati
518 2173 529 2197 a
538 2162 645 2206 parentibus
656 2167 674 2196 et
682 2162 746 2197 amicis
754 2164 776 2197 ad
785 2175 827 2197 eum

99 2224 117 2255 35
127 2213 179 2248 missi
192 2219 302 2262 rogauerunt
317 2225 359 2249 eum
376 2215 461 2259 quatinus
477 2220 546 2250 terram
563 2215 663 2250 natiuitatis
681 2226 719 2259 sue,
734 2221 827 2260 parentes,

127 2268 200 2307 amicos,
209 2273 227 2301 et
239 2267 316 2311 patriam
326 2267 373 2302 illico
381 2267 455 2303 visitare
466 2268 577 2312 dignaretur.
601 2268 671 2311 Quibus
681 2268 712 2302 ille
723 2269 827 2304 nullatenus

127 2319 250 2364 acquiescens,
258 2332 292 2363 pro
299 2321 335 2355 vita
345 2326 409 2355 eterna
419 2328 437 2356 et
448 2322 521 2356 Christo
529 2322 607 2366 patriam
615 2322 735 2365 temporalem
744 2322 777 2365 [et]
786 2334 828 2367 cog·

127 2379 180 2407 natos
188 2383 229 2405 cum
241 2373 309 2406 mundo
318 2373 391 2416 penitus
402 2385 422 2408 se
432 2374 530 2418 reliquisse
540 2374 639 2409 asserebat.
668 2373 696 2407 llli
706 2378 767 2409 autem
779 2374 828 2411 dice-

147 2477 152 2494 ¹
163 2476 192 2506 Ed.
200 2476 216 2505 in
223 2476 258 2506 Act.
266 2477 295 2508 SS.
303 2477 343 2507 Boll-
351 2478 384 2507 lan.
394 2479 414 2507 ll.
424 2488 439 2515 p.
449 2488 483 2515 424.
504 2478 540 2507 The
550 2479 596 2508 Saint
606 2478 620 2507 is
630 2478 685 2507 buried
696 2479 712 2507 in
722 2478 828 2515 Tynemouth,

127 2516 260 2586 gghepphthswin.
320 2517 354 2546 9Τ.
363 2518 441 2547 Deseruo
451 2518 476 2547 dei
486 2518 507 2548 H.
515 2518 554 2549 eth.
615 2518 686 2548 ³om.in
694 2517 712 2549 T.
767 2517 828 2550 ίΤ.Ε.
