1762 2803
101 109 103 115 ’
127 126 169 181 136
202 189 205 199 ‚,
314 124 394 177 unua
409 122 526 185 tarenta
541 119 636 186 anulis.

125 246 177 280 iussu
184 245 278 288 prouincia
285 250 316 279 tua
323 245 398 280 discedo
405 247 469 289 pedes,
477 247 511 279 hoc
521 245 580 280 inutili
590 251 688 289 occupatus
698 245 816 289 quadrupede
823 256 827 279 :

127 297 181 342 [vel]¹
189 303 209 332 vt
216 297 292 332 iussioni
302 303 333 331 tue
341 307 407 340 parere
418 308 489 341 queam,
499 298 522 331 da
532 298 577 331 mihi
586 307 654 340 equum
665 298 771 331 meliorem.¹
794 297 828 331 Cui

126 352 165 385 dux
176 350 287 385 subridendo
298 349 333 384 ait:
351 350 407 392 ‘Quis
418 350 441 384 ab
452 349 523 384 offenso
534 350 598 392 iudice,
612 349 678 384 iniecto
691 348 735 384 illati
748 348 829 384 criminis

127 404 209 447 negocio,
216 414 292 438 munera
300 404 403 447 exposciti’
422 404 506 437 Tandem
512 414 554 438 cum
560 404 641 438 breuiter
646 404 770 438 innocentiam
776 413 829 438 suam

111 457 249 501 5exposuisset,
260 456 279 489 in
292 456 369 499 gratiam
382 457 433 490 ducis
447 461 532 499 receptus
545 461 579 499 est,
590 461 608 490 et
620 457 643 489 ad
656 456 719 490 oscula
732 456 830 489 admissus.

129 510 175 544 Cum
186 509 242 543 multo
251 508 311 543 enim2
318 514 416 551 augmento
422 509 535 543 restituenda
540 508 671 553 promittuntur
678 519 714 552 que
723 509 761 543 dux
770 518 830 552 nuper

128 561 196 596 vastari
210 561 294 595 iusserat,
339 553 404 595 Huius
419 566 480 595 autem
495 561 602 596 offensionis
618 572 692 596 causam
707 561 764 595 luisse
780 561 830 595 aiunt

129 613 208 659 quidam,
214 615 262 658 quod
269 613 388 648 Lamfrancus
393 614 528 648 contradicebat
533 614 616 658 nuptias³
624 614 661 648 filie
668 614 738 649 comitis
745 613 831 647 Flandrie

129 677 183 711 quam
198 666 239 711 ipse
254 667 292 700 dux
305 666 339 700 sibi
354 667 470 710 copulauerat
485 666 605 710 matrimonio,
619 667 661 710 quia
673 666 757 710 proxima
770 666 831 700 carnis

103 732 121 753 ιο
129 719 286 762 consanguinitate
301 719 434 762 iungebantur:
450 720 499 753 vnde
510 724 547 753 tota
559 719 645 753 Neustria
657 718 716 753 suerat
730 719 831 753 interdicta.

130 773 247 816 Quapropter
254 772 372 806 Lamsrancus
380 773 446 806 iterum
453 783 520 817 papam
528 773 582 807 adiit:
594 772 630 806 iam
637 774 685 806 enim
693 778 746 806 antea
752 772 831 806 Romam

130 825 207 869 petierat
216 836 270 858 causa
278 825 372 859 cuiusdam
378 825 439 859 clerici
447 826 521 859 nomine
527 825 638 868 Berengarii,
645 824 676 868 qui
682 826 705 860 de
713 824 832 859 sacramentis

130 877 193 911 altaris
200 877 252 911 aliter
260 888 315 921 quam
323 877 400 912 ecelesia
407 883 457 912 tenet
469 878 694 921 dogmatizabat—dicebat
703 877 753 911 enim
764 887 832 920 panem

131 930 217 964 etvinum
223 936 265 974 post
271 931 428 965 consecrationem
434 937 568 965 sacramentum
574 936 649 974 tantum,
655 941 692 964 non
700 936 761 965 autem
767 939 832 964 verum

105 996 110 1016 ι
114 996 122 1025 5
131 993 198 1026 eorpus
207 983 275 1017 Christi
287 989 305 1017 et
316 984 429 1026 sanguinem.
453 983 496 1027 Ipse
507 984 556 1017 enim
569 984 677 1017 Lamfranco
684 983 736 1026 quasi
748 981 832 1016 familiari

132 1047 165 1070 suo
177 1035 246 1069 litteras
257 1036 331 1069 miserat
343 1046 405 1069 errore
415 1036 456 1079 ipso
466 1043 570 1079 respersas:
590 1036 625 1077 Qui
638 1035 687 1069 enim
695 1035 735 1069 illas
743 1036 832 1078 legerunt,

133 1087 262 1122 Lamiraneum
275 1088 317 1122 talia
328 1088 397 1122 sentire
409 1087 477 1132 opinati
491 1092 539 1131 sunt,
551 1093 569 1123 et
584 1088 654 1122 socium
668 1087 735 1122 erroris
751 1087 833 1121 diffama-

132 1145 203 1175 uerunt.
226 1140 264 1175 Sed
273 1140 392 1175 Lamfrancus
401 1140 480 1174 Romam
487 1140 565 1175 veniens
576 1140 629 1185 praui
637 1140 716 1175 rumoris
725 1150 764 1174 ase
772 1149 833 1173 maeu-

133 1195 169 1228 lam
183 1194 273 1236 abstersit,
286 1194 342 1227 fidem
355 1204 408 1228 suam
420 1194 510 1237 exposuit,
522 1199 541 1227 et
554 1193 613 1237 magis
625 1193 766 1235 auctoritatibus,
779 1202 833 1236 quam

106 1261 125 1281 ro
133 1247 246 1289 argumentis
263 1246 351 1289 probauit.
375 1247 410 1280 Hic
422 1246 504 1290 [etiam]¹
515 1246 639 1290 Berengarius
652 1252 715 1280 contra
728 1246 834 1279 catholicam

133 1298 189 1332 fidem
200 1305 219 1332 et
230 1308 301 1332 sacram
313 1299 404 1341 synodum
415 1303 480 1341 postea
491 1298 580 1342 scriptum
594 1298 660 1332 edidit:
673 1297 701 1331 cui
714 1298 835 1331 Lamsrancus

133 1352 254 1394 respondens,
263 1351 297 1385 sub
305 1350 379 1385 nomine
384 1350 461 1395 epistole
466 1350 547 1384 libellum
552 1351 656 1395 elegantem
664 1351 765 1395 composuit
773 1350 834 1383 catho-

133 1405 167 1439 lica
178 1405 254 1438 veritate
265 1404 369 1445 subnixum,
377 1410 395 1438 et
407 1410 511 1438 sanctorum
522 1410 596 1447 patrum
607 1404 688 1447 vndique
699 1403 835 1437 auetoritatibus
871 1431 872 1434 ,

133 1456 276 1492 corroboratum.
298 1456 383 1492 Ostendit
393 1457 448 1492 etiarn
459 1468 507 1501 pape
518 1458 560 1500 quia
570 1456 661 1491 sententia
673 1460 736 1507 contra
745 1456 810 1489 ducem
818 1460 836 1489 et

107 1525 125 1554 ²5
134 1510 174 1544 eius
182 1521 259 1544 uxorem
266 1510 307 1552 lata,
315 1510 356 1543 illos
364 1516 435 1544 tantum
443 1511 530 1554 grauabat
538 1510 569 1554 qui
577 1521 609 1543 eos
617 1521 651 1543 nec
659 1509 791 1543 coniunxerant
801 1519 835 1542 nec

134 1563 233 1606 separare⁵
243 1567 336 1607 poterant:
350 1574 393 1597 nam
403 1564 440 1597 dux
450 1563 530 1607 puellam
540 1573 595 1607 quam
608 1567 708 1606 acceperat,
719 1562 769 1596 nullo
782 1566 836 1605 pacto

136 1616 227 1650 dimittere
242 1617 319 1650 volebat.
342 1616 383 1651 Hec
398 1618 475 1650 audiens
490 1627 543 1660 papa,
559 1616 696 1660 dispensatione
712 1616 778 1658 habita,
794 1626 836 1649 con-

135 1669 204 1711 iugium
219 1668 315 1709 concessit,
327 1679 349 1702 ea
362 1675 424 1703 tamen
437 1669 540 1703 conditione
551 1675 570 1704 vt
581 1671 617 1703 duo
631 1669 742 1703 monasteria
755 1673 836 1702 constru-

136 1725 180 1760 eret,
188 1720 207 1753 in
218 1722 284 1764 quibus
296 1720 379 1763 religiose
387 1723 471 1755 viuentes
483 1722 513 1755 die
524 1727 614 1765 nocteque
625 1722 660 1754 deo
672 1721 763 1754 seruirent
773 1726 791 1754 et
803 1730 837 1764 pro

109 1790 128 1818 30
137 1773 195 1808 salute
203 1775 242 1808 eius
250 1773 380 1817 supplicarent.
403 1774 470 1817 Sicque
477 1775 514 1808 dux
520 1774 651 1809 monasterium
657 1774 767 1808 cadomense
774 1783 837 1807 mona-

136 1827 219 1868 chorum,
227 1831 245 1860 et
252 1837 298 1860 vxor
306 1826 346 1860 eius
354 1827 489 1869 monacharum,
494 1832 641 1861 construxerunt.
664 1826 692 1860 De
697 1827 759 1871 priore
765 1836 837 1870 quoque

136 1880 227 1922 beccensi,
236 1880 354 1915 Lamfrancus
362 1881 418 1915 abbas
426 1881 542 1915 cadomensis
550 1881 607 1915 iactus
615 1885 653 1922 est;
665 1884 684 1913 et
692 1885 780 1925 regnante
788 1885 838 1923 post-

137 1934 211 1967 modum
219 1933 238 1966 in
246 1933 314 1976 Anglia
322 1934 368 1967 duce
374 1934 473 1974 Willelmo,
479 1935 502 1966 ad
510 1933 685 1977 archiepiscopatum
693 1933 838 1966 cantuariensem

136 1991 231 2030 promotus
239 1990 272 2020 est.
293 1978 356 2030 Quam
364 1985 420 2020 inuite
428 1985 477 2020 enim
483 1986 506 2019 ad
513 1985 690 2029 archiepiscopatum
695 1985 782 2027 ascendit,
789 1989 839 2028 patet

110 2053 127 2083 35
136 2039 155 2073 in
163 2040 241 2081 quadam
252 2038 330 2082 epistola
339 2049 394 2082 quam
404 2040 427 2073 ad
435 2039 561 2072 Alexandrum
571 2049 638 2083 papam
649 2037 703 2081 misit,
714 2038 733 2071 in
745 2049 785 2081 qua,
797 2042 839 2080 post

137 2092 269 2134 salutationem,
274 2092 300 2126 sic
309 2091 343 2126 ait:
356 2092 412 2126 ‘Cum
418 2093 441 2126 de
449 2092 534 2125 beccensi
541 2090 686 2135 congregatione,
691 2090 710 2125 in
716 2103 752 2135 qua
758 2091 839 2125 habitum

138 2144 232 2185 religionis
248 2144 346 2187 assumpsi,
356 2155 367 2178 a
379 2145 462 2188 principe
474 2144 623 2178 Normarmorum
633 2143 726 2178 Willelmo
738 2144 839 2178 abstractus

131 2197 244 2232 'cadomensi
251 2206 346 2240 preessem
352 2196 433 2239 cenobio,
439 2201 457 2231 et
465 2201 529 2240 postea
535 2196 594 2231 dictus
601 2195 692 2240 princeps,
698 2207 732 2230 rex
736 2195 839 2240 Anglorum

139 2250 203 2291 factus,
211 2249 273 2283 multis
279 2248 372 2292 variisque
383 2249 442 2283 modis
454 2249 611 2293 archiepiscopum
622 2260 651 2283 me
661 2249 751 2284 laboraret
762 2250 840 2290 efficere,

110 2315 131 2346 40
139 2303 215 2336 cassatis
229 2307 290 2335 tamen
302 2301 395 2335 laboribus
410 2302 448 2335 suis
461 2312 472 2334 a
483 2312 513 2334 me
527 2302 577 2335 nullo
588 2303 643 2335 modo
656 2302 715 2346 potuit
729 2302 839 2346 impetrare:

139 2357 258 2400 quoadusque
269 2353 325 2398 legati
335 2354 362 2388 tui
373 2355 391 2388 in
404 2354 535 2390 Normanniam
545 2360 640 2396 venerunt,
649 2354 751 2399 episcopos,
760 2355 840 2394 abbates,

139 2407 259 2452 eiusdemque
270 2406 328 2450 patrie
339 2407 410 2442 nobiles
422 2406 448 2450 (in
459 2407 535 2450 vnum)⁸
547 2408 645 2442 conuenire
657 2407 744 2450 iecerunt,
757 2413 811 2451 atque
822 2406 840 2439 in

139 2471 203 2498 eorum
215 2459 313 2507 presentia,
321 2464 340 2495 vt
352 2460 498 2497 cantuariensem
507 2461 602 2497 ecclesiam
612 2461 713 2506 regendam
722 2460 841 2505 susciperem,

160 2535 254 2566 warna
295 2533 387 2566 2aletinm.
428 2534 472 2566 ³Vit.
480 2535 544 2573 nuptiis.
576 2535 680 2567 ⁴T.E.enim.
720 2535 840 2573 ⁵E.seperare.

140 2574 314 2605 ⁵invnumom.inT.
