1762 2803
133 124 177 180 468
206 165 208 170 ¹
326 122 405 175 tutta
421 120 537 183 tuamne
552 119 645 183 anulio.

134 257 188 282 suum
196 245 259 290 tetigit,
268 250 286 280 et
294 245 355 280 statim
363 244 382 279 in
389 255 434 280 vase
442 245 465 279 de
473 245 558 280 manibus
569 244 608 279 eius
618 244 687 279 cecidit.
711 244 740 279 Ob
751 242 837 287 superbie

134 306 196 335 tamen
211 299 278 334 fastum
294 310 369 334 aureum
385 297 420 334 sibi
436 310 501 334 nasum
517 299 612 340 fabricare,
626 298 764 341 cathenulisque
777 297 838 331 aureis

134 359 196 398 aptare
212 357 291 386 conatur.
317 352 377 394 Quem
390 351 457 386 iterum
469 352 518 386 idem
531 358 605 386 sanctus
618 351 724 395 pervisum
739 349 838 391 admonuit,

135 407 208 441 dicens:
222 406 297 439 ‘Nonne
306 405 339 439 tibi
349 405 450 439 naturalem
458 405 524 438 abstuli
533 416 604 446 nasum,
615 409 634 439 vt
644 410 662 438 te
675 403 759 438 omnibus
771 403 837 437 salsum

117 458 259 493 5testim0nium
275 457 344 491 dixisse
358 463 485 499 monstrarem,
499 463 516 490 et
530 468 578 491 nunc
592 458 615 490 ob
630 456 735 499 superbiam
748 466 804 489 ausus
817 466 838 488 es

134 522 210 545 aureum
222 513 328 554 apponere?
347 509 399 543 Vade
412 516 430 543 et
443 510 547 553 quantotius
560 510 610 543 illum
624 510 697 553 proiice,
711 514 728 543 et
741 514 759 543 te
772 509 837 542 salsum

134 562 259 598 testimonium
267 562 376 607 protulisse¹
385 563 454 597 cunctis
462 563 577 597 innotescere
585 564 649 597 stude!
667 562 690 596 Et
698 562 765 597 factum
773 567 801 596 est
809 561 838 596 ita.

248 638 262 674 lll
272 631 305 672 DE
313 649 384 671 SANCTO
393 630 459 672 Gttun
467 648 540 671 ABBATE
548 649 570 671 ET
578 638 711 671 CONFESSORE².

138 695 206 774 REx
214 695 288 738 quidam
295 695 379 738 Albanie,
386 696 461 730 nomine
468 696 506 730 Can
512 695 523 738 ³,
529 695 593 739 viginti
602 700 680 740 quatuor
687 695 734 729 filios
743 706 767 729 ex
775 694 839 738 regina

199 759 233 782 sua
244 749 312 792 genuit,
324 759 402 792 quorum
414 760 467 791 unus,
479 749 554 782 nomine
567 748 635 791 Gildas,
647 749 695 782 bone
707 748 774 781 indolis
786 758 838 791 puer,

109 813 127 833 ro
135 802 236 835 litterarum
244 802 304 835 studio
312 802 389 835 traditus
398 802 442 836 etin
453 802 558 835 liberalibus
569 801 639 835 artibus
650 802 744 844 eleganter
751 801 838 841 imbutus

135 853 211 889 transito
225 853 271 888 mari
282 854 301 888 in
315 853 373 888 Gallia
387 865 421 897 per
436 853 554 897 septennium
570 853 680 888 eruditionis
695 853 753 897 gratia
767 863 838 886 moram

136 907 197 949 traxit,
206 912 224 939 et
232 917 274 940 curn
282 917 349 950 magna
357 907 472 940 diuersorum
480 906 594 940 voluminum
602 907 650 941 mole
660 906 772 940 Britanniam
780 905 838 939 rediit.

137 960 193 994 Cuius
201 960 262 993 audita
271 960 324 1001 fama,
332 960 412 993 scolares
421 959 494 1003 plurimi
502 962 521 993 in
530 960 611 993 scientiis
623 959 701 993 diuersis
712 959 808 993 erudiendi
815 959 838 991 ad

136 1013 198 1057 ipsum
211 1012 291 1056 undique
304 1012 432 1055 conssuebant3
449 1024 483 1047 nec
494 1018 566 1057 poterat
581 1012 660 1047 inueniri
675 1012 694 1046 in
709 1019 759 1047 terra
774 1012 804 1045 illa
819 1011 838 1045 in

110 1080 127 1110 15
136 1066 232 1100 virtutibus
249 1065 284 1098 sibi
300 1065 370 1099 similis.
397 1065 463 1099 Velut⁴
478 1065 567 1099 heremita
582 1066 678 1107 ieiunabat‚
693 1066 712 1099 in
728 1066 839 1099 orationibus

137 1119 222 1153 assiduus
229 1124 267 1152 erat
276 1118 333 1152 cilicio
339 1119 441 1161 asperrimo
449 1120 472 1152 ad
479 1130 553 1153 carnem
561 1124 619 1153 vtens.
636 1119 726 1162 Quicquid
734 1130 745 1152 a
753 1117 839 1152 diuitibus

136 1171 170 1205 sibi
185 1172 248 1205 datum
264 1171 301 1213 suit,
318 1171 382 1214 egenis
397 1177 415 1204 et
430 1171 543 1215 pauperibus
558 1171 619 1205 statim
635 1173 737 1214 errogabat.
768 1171 839 1205 Carnes

137 1223 212 1258 onmino
227 1235 263 1258 non
277 1224 360 1267 gustauit,
372 1225 438 1258 herbas
452 1235 493 1257 cum
505 1235 553 1268 pane
566 1225 665 1258 ordeaceot
677 1224 739 1258 cinere
751 1224 808 1258 mixto
820 1224 838 1257 in

136 1278 196 1312 cibum
212 1278 295 1320 sumpsit,
311 1282 329 1310 et
341 1287 407 1320 aquam
421 1278 510 1311 modicam
523 1278 546 1311 de
559 1277 608 1311 fonte
620 1276 669 1311 bibit.
692 1277 750 1311 Tanta
762 1277 781 1310 in
793 1276 839 1310 facie

110 1331 176 1365 zoelus
187 1330 256 1363 macies
267 1335 344 1373 propter
355 1329 416 1373 iugem
428 1330 557 1363 abstinentiam
571 1331 676 1373 apparebat,
688 1335 707 1363 vt
720 1329 771 1372 quasi
785 1330 839 1363 febri-

136 1383 194 1416 citans
202 1381 331 1425 aspicientibus
339 1388 443 1426 appareret.
459 1382 532 1425 Aquam
539 1382 631 1416 ssuuialem
639 1388 692 1416 nocte
701 1383 761 1416 media
769 1381 839 1416 intrans

136 1437 171 1469 deo
179 1435 242 1468 laudes
250 1435 373 1477 persoluebat,
382 1440 400 1468 et
408 1436 507 1468 oratorium
514 1441 556 1478 post
565 1436 599 1467 hec
607 1441 693 1478 repetens
700 1436 753 1468 flexis
762 1435 839 1477 genibus

136 1498 193 1531 usque
204 1488 227 1520 ad
238 1486 287 1521 diem
300 1486 411 1521 orationibus
421 1488 501 1522 vacabat.
524 1487 607 1522 Vestitus
618 1487 733 1522 solummodo
743 1493 795 1522 veste
804 1498 841 1522 vna

137 1550 193 1584 supra
203 1545 274 1582 petram
285 1540 353 1581 iacens,
362 1550 460 1583 sompnum
473 1540 565 1574 modicum
577 1540 660 1585 sumpsit.
683 1540 762 1574 Celestia
770 1539 840 1584 premia

110 1608 128 1637 ²5
137 1593 156 1627 in
170 1592 261 1627 desiderio
277 1598 329 1627 erant
342 1592 369 1636 ei;
386 1592 498 1637 precipiebat
514 1594 608 1638 discipulis
624 1605 718 1637 spernere,
730 1594 840 1628 admonebat

137 1646 238 1690 despicere,
246 1657 281 1688 que
289 1652 386 1679 transeunt
394 1646 413 1678 in
421 1647 456 1679 hoc
464 1648 539 1680 mundo⁴
585 1639 636 1681 Cum
647 1652 707 1681 autem
716 1648 735 1680 in
744 1647 839 1691 Epidane⁰

138 1700 212 1743 regione
224 1699 319 1742 predicare
331 1699 425 1743 inciperet,
438 1710 474 1733 vox
486 1699 525 1733 eius
538 1699 626 1734 diuinitus
638 1699 726 1744 impedita
739 1705 757 1734 et
769 1706 840 1734 retenta

137 1753 173 1786 suit.
203 1751 313 1785 Admirante
328 1763 372 1794 ergo
387 1752 447 1795 plebe,
463 1751 545 1796 precepit
561 1758 634 1786 sanctus
653 1758 734 1786 astantes
750 1753 806 1794 exire,
821 1758 840 1786 vt

137 1809 256 1848 cognosceret
268 1804 284 1837 si
296 1815 331 1847 per
343 1805 424 1848 aliquem
437 1804 510 1838 illorum
523 1804 677 1848 impedimentum
690 1805 743 1839 lieret
758 1805 840 1848 predica-

109 1871 128 1900 30
136 1857 191 1892 tionis
198 1866 236 1891 sue.
253 1856 336 1899 Cumque
343 1856 424 1899 egressis
430 1856 597 1891 omnibusverbum
604 1857 664 1891 iacere
670 1856 738 1901 populo
744 1857 839 1900 nequiret:

137 1911 152 1944 si
165 1908 230 1953 aliquis
244 1909 262 1943 in
274 1909 352 1943 ecclesia
364 1910 442 1943 latenter
456 1914 511 1951 esset,
524 1909 608 1953 quesiuit.
632 1909 666 1943 Cui
683 1909 768 1952 Nonnita,
781 1916 841 1943 mater

137 1961 194 1998 sancti
204 1961 268 2004 Dauid,
280 1973 379 2006 pregnans,
392 1962 499 2006 respondit:
516 1962 566 2006 ‘Ego
577 1964 649 1997 turbam
661 1962 718 1997 vitare
729 1964 799 2006 volens,
810 1963 840 1997 hic

136 2019 186 2050 iuxta
199 2016 288 2060 parietem
300 2015 358 2049 lateo!
381 2016 422 2057 Qua
434 2016 485 2049 iussu
497 2015 536 2049 eius
550 2026 631 2059 egressa,
645 2016 714 2060 populo
727 2015 807 2059 intranti,
820 2021 839 2050 vt

136 2068 192 2104 voluit
207 2068 302 2111 predicare
318 2068 376 2111 cepit,
396 2074 414 2102 et
430 2068 480 2102 finito
497 2079 583 2102 sermone
599 2079 639 2102 rem
659 2074 731 2111 gestam
749 2069 840 2112 patefecit.

109 2140 127 2168 55
137 2120 218 2162 ‘Mulier,
230 2120 293 2163 inquit,
305 2126 373 2162 sancta,
385 2120 443 2153 filium
454 2119 535 2163 paritura
547 2120 683 2154 sanctissimum
695 2127 735 2154 eta
747 2123 781 2155 deo
793 2123 840 2155 elec-

137 2180 180 2219 tum,
189 2174 207 2207 in
219 2172 296 2207 ecclesia
306 2172 384 2206 mansit:
397 2173 446 2206 vnde
457 2172 552 2215 predicare
562 2183 599 2206 non
610 2173 665 2216 potui,
676 2173 738 2206 diuina
749 2178 840 2216 potestate

136 2236 242 2261 sermonem
252 2224 348 2259 retinente.
371 2224 430 2258 Tanta
441 2225 498 2267 gratia
507 2235 554 2268 puer
563 2225 593 2258 ille
603 2225 686 2269 preditus
697 2224 737 2267 erit,
747 2231 767 2259 vt
778 2226 840 2260 nullus

137 2280 153 2313 ei
162 2279 275 2322 temporibus
283 2278 351 2312 nostris
360 2278 462 2321 comparari
470 2278 529 2321 possit
534 2278 551 2312 ⁷.’
570 2278 672 2313 Transiens
678 2278 740 2312 Gildas
746 2278 765 2312 in
772 2278 840 2313 Hiber-

137 2331 285 2375 niam,populum
294 2331 371 2364 multum
379 2331 402 2364 ad
410 2330 466 2364 iidem
475 2331 569 2365 conuertit.
585 2331 651 2365 Occiso
659 2337 720 2365 autem
729 2332 751 2364 ab
759 2332 840 2366 Artliuro

108 2404 128 2433 4⁰
138 2385 220 2426 Howe10,
233 2384 288 2418 tratre
301 2395 340 2427 suo,
352 2383 370 2417 in
385 2383 498 2417 Britanniam
511 2383 569 2426 rediit,
582 2389 600 2418 et
613 2384 748 2418 confluentibus
761 2385 783 2418 ad
797 2396 839 2419 eum

156 2444 162 2461 ¹
173 2443 190 2474 E.
199 2443 287 2481 pertulisse.
338 2443 344 2460 ²
355 2442 383 2473 Ed,
391 2442 413 2480 by
421 2442 468 2479 Giles,
477 2443 521 2472 Cant.
529 2443 564 2473 Soc.
572 2445 615 2481 1854,
623 2445 662 2473 with
669 2444 696 2474 the
700 2444 737 2473 Vita
743 2445 764 2482 by
770 2444 841 2474 Caradoc

138 2484 271 2513 Lancarbanensis
279 2484 294 2512 in
304 2483 337 2512 MS.
345 2483 392 2520 Corp,
402 2483 437 2511 Chr.
446 2483 485 2512 Coll.
493 2483 528 2512 Cbr.
537 2492 566 2519 139
574 2485 604 2519 (ed.
612 2484 665 2513 before
675 2485 691 2512 in
700 2484 802 2513 Stevenson's
810 2485 839 2513 Ed.

137 2524 155 2551 oi
163 2523 223 2555 Gildas,
234 2523 280 2558 Engl.
291 2522 333 2552 Hist.
345 2522 386 2551 Soc..
399 2521 454 2558 1833);
465 2522 492 2550 the
501 2521 538 2550 Vita
547 2522 563 2550 in
575 2522 615 2551 Boll.
628 2523 660 2552 lan.
670 2523 699 2552 lll.
710 2531 745 2559 573,
757 2523 770 2552 is
781 2524 814 2552 that
825 2524 843 2552 of

137 2561 270 2591 anotherGildas.
291 2561 334 2592 tuit.
343 2561 384 2592 Nau.
413 2561 444 2590 ⁴13.
452 2561 510 2590 Velut.
536 2561 657 2592 ⁵E.ordeoceo.
685 2562 841 2600 ⁶Vit.Pepidiaue,a

137 2605 241 2639 promontory
248 2601 263 2630 in
272 2601 408 2630 Pembrokeshire.
428 2600 470 2631 ⁷Vit.
478 2601 526 2631 adds:
538 2601 572 2639 Ego
579 2603 666 2639 relinquam
673 2602 695 2630 illi
702 2602 747 2631 istam
754 2603 840 2639 regionem.
