1762 2803
139 187 183 229 194
328 174 407 226 moto
423 172 540 234 hoctona
555 169 648 232 ancta.

137 295 202 330 faciem
213 295 321 338 prodeunte,
334 306 393 339 agnus
405 295 495 330 immolari
506 294 611 335 iubeatur¹;
623 299 641 328 et
652 293 701 337 quod
712 292 753 337 ipsa
766 292 789 326 sit
802 301 840 325 nox

138 349 272 393 quintedecime
278 349 326 390 lune,
332 349 351 381 in
359 348 493 391 quapercussis
502 347 594 392 Egypciis,
601 346 659 380 Israel
667 350 695 380 est
703 356 714 379 a
721 346 776 389 longa
784 344 841 379 serui·

137 407 176 436 tute
183 403 295 446 redemptus.
314 401 325 419 “
331 401 412 446 Septem,
419 401 482 446 inquit,
489 402 553 436 diebus
561 400 630 435 azimat
637 399 753 435 comedetis¹¹
770 397 840 441 Quibus

137 456 181 489 item
194 456 255 490 verbis
266 459 303 488 tota
315 455 367 488 tertia
379 456 482 498 septimana
493 455 576 489 eiusdem
588 453 642 498 primi
655 453 725 487 mensis
737 451 841 485 decernitur

121 507 239 551 ssolempnis
252 517 295 541 esse
308 507 381 540 debere.
404 506 442 541 Sed
456 517 480 540 ne
491 511 598 551 putaremus
608 507 684 540 easdem
695 510 767 549 septem
779 505 841 537 diesa

137 560 273 604 quartadecima
291 570 349 603 vsque
368 560 391 593 ad
410 560 517 593 vicesimam
536 570 578 593 esse
597 558 735 602 computandas,
754 557 841 591 continuo

138 612 225 647 subiecit:
244 612 281 646 “ln
295 612 325 645 die
337 612 396 656 primo
409 623 447 645 non
460 613 494 645 erit
508 611 619 645 fermentum
632 613 652 645 in
665 612 750 645 domibus
762 610 840 651 vestris;

138 666 241 709 quicunque
257 666 356 699 comederit
374 665 490 707 fermentum,
505 665 571 708 peribit
589 664 651 698 anima
667 664 698 698 illa
714 664 737 698 de
752 662 815 704 Israel,
830 672 841 696 a

138 718 197 762 primo
208 718 237 752 die
247 728 305 762 vsque
315 719 338 752 ad
347 718 396 752 diem
407 718 521 762 septimum,”
532 722 550 751 et
560 722 625 759 cetera,
633 727 691 761 vsque
702 717 746 750 dum
756 717 790 750 ait:
803 715 841 749 “ln

112 780 130 802 10
138 772 203 806 eadem
212 771 253 814 ipsa
265 771 294 805 die
306 771 383 805 educam
393 771 494 805 exercitum
505 775 588 804 vestrum
600 770 623 804 de
635 774 684 804 terra
697 769 780 814 Egyptv’
804 768 841 802 Pri-

138 835 189 858 mum
203 824 251 857 diem
264 835 308 868 ergo
321 825 421 858 azimorum
434 824 514 868 appellat
527 833 570 857 eum
585 824 604 857 in
616 833 653 867 quo
665 823 765 857 exercitum
778 831 842 855 eorum

138 883 189 912 esset
201 878 301 912 educturus
312 878 335 912 de
347 878 425 921 Egypto.
448 877 524 911 Constat
534 882 595 910 autem
605 877 647 920 quia
657 887 695 910 non
707 874 843 920 quartadecima

139 931 174 972 die,
182 931 201 964 in
209 930 260 963 cuius
268 940 346 973 vespera
354 940 413 973 agnus
420 935 448 964 est
456 929 565 971 immolatus,
574 934 635 972 etque
644 928 718 972 proprie
726 928 795 971 pascha
803 928 842 960 siue

139 981 209 1025 phase5
222 982 297 1025 dicitur·,
314 983 347 1016 sed
358 982 492 1025 quintadecima
506 986 549 1015 sunt
562 982 621 1015 educti
635 981 658 1015 de
672 981 751 1024 Egypto‚
764 981 810 1014 sicut
823 980 842 1013 in

115 1044 131 1074 ¹5
140 1036 186 1069 libro
195 1035 211 1069 N
213 1046 318 1068 umerorum
328 1035 444 1079 apertissime
454 1034 538 1068 scribitur
550 1033 559 1053 ‘⁴
565 1032 644 1067 Profecti
655 1033 709 1077 igitur
719 1033 742 1066 de
751 1032 843 1066 Ramesse

140 1082 274 1131 quintadecima
282 1088 311 1121 die
319 1088 390 1122 mensis
400 1087 459 1131 primi,
468 1088 524 1121 altera
534 1087 563 1120 die
574 1086 643 1131 phase³
651 1086 682 1120 filii
691 1086 748 1120 lsrael
757 1085 776 1119 in
787 1095 843 1119 manu

140 1141 230 1174 excelsa¹¹
254 1140 330 1184 Septem
338 1151 382 1184 ergo
390 1141 430 1174 dies
438 1140 544 1182 azimorum,
552 1140 571 1174 in
579 1150 656 1183 quarum
665 1140 724 1183 prima
731 1139 807 1172 eductus
815 1143 843 1172 est

140 1194 219 1238 populus
230 1193 260 1227 dei
270 1194 293 1227 de
305 1193 384 1237 Egypto,
392 1194 415 1227 ab
427 1194 486 1235 inicio,
499 1198 518 1227 vt
531 1193 616 1233 diximus,
628 1192 681 1227 tertie
693 1193 800 1236 septimane,
809 1190 843 1224 hoc

139 1252 173 1289 est,
187 1246 322 1291 quintadecima
335 1247 364 1280 die
378 1246 448 1280 mensis
462 1246 521 1290 primi,
535 1257 593 1290 vsque
608 1246 631 1279 ad
643 1246 749 1279 vicesimam
764 1244 843 1289 primam

113 1311 132 1333 20
140 1301 223 1334 eiusdem
238 1300 308 1334 mensis
324 1301 373 1333 diem
389 1300 499 1343 completam
514 1299 614 1343 computari
630 1303 706 1342 oportet.
731 1298 787 1333 Porro
803 1298 843 1331 dies

139 1353 274 1396 quartadecima
282 1358 334 1386 extra
342 1353 391 1386 hunc
399 1363 497 1386 numerum
507 1352 606 1396 separatim
616 1352 650 1386 sub
660 1351 729 1395 pasche
739 1351 791 1385 titulo
802 1361 844 1394 pre-

140 1410 218 1446 notatur,
234 1405 280 1439 sicut
296 1405 355 1439 Exodi
371 1405 466 1449 sequentia
481 1409 565 1449 patenter
578 1405 660 1446 edocent,
675 1404 706 1439 vbi
721 1405 789 1437 dictum
804 1408 843 1438 est:

140 1459 218 1492 “Primo
230 1468 300 1499 mense,
312 1459 448 1500 quartadecima
460 1459 489 1491 die
500 1458 575 1500 mensis,
585 1458 675 1491 comedite
686 1457 745 1490 azima
751 1467 810 1500 vsque
821 1457 844 1490 ad

141 1510 190 1544 diem
204 1509 311 1543 vicesimam
326 1509 405 1554 primam
420 1509 504 1543 eiusdem
518 1509 588 1543 mensis
604 1510 627 1543 ad
640 1519 744 1552 vesperum.
768 1509 844 1552 Septem

114 1573 132 1605 25
141 1564 206 1597 diebus
217 1562 347 1596 fermentatum
359 1573 397 1596 non
409 1562 513 1596 inuenietur
525 1563 544 1596 in
554 1562 639 1596 domibus
646 1563 727 1596 vestris.¹’
750 1561 796 1603 Quis
806 1572 844 1595 non

141 1616 206 1657 videat,
221 1625 232 1648 a
245 1615 380 1659 quartadecima
392 1625 451 1658 vsque
466 1616 489 1648 ad
502 1614 608 1648 vicesimam
623 1615 707 1658 primam,
720 1625 757 1648 non
773 1618 844 1657 septem

142 1669 263 1709 solummodo,
272 1668 305 1702 sed
315 1673 355 1702 octo
365 1668 426 1712 potius
435 1678 478 1702 esse
487 1668 533 1710 dies,
541 1667 557 1701 si
565 1672 583 1702 et
593 1669 633 1711 ipsa
642 1668 777 1711 quartadecima
786 1677 845 1701 annu-

142 1724 234 1757 meretur?
257 1720 290 1755 Sin
298 1725 365 1763 autem,
373 1726 392 1756 vt
400 1721 505 1765 diligentius
512 1721 607 1765 explorata
614 1721 704 1765 scripture
712 1721 779 1756 veritas
787 1721 845 1764 docet,

142 1785 153 1808 a
160 1784 239 1818 vespera
246 1774 282 1807 diei
290 1774 425 1817 quartedecime
432 1785 491 1817 vsque
499 1774 522 1807 ad
529 1784 627 1817 vesperam
634 1774 721 1808 vicesime
728 1774 787 1817 prime
795 1784 845 1808 com-

114 1841 134 1871 3⁰
142 1827 273 1871 putauerimus,
279 1827 382 1861 videbimus
388 1827 469 1871 profecto
476 1827 524 1871 quod
530 1827 555 1861 ita
561 1827 601 1861 dies
607 1827 742 1870 quartadecima
747 1838 845 1871 vesperam

142 1891 194 1915 suam
205 1880 224 1913 in
234 1879 275 1914 festi
288 1880 379 1924 paschalis
389 1881 461 1914 initium
470 1884 556 1924 prorogat
561 1878 572 1922 ⁴,
582 1885 602 1914 vt
612 1890 649 1913 non
659 1880 738 1924 amplius
746 1885 784 1914 tota
794 1890 846 1914 sacra

142 1933 263 1976 solempnitas
275 1943 330 1976 quam
342 1939 414 1976 septem
425 1934 551 1966 tantummodo
563 1937 627 1967 noctes
639 1944 681 1966 cum
692 1934 767 1967 totidem
779 1933 844 1967 diebus

142 1986 290 2031 comprehendat.
305 1985 448 2030 Veraciterergo
453 1986 512 2030 agitur
517 1985 628 2020 ebdomada⁵
633 1996 668 2030 que
675 1991 845 2030 avesperaquarte-

142 2039 213 2073 decime
226 2038 262 2072 diei
275 2038 338 2081 incipit
347 2044 365 2072 ct
377 2040 396 2072 in
405 2049 484 2082 vespera
492 2039 580 2073 vicesime
590 2039 650 2082 prime
662 2039 769 2082 completur.
792 2039 845 2073 Post-

115 2108 133 2140 35
143 2101 198 2136 quam
207 2101 251 2125 vero
261 2091 330 2135 pascha
340 2097 423 2126 nostrum
435 2091 540 2126 immolatus
550 2097 578 2126 est
589 2090 673 2126 Christus
678 2091 690 2135 l,
699 2091 784 2135 diemque
793 2092 847 2125 nobis

143 2145 258 2187 dominicam,
265 2155 301 2188 que
309 2145 357 2188 apud
365 2146 449 2189 antiquos
454 2156 491 2179 vna
497 2145 527 2179 vel
535 2145 594 2190 prima
602 2146 676 2188 sabbati,
682 2144 721 2180 siue
730 2145 846 2180 sabbatorum

142 2205 221 2239 vocatur,
227 2198 294 2241 gaudio
300 2199 439 2232 resurrectionis
447 2209 480 2232 sue
485 2198 527 2232 fecit
533 2209 576 2233 esse
582 2198 708 2242 solempnem;
718 2199 743 2232 ita
750 2198 797 2233 hanc
805 2209 847 2242 apo-

143 2251 207 2285 stolica
212 2250 284 2284 traditio
291 2251 342 2284 sestis
348 2251 464 2294 paschalibus
472 2251 572 2284 inseruitvt
578 2251 634 2284 nichil
643 2250 758 2284 omnin0⁷de
764 2257 847 2293 tempore

143 2302 212 2346 pasche
225 2301 289 2345 legalis
302 2303 457 2346 preocupandum‚
469 2303 525 2337 nichil
538 2302 659 2338 minuendum
673 2313 716 2337 esse
729 2303 846 2346 decerneret;

112 2374 136 2405 -40
144 2356 187 2399 quin
206 2356 266 2398 potius
284 2356 345 2389 statuit
363 2361 383 2389 vt
399 2361 527 2399 expectaretur
543 2357 593 2389 iuxta
611 2361 719 2399 preceptum
736 2355 781 2398 legis
797 2356 846 2390 idem

143 2409 214 2452 primus
223 2408 267 2441 anni
277 2409 353 2451 mensis,
362 2413 491 2452 expectaretur
502 2408 636 2451 quartadecima
648 2408 687 2441 dies
697 2407 751 2450 illius,
763 2414 847 2451 expecta-

144 2467 194 2495 retur
201 2471 280 2505 vespera
287 2462 375 2495 eiusdem.
398 2461 421 2495 Et
429 2472 471 2495 curn
479 2461 513 2495 hcc
521 2462 560 2495 dies
568 2463 587 2495 in
596 2461 691 2495 sabbatum
700 2460 745 2495 torte
754 2460 847 2505 incideret,

144 2514 215 2549 tolleret
223 2515 349 2560 vnusquisque
357 2524 425 2559 agnum
433 2525 466 2561 per
475 2514 553 2549 familias
561 2520 579 2549 et
588 2515 653 2548 domos
661 2524 710 2557 suaS,
719 2519 736 2548 et
744 2515 847 2550 immolaret

165 2588 198 2618 ιΕ,
207 2589 293 2620 iubebatur.
339 2590 451 2620 ²T.azimam.
496 2589 602 2627 tapasche.
646 2587 767 2629 ¹T.prerogat.
812 2591 847 2621 5Ε.

145 2629 237 2660 ebdomoda.
277 2629 283 2647 θ
293 2629 311 2661 E.
317 2629 385 2661 christis.
426 2628 432 2647 ⁷
442 2630 462 2661 al.
470 2629 569 2662 omnimodis.
