1762 2803
316 140 396 193 Mota
411 137 526 200 iuuenta
542 136 634 201 tinnitu.
689 184 694 192 .

230 261 262 302 (De
269 261 321 292 ordine
328 263 390 292 fratrum
396 262 503 293 heremitarum
510 262 541 292 vid.
547 260 688 301 Augustlnensiurn)
695 270 698 291 :
710 260 761 291 ‘Ordo
768 261 831 291 fratrum

250 309 357 340 heremitarum
363 309 379 340 S.
387 309 468 347 Augustini
476 309 550 348 originem
556 308 609 338 habuit
616 317 626 337 a
633 307 681 337 Paulo
688 306 720 344 er.,’
726 309 754 337 &a

187 355 221 395 (65)
232 358 256 386 De
266 357 281 386 S.
292 356 360 385 iurmino
370 356 415 386 fratre
426 356 442 386 S.
452 356 548 392 Etheldrede,
555 355 620 394 qualiter
630 355 645 384 iu
655 354 719 384 ecclesia
729 353 745 384 S.
755 353 832 384 Edmnndi

251 402 282 441 (ed.
289 403 305 432 ii.
313 404 355 441 542).

231 448 301 489 (Dierum
312 449 398 479 obseruatio
408 449 532 488 periculosorum,
542 448 600 488 o.n1.):
611 448 695 486 ‘Magister
705 446 832 486 philosophorum

251 496 294 534 ponit
303 505 355 525 omnes
364 496 413 525 malos
422 497 455 526 dies
464 501 479 527 et
488 496 587 536 periculosos.
608 496 627 525 Et
635 495 711 526 sciendum
719 499 740 525 est
748 495 789 534 quod
799 499 834 525 sunt

251 543 292 572 xxxii
301 542 317 571 in
326 542 381 582 quibus
391 547 444 574 caueat
454 543 555 582 unusquisque
565 552 584 573 ne
594 543 682 581 sanguinem
692 542 756 580 minuat,
766 543 793 574 &c
815 542 833 572 In

250 599 301 619 mense
307 588 374 619 Ianuarii
381 593 415 619 sunt
423 597 431 629 7
438 590 480 626 dies,'
488 592 517 621 &a

187 635 222 677 (66)
233 636 255 676 (A
266 636 367 675 compilation
377 637 401 666 lor·
412 637 438 668 the
449 638 510 667 novices
522 637 540 667 of
550 637 591 676 Bury
602 636 624 667 St.
638 636 718 667 Edmunds
728 646 748 667 on
758 635 834 666 monastic

250 683 335 722 discipline,
342 683 379 713 with
386 683 428 714 these
435 688 477 723 parts
482 684 493 723 :)

271 731 296 761 De
313 730 372 769 origine
389 731 499 761 monachorum
514 733 546 761 tam
562 730 617 761 veteris
632 740 677 770 quarn
690 730 727 760 noui
741 729 834 760 Testamenti

292 777 350 816 (Proba
365 778 460 808 ‘Primorum
473 780 552 817 parentum
568 777 637 815 rubigine
651 777 717 807 humanu
731 778 834 807 contaminata

292 823 370 862 conditio,t
378 824 416 860 &c.;
427 825 439 854 it
446 829 500 863 quotes
506 824 585 855 Ianuensis
591 824 607 854 in
614 824 653 855 libro
660 825 756 862 questionum
766 824 785 853 de
796 824 835 854 anti-

291 870 360 909 christo).

272 918 297 947 De
303 916 341 953 risu,
348 917 406 954 habitu
413 917 478 952 silentio,
485 921 553 956 tempore
560 917 648 956 prandendi,
656 920 671 948 et
678 917 697 948 de
706 927 760 956 genere
767 917 836 948 ciborum

273 988 276 994 ,
293 964 376 1002 primorum
383 967 443 1003 patrum
450 964 564 995 monachonrm.

274 1011 299 1041 De
308 1010 402 1050 professione
411 1011 529 1042 monachornm:
541 1011 626 1041 Adelredus
638 1011 686 1042 abbas
697 1011 713 1041 iu
723 1010 789 1051 Speculo
799 1010 836 1042 cari-

275 1056 278 1061 ’
294 1059 335 1095 tatis,
342 1058 360 1088 li.
367 1058 389 1095 iii,
397 1068 411 1089 c.
419 1067 437 1096 ³3
445 1063 460 1089 et
467 1066 492 1097 34.

274 1104 349 1142 Magister
359 1105 434 1135 Henricus
446 1105 465 1134 cle
476 1105 551 1135 Gandauo
561 1105 615 1135 doctor
625 1104 640 1134 in
651 1114 679 1134 suo
690 1105 768 1143 Quolibet,
779 1109 837 1145 quaest.

294 1151 331 1191 xvii,
338 1151 360 1181 sic
366 1152 393 1187 ait,
400 1153 428 1181 &o
436 1152 456 1191 (a.
461 1161 483 1182 m.
489 1151 576 1183 Violatores
582 1151 633 1191 regule
641 1151 650 1182 6
657 1152 712 1191 Aug).

275 1199 299 1228 Ex
304 1198 343 1228 libro
348 1198 444 1236 penitenciali
451 1198 520 1238 magistri
526 1199 598 1228 Iohannis
605 1199 630 1228 De
635 1198 674 1228 deo:
685 1198 750 1229 Suadeat
758 1201 772 1229 et
778 1199 837 1230 studeat

287 1269 289 1273 .
296 1245 360 1283 quilibet
368 1244 445 1275 consessor
452 1244 471 1284 (a.
477 1255 497 1275 m.
505 1245 601 1275 Confessores
608 1244 627 1274 ad
634 1255 663 1285 que
670 1246 751 1286 tenentur).

275 1291 383 1321 Excusationes
393 1291 502 1321 monachorum
513 1292 539 1330 qni
549 1292 648 1322 communiter
657 1302 666 1321 a
677 1292 746 1322 carnibus
756 1293 836 1328 abstinent,

295 1342 310 1368 et
317 1338 358 1378 quod
365 1339 386 1368 ob
392 1338 422 1368 hoc
429 1339 480 1370 vocari
489 1348 519 1368 nou
529 1338 593 1369 debeant
600 1338 684 1378 singulares
690 1340 758 1379 ypocrite
765 1350 793 1371 nec
799 1340 838 1370 sicut

294 1385 357 1416 heretici
364 1385 442 1416 Manichei
448 1390 515 1416 creature
522 1385 551 1416 Dei
559 1385 698 1424 condempnatores.
708 1425 711 1427 v

275 1432 372 1463 Innocentius
381 1432 406 1462 111
417 1443 457 1472 papa
464 1432 480 1462 in
487 1432 558 1463 Concilio
569 1432 666 1462 Lateranensi
676 1433 730 1463 celebr.
737 1433 757 1463 A.
766 1441 792 1463 aar
795 1442 803 1473 5
812 1432 838 1473 (ex

296 1478 382 1518 Decretis):
394 1479 421 1510 ‘In
428 1480 506 1511 refectorio
513 1480 565 1509 nullus
572 1479 634 1510 omnino
641 1489 685 1510 carne
691 1479 763 1518 uenatun’
771 1482 800 1512 &e

276 1527 312 1557 Heo
318 1527 393 1565 Magister
402 1527 435 1557 lou
443 1527 462 1556 de
469 1528 521 1557 Acone
531 1536 575 1566 super
582 1527 701 1558 Constitutiones
708 1527 783 1558 Ottoboni
790 1528 839 1566 legati

297 1582 346 1613 pape:
358 1573 386 1604 ‘In
393 1573 525 1604 constitutionibus
531 1573 599 1613 Capituli
606 1573 704 1612 prouincialis
710 1574 760 1605 Onon.
767 1575 839 1606 celebrati

296 1627 334 1650 an.
343 1619 392 1658 1256,’
399 1621 427 1650 &o

277 1667 334 1696 Iterum
341 1667 357 1696 iu
364 1666 428 1697 Statutis
434 1668 501 1706 prouinc.
510 1667 549 1706 Cap.
554 1667 669 1706 Northampton
676 1667 747 1698 celebrati
755 1669 774 1698 Α.
783 1676 827 1707 1225.

277 1713 316 1744 item
324 1713 339 1742 in
346 1712 409 1743 Statutis
416 1723 459 1751 prou.
467 1714 505 1752 Cap.
512 1713 553 1753 apud
561 1713 610 1744 Onon.
619 1714 689 1745 celebrati
696 1715 716 1745 A.
725 1721 768 1753 1237.

277 1760 317 1789 Itern
327 1760 342 1789 in
351 1760 391 1799 Cap.
398 1761 439 1799 apud
448 1760 529 1791 Suthwerk
539 1761 558 1790 A.
563 1760 589 1799 (l).
610 1760 624 1791 tt
633 1764 686 1799 quotes
693 1761 740 1792 atale
749 1762 788 1791 ironr
798 1761 840 1793 Hist.

297 1816 347 1844 aurea,
355 1806 382 1837 lin
391 1814 414 1846 ιγ,
422 1818 435 1837 c.
443 1806 472 1846 167
480 1807 492 1847 (¹
498 1808 516 1837 ln
522 1808 554 1839 vita
560 1808 576 1837 S.
581 1806 656 1845 *Preisetij
663 1807 705 1846 ao).

278 1853 297 1883 In
310 1853 350 1883 libro
360 1853 450 1885 Visionumr
464 1854 541 1892 ‘Quidam
553 1853 636 1884 monachus
649 1854 668 1883 de
682 1855 734 1884 ordine
747 1855 762 1885 S.
774 1855 841 1894 Bened.,'

298 1895 327 1926 &u
767 1921 771 1927 .

278 1940 302 1971 Ex
312 1939 352 1970 libro
362 1940 381 1971 de
390 1941 422 1971 vita
432 1940 449 1971 S.
456 1940 516 1971 Odonis
524 1941 560 1971 abb.
567 1939 641 1979 cluniac,
650 1944 665 1971 et
675 1940 691 1971 in
701 1941 741 1973 libro
748 1942 815 1973 eiusdem
822 1942 841 1974 de

245 2024 246 2027 Ἴ
298 1986 345 2016 Vitiis
357 1991 373 2017 et
384 1987 473 2018 virtutibus:
488 1987 565 2017 ‘Veniens
577 1988 640 2027 quidam
651 1988 734 2019 monachus
746 1990 766 2019 ad
778 1989 841 2020 domum

299 2033 354 2062 sororis
361 2034 397 2071 sue,’
404 2035 433 2064 &o

279 2080 381 2120 Contemptus
388 2081 474 2120 religionis:
483 2089 528 2112 causa
538 2084 560 2114 est
567 2082 599 2114 vita
605 2082 646 2113 maie
652 2082 735 2114 uiuentium
742 2083 842 2123 irreligione.

281 2128 315 2157 Hec
321 2128 337 2157 in
344 2127 408 2157 historia
414 2128 445 2158 rite
453 2138 464 2158 s.
472 2128 535 2166 ononis,
542 2132 558 2158 et
566 2128 582 2158 in
591 2129 630 2158 libro
637 2129 656 2159 de
664 2129 710 2159 Vitiis
717 2133 732 2160 et
738 2130 782 2161 virne
793 2131 842 2170 ‘Quin

299 2178 334 2204 sunt
341 2175 385 2205 multi
393 2175 455 2213 inquieti
462 2178 477 2206 et
484 2175 576 2214 importuni:
584 2179 612 2206 &n

280 2221 305 2251 De
311 2221 393 2252 sobrietate
400 2226 415 2251 et
422 2222 518 2254 abstinentia.

280 2268 333 2299 Sermo
338 2269 378 2307 Aug.
384 2269 404 2298 ad
411 2269 494 2299 monachos
499 2270 518 2299 de
525 2270 628 2309 persecutione
635 2269 736 2309 xpianorumr
746 2270 790 2309 ‘Ego
796 2271 843 2303 hodie

300 2316 326 2355 qui
333 2315 385 2347 videor
392 2325 424 2346 esse
430 2316 519 2354 monachus,
526 2318 539 2348 si
545 2315 610 2357 rumpo,¹
618 2317 647 2348 &o

281 2364 366 2397 Bernardus
373 2364 388 2393 in
396 2364 503 2403 Apologetico,

281 2411 321 2440 item
329 2411 376 2449 Hugo
384 2411 399 2440 in
406 2410 446 2441 libro
454 2411 472 2440 de
480 2410 576 2442 Institutione
583 2410 697 2440 monachorum.

281 2457 354 2487 Notabile
367 2462 382 2488 et
396 2457 463 2488 terribile
477 2462 529 2488 contra
542 2456 625 2489 monachos
639 2456 712 2489 delicatos
725 2462 740 2490 et
753 2457 844 2492 dissolutos:

301 2506 371 2536 ‘Narrat
379 2506 414 2536 Odo
421 2507 440 2536 de
447 2506 542 2544 Syrentone,’
549 2507 577 2534 &c

242 2552 277 2589 (An
284 2552 366 2591 exposition
373 2552 485 2592 osAlIelnya):
497 2552 569 2590 Alleluya
576 2552 586 2581 i.
591 2560 604 2582 e.
612 2551 678 2582 laudate.
