1762 2803
128 97 175 137 Ι206
321 94 401 146 lauba
416 91 532 155 limma
547 93 640 156 antiit.

132 225 198 249 sereno
208 214 260 258 virgo
271 220 333 249 sancta
342 215 446 258 respondit:
459 215 538 250 ‘Potens
548 221 576 250 est
586 216 632 250 deus
642 220 705 250 noster
715 215 770 251 etiam
781 229 829 256 nunc

131 267 207 300 vitulum
216 272 298 300 nostrum
307 278 372 300 eruere
383 269 406 300 de
417 267 502 300 dentibus
513 269 602 311 luporum,
614 267 645 311 qui
657 269 750 311 quondam
761 269 780 303 in
791 272 830 306 lacu

132 319 228 354 Danielem
243 319 308 364 eripuit
324 320 347 354 de
360 330 391 355 ore
405 320 484 354 leonum.
508 320 608 365 Expectate
624 321 683 361 modo,
696 321 760 365 inquit,
771 333 829 369 vsque

132 384 182 408 cras:
199 379 217 407 et
232 373 316 407 dominus
332 383 374 407 eum
389 374 441 408 nobis
456 373 534 408 fortasse
549 374 636 408 intactum
652 374 740 416 restituet,
754 380 774 410 vt
789 388 830 413 cuin

115 426 231 466 5viderimus
250 426 350 470 potentiam
369 426 408 459 eius
427 428 446 459 in
465 427 551 467 minimis,
570 427 658 460 maiorem
677 427 696 460 in
715 428 746 460 illo
763 429 831 464 habere

132 479 217 513 fiduciam
236 479 340 512 erudiamur
359 479 377 512 in
396 479 478 523 magnis!
502 479 525 514 Et
542 491 585 514 ecce
603 479 633 513 die
652 480 731 514 crastina
747 481 785 524 lupi
801 484 830 526 qui

131 531 207 564 vitulum
222 536 326 573 rapuerant,
339 531 438 564 redeuntes
454 532 477 564 de
493 531 544 565 siluis
557 532 625 574 ipsum,
639 532 708 565 cunctis
721 532 830 577 videntibus,

131 583 154 616 ad
162 593 226 627 agrum
236 583 354 625 reduxerunt,
362 587 380 616 et
387 583 437 617 velut
444 583 492 617 bene
500 583 610 617 custoditum
620 583 642 616 ad
652 595 720 628 pascua
730 588 749 617 et
759 583 830 621 illesum

131 636 254 670 restituerunt.
299 629 350 672 Cum
362 647 414 670 soror
427 637 506 680 quedam
519 637 595 680 virginis
606 643 668 671 sancte
681 637 753 671 cuidam
767 640 829 675 ancille

105 700 124 721 ιο
132 689 161 722 dei
169 689 252 723 victualia
260 691 350 732 deserens,
359 700 370 722 a
377 690 476 723 latronibus
487 691 564 733 spoliata
574 690 646 731 rediret,
656 691 766 724 Modwenna
774 692 829 728 dixit:

132 742 184 776 ‘Noli
197 741 274 777 timere:
286 742 366 776 latrones
379 743 429 777 cibos
443 753 544 787 pauperum
556 753 593 776 non
605 743 707 786 comedent,
721 743 754 777 sed
768 751 831 780 cuncta

132 796 185 830 nobis
193 799 234 838 post
242 795 291 829 diem
298 795 377 837 tertium,
388 797 423 830 deo
433 795 517 839 propitio,
528 796 598 839 integre
610 801 718 830 conseruata
726 795 831 833 restituent!

133 849 157 881 Et
164 858 207 881 ecce
216 848 270 890 fures,
279 848 336 881 tribus
345 848 408 881 diebus
416 849 445 881 dei
453 849 536 891 percussi
546 848 609 881 iuditio
617 859 651 891 per
659 848 712 881 deuia
720 850 830 892 oberrantes,

132 900 163 936 vbi
175 905 226 935 erant
236 900 309 943 penitus
322 900 433 944 ignorabant.
457 900 536 935 Reatum
549 901 624 935 tandem
638 910 692 935 suum
705 907 830 945 agnoscentes,

107 963 124 993 15
133 954 210 998 genibus
229 954 251 987 ad
270 958 337 987 terram
355 953 446 988 inclinatis
468 953 605 987 exclamabant:
624 953 747 987 ‘Modwenna
768 955 832 989 ancilla

134 1006 207 1047 Christi,
217 1006 232 1039 si
242 1017 286 1040 vera
296 1011 338 1040 sunt
349 1017 385 1050 que
396 1008 419 1041 de
429 1012 447 1041 te
458 1006 565 1048 audiuimus,
575 1017 661 1040 succurre
669 1006 688 1040 in
696 1006 777 1050 periculo
789 1019 831 1042 con-

133 1053 204 1101 stitutis,
213 1064 231 1093 et
239 1060 295 1093 redde
303 1059 356 1093 nobis
364 1060 425 1094 oculos
434 1064 511 1101 nostros,
519 1064 538 1094 vt
547 1060 570 1094 ad
580 1064 599 1093 te
608 1060 718 1102 gradientes,
726 1070 760 1103 per
767 1070 831 1103 preces

132 1119 172 1146 tuas
180 1123 191 1146 a
198 1112 272 1145 domino
280 1112 352 1145 veniam
363 1113 506 1155 consequamur.'
530 1113 554 1145 Et
564 1111 660 1146 confestim
672 1112 731 1145 ablato
742 1113 764 1145 ab
775 1114 831 1147 oeulis

132 1175 197 1198 eorurn
204 1164 301 1205 velamine,
308 1163 403 1208 regionem
411 1170 546 1207 cognouerunt:
559 1169 577 1198 et
587 1175 629 1198 cum
639 1163 711 1198 cibariis
719 1164 742 1198 ad
750 1170 831 1199 sanctam

106 1232 125 1253 ιο
133 1218 222 1262 virginem
234 1223 337 1261 pergentes,
349 1223 367 1251 et
383 1223 453 1251 reatum
469 1218 584 1257 confitentes,
597 1217 671 1252 veniam
684 1218 832 1253 lachrimabiliter

133 1270 218 1315 prostrati
235 1270 362 1314 implorabant.
385 1272 435 1313 Quos
451 1271 482 1304 illa
498 1271 577 1315 benigne
594 1270 670 1304 audiens
687 1276 705 1304 et
722 1270 831 1313 confortans,

133 1325 211 1359 refectos
226 1323 266 1358 cibo
285 1323 352 1358 carnali
369 1328 387 1357 et
404 1324 493 1368 spirituali
512 1335 553 1359 cum
571 1324 699 1358 benedictione
718 1324 740 1357 ad
759 1323 831 1368 propria

133 1377 206 1411 dimisit.
250 1370 351 1418 Aluredus,
363 1377 411 1411 lilius
422 1376 505 1419 Adulphi
515 1376 564 1420 regis
572 1376 722 1414 Westsaxonum,
734 1376 765 1419 qui
775 1377 832 1411 maxi-

134 1440 183 1463 mam
197 1429 317 1471 egritudinem
328 1439 339 1462 a
350 1429 411 1462 multis
423 1429 487 1462 diebus
499 1433 618 1470 contraxerat,
630 1429 653 1461 de
667 1439 701 1472 qua
716 1429 777 1462 nullus
791 1438 832 1461 eum

107 1496 125 1524 25
134 1482 216 1516 medicus
233 1492 298 1515 sanare
314 1486 396 1524 poterat;
412 1481 473 1515 audita
488 1481 542 1515 huius
555 1481 631 1524 virginis
644 1482 697 1523 fama,
711 1492 753 1515 cunr
767 1491 832 1525 magno

135 1535 221 1570 comitatu
233 1545 283 1568 mare
297 1534 375 1576 transiit,
385 1534 452 1578 virgini
464 1539 527 1568 sancte
540 1533 674 1578 [egritudinis]1
686 1533 790 1569 molestiam
803 1545 833 1568 ex-

134 1588 200 1633 posuit,
208 1593 226 1621 et
233 1593 252 1621 vt
262 1599 327 1631 preces
335 1588 358 1621 ad
366 1588 420 1621 deum
432 1599 465 1632 pro
477 1587 517 1631 ipso
528 1588 616 1628 funderet,
627 1587 736 1631 suppliciter
746 1586 833 1621 exorauit.

136 1642 169 1675 Illa
181 1651 225 1675 vero
239 1641 295 1674 fidem
308 1640 348 1674 eius
361 1641 484 1680 considerans,
498 1651 531 1683 pro
543 1641 602 1674 salute
613 1651 647 1674 sua
658 1642 714 1674 deum
726 1640 801 1683 rogauit,
815 1646 832 1673 ct

135 1692 207 1727 sanitati
215 1692 304 1734 restituit;
316 1697 334 1726 et
342 1703 376 1725 nec
384 1693 440 1726 multo
449 1697 490 1735 post
498 1698 547 1726 muto
555 1692 645 1735 loquelam
654 1692 737 1726 reddidit.
759 1685 833 1726 Ablatis

107 1759 127 1788 30
135 1758 169 1792 per
180 1746 271 1790 quendam
281 1745 373 1779 tirannum
384 1745 471 1779 armentis
480 1744 556 1788 virginis
564 1750 633 1786 sancte,
644 1745 698 1790 elegit
709 1756 772 1779 secum
784 1744 833 1787 Luge

135 1800 231 1844 virginem,
240 1799 338 1842 Brigidam,
347 1803 365 1832 et
372 1798 457 1832 Atheam.
480 1799 520 1840 Qua
530 1809 571 1833 curn
579 1798 675 1832 venissent
682 1800 705 1832 ad
714 1799 763 1831 littus
774 1797 833 1838 maris,

135 1859 153 1887 et
168 1852 193 1887 ibi
207 1862 265 1886 naues
278 1857 351 1896 paratas
363 1862 399 1885 non
411 1851 535 1894 inuenissent;
548 1852 642 1885 confidens
653 1852 672 1885 in
684 1851 758 1885 domino
770 1850 834 1884 ancilla

135 1905 204 1940 Christi
219 1905 312 1939 sororibus
324 1904 359 1938 ait:
376 1905 471 1947 ‘Oremus,
483 1903 546 1948 inquit,
558 1905 658 1947 dominum,
669 1910 689 1939 vt
700 1904 753 1938 nobis
765 1901 833 1937 ancillis

135 1960 174 1994 suis
193 1958 280 1993 auxilium
299 1956 393 2001 adaperiat
411 1957 549 1992 transfretandi?
574 1957 657 2001 Cumque
672 1962 764 2001 prostrate
781 1954 834 1990 ssexis

108 2024 126 2054 35
136 2013 213 2055 genibus
221 2022 286 2054 preces
293 2013 316 2044 ad
324 2012 379 2043 deum
389 2010 484 2051 fudissent,
495 2011 571 2053 angelus
583 2010 652 2042 domini
663 2010 758 2043 descendit
766 2010 788 2042 de
796 2008 834 2041 celo

137 2071 155 2100 et
167 2070 239 2110 partem
251 2068 300 2098 terre
312 2063 331 2097 in
344 2062 419 2097 circuitu
431 2061 501 2096 illarum
513 2062 638 2098 circumcinxit
653 2068 707 2107 atque
722 2060 806 2106 signauit,
818 2064 835 2093 et

136 2117 189 2163 quasi
204 2117 282 2151 insulam
295 2127 370 2160 paruam
385 2116 496 2150 constituens
509 2127 530 2151 ac
547 2116 623 2151 marinis
638 2116 691 2160 aquis
704 2115 784 2159 vndique
802 2113 834 2148 cir·

137 2170 245 2206 cumluens²
255 2170 322 2205 virtute
334 2168 435 2204 admirabili
446 2181 457 2203 a
467 2169 521 2204 terris
533 2169 599 2204 ceteris
613 2169 711 2213 separauit,
723 2169 834 2211 eandemque

137 2224 216 2259 insulam
224 2224 314 2267 stupenda
322 2222 425 2257 fortitudine
433 2224 456 2257 de
463 2223 502 2256 loco
513 2223 588 2268 proprio
598 2223 670 2266 leuauit,
679 2228 697 2256 et
704 2223 754 2256 velut
761 2221 780 2255 in
788 2218 834 2260 naui,

109 2291 129 2320 40
139 2277 214 2311 dilectas
220 2275 266 2309 deo³
273 2275 354 2318 virgines
359 2285 393 2317 per
397 2275 497 2309 immensos
502 2275 567 2309 fluctus
574 2285 638 2308 secure
644 2275 663 2308 in
670 2285 691 2308 ea
697 2274 835 2308 transfretantes

138 2331 161 2364 de
170 2328 260 2364 Hibernia
267 2339 325 2371 vsque
333 2328 352 2362 in
361 2328 473 2363 Britanniam
484 2327 618 2372 transportauit.
641 2327 724 2362 Eandem
736 2331 796 2361 autem
809 2323 836 2358 in-

137 2384 196 2417 sulam
208 2382 231 2415 de
244 2381 329 2415 fluctibus
341 2381 425 2415 eductam
436 2382 484 2424 apud
496 2387 581 2423 castrum,
594 2381 682 2424 Daganno
694 2380 773 2420 nomine,
787 2378 836 2411 iuxta

137 2436 186 2473 littus
202 2433 258 2469 maris
273 2433 349 2478 angelus
364 2434 454 2469 firmauit:
470 2444 506 2478 que
520 2445 579 2479 vsque
593 2433 612 2468 in
627 2438 733 2478 presentem
748 2431 797 2466 diem
812 2426 836 2463 ibi

178 2546 183 2564 ¹
193 2546 210 2575 T.
218 2546 321 2582 egritudinis;
332 2545 350 2575 E.
358 2545 457 2574 infirmitatis.
496 2544 502 2561 ²
513 2545 530 2576 E.
539 2546 653 2575 circumfluens.
693 2544 699 2562 ³
709 2544 727 2573 Ε,
735 2543 751 2572 in
759 2542 793 2571 deo.
