1762 2803
56 127 191 166 asamar
213 118 258 172 De
271 116 307 169 ἐ).
319 112 452 169 eumunto
465 126 522 180 repe
535 121 559 169 tt
572 121 689 179 mattpte.
716 121 757 172 631

85 251 115 282 DE
126 255 209 282 VLCIONE
220 255 280 281 FACTA
291 255 313 281 lN
325 249 458 283 HERMANNUM
470 255 582 283 MONACHUM
594 254 732 281 BXPLICANTEM

60 305 153 334 CAMlSlAM
166 300 183 331 S.
195 299 292 330 EDMUNDI
304 305 329 330 ET
340 306 484 332 OSTENDENTEM
496 305 571 331 Porum
582 305 609 330 AD
620 304 758 331 OSCULANDUM.

77 397 164 437 Samson
171 394 222 428 abb„
293 372 359 406 Uidam
368 374 463 407 monachus
475 373 529 406 sancti
538 371 626 406 Edmundi
637 372 707 406 nomine
716 373 760 405 Her·

202 420 206 428 ⁴
223 420 227 428 '
314 433 393 464 mannus,
401 423 448 456 verbi
460 423 513 456 diuini
525 423 627 466 predicator,
635 433 674 456 cum
682 423 711 455 die
719 432 761 466 qua-

56 473 97 505 dam
107 476 214 513 pentecostes
225 473 248 506 ab
259 471 315 506 edito¹
326 479 447 516 congregatam
457 473 583 506 multitudinem
594 472 713 516 alloqueretur,
721 481 761 515 pro·

56 523 91 555 lata
99 520 197 554 summatim
205 529 231 556 est
238 524 288 556 theca
295 523 340 565 regis
348 529 365 556 et
372 523 446 556 martiris
454 522 528 565 insignia
536 523 625 556 continens
633 529 735 556 ornamenta
743 522 761 555 in

56 572 117 614 quibus
126 581 157 613 pro
169 573 238 606 Christo
249 574 319 606 viriliter
329 574 420 616 agonizans
432 573 484 606 armis
496 573 583 615 paciencie
594 574 654 607 mundi
666 574 760 616 principem
770 579 779 608 5

57 619 121 660 strauit,
129 630 183 661 eaque
191 621 259 663 populis
266 622 350 656 vniuersis
358 622 465 665 stupentibus
472 629 490 655 et
501 623 552 655 deum
563 622 672 656 laudantibus
680 622 761 656 ostendit.

57 669 108 712 Quod
119 669 189 712 quidam
199 682 220 705 ex
229 671 292 714 Anglie
302 672 404 715 primoribus
416 671 494 714 audiens,
504 671 558 706 tercia
570 671 667 706 ebdomada
679 680 761 715 sequente

56 719 132 753 concitus
139 719 193 762 affuit,
201 733 235 755 non
244 721 277 755 sibi
284 722 366 765 denegari
374 722 419 766 quod
427 721 461 755 iam
470 721 515 765 plebi
523 732 624 755 concessum
631 723 686 756 fuerat
694 734 761 756 summa

56 768 150 803 denocione
165 771 271 814 deposcens:
291 772 339 806 cuius
354 772 467 816 postulacioni
482 774 543 806 fratres
560 783 649 806 assensum
664 774 762 816 prebentes,

57 820 136 853 semotim
146 821 164 852 in
174 822 229 864 cripta
240 833 272 865 que
282 823 386 865 deposcebat
397 830 467 855 ostensa
477 830 522 863 sunt,
530 822 591 865 quibus
602 823 702 865 suppliciter
711 823 762 856 deos·
773 835 790 855 ro

56 868 122 908 culatis,
134 871 268 911 gratulabundus
281 871 385 914 ab[s]cessit.
408 872 493 905 Discurrit
504 872 572 905 interim
585 872 629 905 vltra
641 873 717 914 citraque
728 884 763 915 qua

57 919 110 953 nichil
124 919 141 953 in
153 921 203 956 rebus
213 922 260 956 sama
271 921 349 956 mobilius
354 922 366 957 ¹.
389 922 506 965 Conglobatur
518 921 597 966 protinus
609 933 659 957 sexus
670 922 762 966 promiscui

29 999 30 1002 ,
57 970 124 1003 infinita
136 972 230 1013 congeries,
244 972 312 1014 exigunt
326 972 392 1007 itineris
404 973 483 1013 fructum,
496 971 548 1016 quia¹
563 982 613 1006 casso
624 973 691 1015 regredi
704 973 763 1006 labore

56 1020 168 1061 erubescunt;
180 1022 254 1055 martiris
266 1022 371 1065 triumphum
382 1023 414 1056 sub
424 1023 457 1055 hoc
467 1023 543 1064 obtentu,
555 1032 637 1064 suamque
649 1022 762 1055 deuocionem

57 1076 153 1103 memorant
168 1081 219 1113 posse
235 1072 309 1104 dilatari.
339 1072 385 1114 Quid
400 1073 461 1115 plura?
479 1078 504 1105 tot
520 1078 614 1104 turmarum
628 1071 761 1114 populositatem
773 1083 790 1113 ¹⁵

57 1119 127 1151 inanem
140 1120 225 1154 dimittere
240 1132 275 1154 non
289 1121 320 1155 suit
335 1123 437 1162 consultum.
459 1122 533 1164 Aptatur
547 1132 588 1162 ergo
601 1120 618 1153 in
632 1122 692 1155 abside
705 1122 762 1155 medio

57 1169 114 1202 altaris
121 1169 175 1202 instar
182 1170 248 1213 ligneus
254 1171 323 1213 gratim,
330 1171 465 1215 sup[er]ponitur
471 1171 551 1205 scrinium
559 1171 600 1203 illud
608 1171 664 1204 sancti
672 1172 762 1204 Edmundi

57 1219 132 1262 reliquiis
140 1222 271 1254 accumulatum.
293 1222 365 1254 Accedit
374 1222 408 1254 iam
416 1221 472 1254 dictus
480 1222 596 1260 Hermannus,
604 1222 673 1264 exponit
682 1228 720 1264 post
728 1221 763 1254 alia

58 1270 147 1304 camisiam
154 1270 205 1312 illam,
214 1272 274 1314 agonis
285 1272 396 1306 acerbitatem
407 1272 505 1305 euidencius
516 1277 631 1312 attestantem,
639 1271 704 1305 crebris
716 1271 762 1305 iacu-

57 1321 112 1352 lorum
120 1322 244 1362 punccionibus
254 1323 356 1363 perforatam
366 1333 387 1354 ac
397 1320 480 1363 preciosi⁴
491 1321 565 1354 martiris
576 1331 635 1353 cruore
645 1328 762 1363 purpuratam.
772 1336 791 1355 ιο

59 1370 110 1402 Hanc
125 1381 166 1412 ergo
180 1381 216 1403 non
231 1371 334 1410 summatIm,
346 1377 364 1404 vt
379 1370 431 1413 prius,
444 1381 483 1403 cum
498 1369 574 1413 reliquiis
589 1368 633 1410 aliis,
645 1376 672 1403 set
687 1370 762 1412 capsella

57 1430 126 1463 prorsus
138 1428 233 1463 exemptam
245 1422 354 1455 cernentibus
367 1422 423 1454 cuntis
435 1421 526 1463 explicans,
539 1419 599 1453 inuitat
610 1420 633 1453 ad
645 1421 762 1454 osculandum.

59 1470 105 1503 Huic
116 1470 197 1504 intererat
209 1471 306 1514 spectaculo
318 1481 357 1504 cum
368 1471 425 1504 multis
437 1470 475 1504 aliis
486 1470 575 1513 sepedicta
585 1469 639 1512 virgo,
647 1481 715 1504 summa
723 1481 762 1503 cum

58 1520 170 1553 veneracione
178 1521 206 1554 dei
214 1521 326 1563 magnificans
333 1520 429 1563 magnalia;
441 1531 474 1563 que
482 1532 521 1554 cum
528 1521 551 1553 ad
559 1521 672 1554 osculandum
683 1531 702 1554 os
713 1531 762 1554 suum

58 1571 155 1611 porrigeret,
160 1577 209 1603 tanta
214 1571 310 1613 fragrancia
315 1571 405 1604 suauitatis
410 1577 428 1603 vt
433 1571 493 1603 sateri¹
499 1570 588 1603 consueuit
594 1571 648 1602 sensit
654 1582 673 1602 se
678 1571 762 1612 perfundi,
773 1581 791 1608 25

58 1626 76 1652 vt
84 1620 168 1653 humanos
175 1622 257 1654 excellere
265 1631 316 1664 posse
327 1630 387 1654 sensus
397 1626 489 1663 putaretur.
512 1620 551 1652 Hiis
559 1619 583 1652 ita
590 1620 654 1660 gestis:
665 1619 762 1652 eadem'die

59 1670 170 1704 Hermannus
182 1670 317 1714 presumpcionis
325 1670 393 1705 vindice
401 1671 461 1704 morbo
469 1670 563 1714 corripitur.
586 1668 655 1703 Deinde
662 1676 713 1703 nocte
721 1670 761 1703 sub·

58 1727 117 1754 secuta
125 1721 158 1754 lam
167 1721 213 1755 dicto
220 1722 267 1755 fratri
273 1721 345 1754 Edwino
353 1721 421 1754 nomine
429 1721 504 1763 prefatus
509 1719 587 1763 apparuit
594 1720 669 1759 Tolinus,
675 1726 691 1754 et
700 1720 762 1754 minaci

59 1773 106 1804 vultu
113 1783 134 1804 ac
139 1772 196 1804 verbis
204 1772 276 1804 austeris
282 1773 392 1804 vehementer
398 1782 437 1803 eum
444 1777 461 1803 et
468 1778 532 1803 ceteros
540 1770 662 1813 [con]fratres⁶
670 1781 710 1803 suos
717 1770 763 1812 cepit

59 1821 165 1862 increpare⁷.
182 1822 249 1864 “Quid
260 1821 321 1863 inquit,
332 1821 403 1863 egistis?
426 1822 461 1853 Cur
472 1821 497 1853 sic
508 1821 613 1861 necligenter
623 1827 641 1853 et
651 1821 763 1852 irreuerenter
772 1837 792 1865 30

59 1872 153 1905 reuerenda
168 1871 267 1904 tractastis?
291 1872 349 1903 Deum
364 1871 435 1913 eiusque
447 1870 534 1902 martirem
547 1869 583 1912 spei
600 1876 657 1902 uestre
671 1875 763 1912 patronum

59 1921 149 1955 irritastis:
165 1921 206 1964 quia
218 1922 259 1955 dum
270 1920 307 1954 heri
320 1921 408 1954 camisiam
420 1920 497 1953 eiusdem
510 1919 565 1953 sancti
578 1918 651 1961 publicis
666 1912 763 1961 aspectibus

59 1972 163 2014 opposuistis
172 1979 189 2005 et
199 1973 266 2005 incaute
277 1970 366 2014 minusque
377 1970 468 2012 diligenter
478 1969 581 2013 explicastis,
589 1979 639 2002 sacer
646 1969 721 2011 sanguis,
729 1980 764 2012 quo

60 2022 122 2055 iniecta
133 2022 182 2063 iuit⁸‚
190 2034 210 2056 ex
221 2029 270 2065 parte
280 2021 327 2054 humi
338 2021 402 2055 decidit
413 2026 430 2053 et
441 2020 496 2063 periit.
519 2021 559 2052 Hoc
569 2029 610 2052 uero
618 2020 641 2051 ad
648 2018 764 2063 penitenciam

60 2082 90 2104 vos
98 2072 179 2104 inuitasse
187 2072 269 2104 debuerat
280 2070 326 2112 quod
338 2070 365 2103 ille
374 2081 405 2112 per
413 2069 461 2103 cuius
472 2070 566 2102 neclectum
576 2070 610 2102 hoc
621 2069 696 2111 contigit,
704 2069 764 2101 diuino
774 2084 792 2112 35

60 2121 95 2154 iam
102 2123 172 2155 verbere
180 2122 280 2164 flagellatur,
288 2120 336 2153 cuius
344 2121 393 2154 dolor
400 2119 531 2152 irremediabilis
542 2125 568 2152 est
576 2124 593 2151 et
601 2118 637 2152 uita
645 2118 764 2162 desperabilis.

61 2172 90 2205 Set
98 2178 116 2204 et
124 2183 155 2204 vos
162 2182 214 2214 quam
222 2170 267 2204 cito⁹
274 2170 333 2203 diuina
342 2177 400 2203 manet
407 2169 457 2210 vlcio,
465 2169 498 2202 nisi
508 2169 561 2202 cicius
572 2180 603 2211 per
610 2179 705 2211 congruam
715 2169 764 2202 satis·

59 2221 155 2254 faccionem
163 2222 259 2255 auertaturss
281 2222 309 2253 lta
316 2220 367 2260 latus,
375 2219 463 2262 disparuit.
486 2220 509 2252 Et
521 2218 603 2252 Edwinus
614 2219 695 2251 fratribus
706 2218 765 2251 audita

60 2271 142 2304 reuelauit
147 2270 160 2289 ¹⁰
168 2271 255 2312 maturius,
262 2271 372 2303 Hennannus
378 2279 419 2302 vero
426 2268 527 2310 egritudinis
532 2274 603 2310 urgente
608 2268 688 2302 molestia
694 2267 747 2302 tercio
753 2266 764 2286 ¹¹

61 2321 138 2363 proximo
146 2328 228 2364 sequente
236 2321 282 2354 obiit.
304 2320 355 2353 Vnde
363 2319 434 2352 solerter
441 2318 587 2351 considerandum
594 2323 620 2351 est
628 2325 693 2362 quanta
700 2317 764 2351 sanctis
773 2332 793 2361 4⁰

60 2373 164 2413 reuerencia,
171 2378 236 2414 quanta
248 2372 265 2405 in
276 2370 388 2405 veneracione
399 2369 421 2403 sit
433 2369 529 2404 exhibenda
540 2368 636 2411 diligencia.
659 2370 707 2410 Quos
719 2368 765 2401 enim

81 2482 86 2500 ¹
98 2483 132 2513 MS.
139 2482 193 2513 edicto.
274 2480 280 2497 ¹
291 2481 324 2511 MS.
331 2481 403 2512 nobilius.
483 2481 489 2499 ³
499 2480 520 2510 al.
527 2490 558 2511 om.
636 2479 641 2496 ¹
652 2479 684 2508 Tit.
691 2478 764 2517 precioso.

61 2521 67 2539 ⁵
78 2522 111 2553 MS.
119 2522 155 2553 fieri.
231 2521 237 2538 ¹
247 2522 266 2552 T.
273 2521 360 2552 confratres.
435 2518 441 2535 ¹
452 2519 485 2549 MS.
493 2528 587 2560 concrepare.
657 2518 663 2534 ¹
673 2518 707 2547 MS.
715 2517 764 2547 luerit.

61 2561 67 2578 ¹
77 2563 98 2593 al.
106 2563 141 2593 cita.
202 2562 213 2579 ¹⁰
223 2562 256 2592 MS.
263 2561 362 2591 reuelacione.
422 2560 434 2578 ¹¹
445 2561 479 2590 MS.
486 2561 537 2591 tercia.
