1762 2803
43 121 177 161 issar...]
198 112 244 168 mc
258 110 294 164 b.
306 111 438 164 uonuaoo
453 122 510 173 reat
525 118 548 164 et
562 116 678 174 mature.
699 117 742 159 661

43 230 133 272 gredimini
146 231 227 266 circulum
239 237 257 267 et
271 231 329 266 irruite
343 232 361 266 in
376 231 473 273 infirmum3
491 233 518 266 sin
533 235 597 275 autem,
609 231 713 266 reuertimini
728 232 745 265 in

43 281 100 314 locum
111 285 195 316 vestrum!
218 284 251 326 Qui
263 284 322 318 statim
333 284 395 318 virtute
406 284 481 318 martiris
493 284 586 327 conpressi,
594 294 633 318 curn
645 282 745 318 contusione

44 340 160 375 recesserunt;
172 334 257 376 presbiter
265 341 322 367 aurem
331 345 401 377 corpore
409 341 425 369 et
436 336 494 368 anima
506 335 597 375 conualuit,
605 334 705 368 miraculum
717 344 746 367 ex-

44 382 104 423 posuit,
120 389 136 416 et
152 385 221 417 beatum
240 384 352 417 Edrnundurn
367 384 494 426 magnificando
509 385 532 417 ad
548 384 585 417 eius
600 383 691 417 ecclesiam
706 393 746 416 curn

44 431 132 464 oblacione
143 433 246 474 properauit.
755 443 764 473 5

47 507 120 583 PUer
127 507 198 551 quidam
210 507 303 551 septennis,
311 519 362 551 super
369 518 420 551 quem
433 509 466 542 olla
479 520 518 542 cum
525 509 570 543 fabis
577 510 687 543 vehementer
698 508 746 543 ebul·

105 558 148 592 liens
159 558 222 594 corruit
234 565 251 593 et
262 558 343 601 incendit,
354 559 404 603 quasi
416 558 434 592 in
445 560 534 602 procinctu
544 560 604 594 mortis
614 571 677 595 nouem
684 559 745 594 diebus

45 608 112 641 iacebat
129 609 217 643 exanimis.
239 611 271 643 Cui
289 616 338 651 pater
356 610 393 643 eius
412 610 512 650 condolens,
531 610 587 651 ipsum
605 620 677 651 puerum
694 610 747 641 beato

45 658 143 699 Edmund0,
151 665 169 693 ut
176 670 215 692 eurn
223 664 297 701 sanaret,
306 659 393 693 offerebat.
416 659 472 692 Puero
482 669 523 692 vero
534 669 565 701 per
576 658 663 692 martirem
674 664 746 692 sanato:

44 715 94 751 pater
101 714 159 743 uotum
167 719 202 743 non
210 708 291 753 impleuit.
312 709 397 752 Apparuit
408 720 448 752 ergo
456 710 516 743 beatus
524 709 628 742 Edmundus
638 709 686 743 fratri
694 708 747 751 ipsius
757 719 776 739 ιο

45 759 98 801 pueri,
106 760 177 793 dicens:
190 758 235 793 ‘Dic
246 759 290 802 patri
302 766 331 793 tuo
339 766 357 793 vt
368 760 464 793 membrum
475 760 527 793 michi
539 760 595 792 soluat
603 760 649 801 quod
660 759 747 801 promisit.¹

46 808 78 842 Cui
89 810 188 853 respondit:
206 810 297 851 ‘Domine,
305 811 351 853 quod
363 811 390 843 uel
397 811 448 853 quale
460 811 556 844 membrum
568 809 646 853 querisi¹
669 810 703 852 Qui
714 809 748 842 ait:

46 859 118 892 ‘Filium
130 871 179 893 suurn
187 871 240 902 quero
248 871 299 902 quem
309 860 362 893 michi
370 860 427 900 vouit;
440 871 491 901 quem
501 860 553 892 michi
565 860 626 898 soluat,
634 865 652 892 vt
659 859 749 900 promisit?

47 909 98 940 Pater
109 915 166 942 autem
177 909 237 942 audita
246 908 312 942 visione
324 909 443 950 commonitus,
451 910 507 952 ipsum
516 919 589 951 puerum
600 908 675 950 glorioso
684 908 749 941 martiri

45 958 115 993 tradidit
123 959 262 1004 obsequendum.¹
758 969 776 1000 15

80 1034 155 1066 Ummus
163 1034 260 1075 imperator,
269 1032 332 1065 sarnam
341 1032 366 1066 sui
376 1032 434 1066 militis
442 1043 477 1065 non
485 1034 540 1066 solum
548 1032 565 1065 in
573 1031 652 1074 propriis,
659 1037 685 1065 set
693 1031 749 1065 eciam

102 1082 120 1115 in
130 1082 200 1116 remotis
209 1088 227 1116 et
237 1082 310 1116 diuersis
319 1083 396 1124 partibus
406 1083 508 1117 excellenter
515 1082 600 1122 attollens,
608 1081 626 1115 in
633 1081 687 1115 natali
694 1080 749 1125 ipsius

47 1133 101 1166 sancti
113 1132 188 1166 martin's
201 1133 288 1166 Edmundi
304 1133 321 1166 in
337 1133 410 1167 ecclesia
425 1133 523 1167 cicestrensi
536 1143 618 1174 magnum
631 1142 662 1175 pro
675 1142 697 1165 eo
709 1132 749 1166 fecit

46 1183 152 1216 miraculum.
175 1183 251 1216 Clericus
262 1183 308 1216 enirn
319 1189 370 1216 nocte
381 1183 410 1215 illa
420 1183 466 1215 cirea
476 1183 529 1215 altare
539 1181 584 1216 beati
594 1181 689 1222 Edmundi,
697 1192 749 1224 super

47 1234 102 1265 voltas
115 1232 179 1266 ibidem
192 1237 312 1274 constructum,
324 1232 428 1273 ministrans,
439 1233 462 1266 ab
474 1232 563 1266 altitudine
574 1231 623 1275 qunsi
633 1230 673 1273 xlvij
684 1231 749 1274 pedum
758 1245 778 1266 20

47 1282 115 1316 corruit.
142 1281 263 1326 incipiensque
275 1293 335 1316 ruere:
354 1293 397 1316 voce
410 1283 480 1326 querula
491 1289 508 1317 et
521 1283 572 1317 anxia
585 1282 653 1316 inuocat
669 1281 750 1316 auxilium

47 1332 121 1366 martiris
132 1332 195 1375 egregii
207 1331 255 1366 cuius
267 1332 336 1366 seruiuit
348 1333 414 1367 honori.
437 1334 481 1367 Cum
492 1338 550 1366 autem
561 1339 600 1375 post
608 1338 674 1365 tantam
682 1332 750 1365 ruinam

46 1393 93 1415 mors
104 1382 195 1424 repentina
206 1388 305 1425 putaretur:
317 1393 358 1416 ecce
369 1382 397 1416 die
405 1383 458 1415 tercia
469 1382 533 1416 meritis
540 1382 595 1416 sancti
603 1382 691 1415 Edmundi
699 1382 750 1424 plene

48 1431 140 1471 conualuit,
153 1437 170 1464 et
183 1440 230 1464 more
242 1430 293 1464 solito
305 1430 382 1464 debitum
395 1431 511 1474 exequebatur
523 1430 642 1472 ministerium,
658 1429 718 1465 dicens
732 1437 749 1464 et

47 1480 138 1522 predicans
145 1481 216 1514 beatum
223 1480 336 1513 Edmundum
343 1479 376 1514 sibi
384 1480 425 1513 dum
433 1481 502 1514 caderet
508 1479 561 1514 fuisse
569 1480 686 1523 suffragatum.
760 1496 779 1524 25

102 1555 184 1588 Onachus
192 1554 262 1597 quidam
270 1554 292 1587 de
300 1555 388 1587 Euesham
397 1554 415 1588 in
426 1554 509 1588 membris
516 1553 593 1587 virilibus
602 1553 668 1587 diutino
679 1554 751 1596 langore

124 1604 213 1646 cruciatus,
221 1614 260 1636 curn
271 1614 303 1636 nec
314 1604 386 1637 medicis
397 1615 430 1638 nec
441 1603 530 1638 medicinis
541 1603 596 1638 curari
607 1609 671 1646 posset,
680 1604 751 1638 beatum

48 1654 160 1688 Edmundum
172 1654 204 1694 piis
216 1654 294 1695 precibus
306 1654 403 1687 invocabat.
425 1656 482 1686 Nocte
493 1654 544 1695 igitur
555 1655 631 1695 quadam
643 1654 723 1696 apparuit
733 1654 751 1685 in

48 1702 114 1736 visione
122 1701 155 1745 ipsi
163 1701 253 1741 monacho,
259 1701 330 1736 dicens:
343 1702 438 1745 ‘Nunquid
446 1703 510 1736 dormis
517 1704 533 1735 l'
544 1705 568 1736 Et
576 1703 675 1746 respondit:
688 1704 692 1722 ‘
699 1704 716 1735 N
718 1703 751 1735 on.¹

49 1754 71 1784 Et
84 1752 142 1784 statim
150 1752 206 1783 visum
218 1757 244 1783 est
256 1751 271 1783 ei
279 1752 326 1795 quod
334 1752 355 1784 de
365 1752 410 1785 lecto
421 1763 460 1785 eum
471 1753 573 1793 extraheret,
581 1752 658 1795 gladium
670 1752 687 1785 in
698 1762 751 1786 manu
760 1766 780 1796 30

48 1809 109 1836 tenens
121 1807 138 1835 et
149 1801 221 1835 dicens:
235 1802 291 1842 ‘Lege
302 1802 349 1844 quod
361 1801 480 1844 scriptumest
492 1802 509 1835 in
521 1802 554 1835 hoc
565 1801 634 1844 gradio!
657 1802 751 1845 lnspiciens

49 1858 107 1886 autern
114 1851 197 1894 gladium,
206 1851 248 1885 vidit
256 1857 272 1885 et
281 1851 321 1893 legit
332 1851 350 1885 in
358 1862 379 1886 eo
387 1851 469 1895 scriptum
477 1864 481 1885 z
493 1853 543 1886 ‘Hec
550 1859 576 1886 est
583 1852 654 1886 victoria
661 1863 696 1896 qua
703 1863 752 1886 mun-

49 1903 90 1935 dum
103 1903 144 1935 vicit
157 1903 280 1941 Edmundus'3
296 1902 386 1944 visumque
399 1908 424 1935 est
438 1902 453 1935 ei
467 1903 514 1944 quod
527 1903 588 1935 beatus
603 1902 707 1935 Edmundus
722 1903 752 1935 illo

49 1950 106 1993 gladio
122 1950 189 1984 infirma
203 1949 247 1983 illius
261 1950 340 1983 membra
352 1950 447 1984 abscideret
453 1949 465 1983 ¹.
487 1950 521 1994 Qui
535 1950 625 1993 euigilans,
638 1957 656 1985 et
668 1952 752 1994 clamans,

49 2002 143 2036 monachos
155 2012 185 2045 per
196 2008 251 2036 totum
263 2001 381 2035 dormitorium
392 2002 478 2036 excitauit.
501 2001 534 2045 Qui
545 2007 653 2036 accurrentes
664 2007 681 2035 et
694 2007 751 2036 cutem
759 2015 779 2047 35

49 2052 165 2086 membrorum
177 2052 254 2093 incisam,
262 2057 280 2086 et
291 2062 372 2094 magnam
383 2052 491 2095 putredinem
501 2052 578 2093 effusam,
585 2052 689 2094 fratremque
699 2051 752 2086 mira-

50 2103 107 2136 culose
115 2109 192 2136 curatum
200 2102 291 2143 intuentes,
299 2102 379 2136 virtutem
386 2101 460 2136 martiris
467 2101 554 2144 magnifici
562 2100 729 2146 com[m]endabant.

94 2177 159 2211 Uidam
170 2176 281 2209 Flandrensis
291 2177 313 2208 ad
322 2176 404 2209 teretrum
414 2176 460 2209 beati
469 2176 557 2209 Edmundi
566 2186 605 2209 curn
614 2175 693 2209 deuotis²
703 2186 752 2210 acce-

115 2226 158 2259 dens
170 2225 269 2268 versipellis,
285 2235 356 2258 aureum
370 2225 432 2258 feretro
447 2224 518 2259 infixum
530 2225 580 2269 quasi
595 2225 698 2259 deosculans
713 2236 752 2258 curn

50 2275 132 2312 dentibus
145 2276 239 2310 conabatur
253 2275 323 2318 eripere.
346 2276 402 2318 Quem
417 2275 478 2309 beatus
493 2275 596 2310 Edmundus
611 2286 646 2310 nort
659 2277 752 2317 sustinens,
760 2290 781 2319 40

51 2327 139 2371 stupidum
151 2327 232 2368 reddidit,
243 2331 261 2361 et
272 2326 341 2360 dentem
353 2326 417 2360 talento
429 2326 518 2360 herentem
529 2326 592 2361 sereno
607 2326 704 2367 coniunxit;
720 2337 753 2360 nec

51 2380 121 2412 dentem
128 2387 160 2410 nec
169 2377 232 2419 pedem
243 2374 404 2419 amouere³potuit
426 2377 543 2410 Accurrebant
551 2387 592 2418 ergo
604 2375 683 2409 monachi
695 2380 712 2408 et
723 2375 752 2408 alii

50 2425 414 2471 plurimi,virtutemmartirisreuerentes‚et
419 2425 455 2458 eius
460 2425 541 2468 pietatem
546 2436 577 2468 pro
583 2425 645 2458 misero
651 2423 751 2458 Flandrensi

51 2477 138 2511 humiliter
145 2481 239 2508 exorantes.
263 2475 296 2517 Qui
304 2476 374 2508 tandem
385 2475 455 2508 martire
465 2476 582 2518 compaciente
591 2475 680 2513 resolutus,
687 2473 753 2507 facinus

91 2570 96 2587 ¹
108 2570 142 2600 MS,
149 2569 253 2600 abscinderet.
340 2568 347 2586 ²
357 2569 392 2599 ltlS.
403 2570 474 2599 deuotus.
565 2569 571 2585 ³
581 2568 615 2598 MS.
622 2576 715 2599 ammonere.
