1762 2803
286 112 331 168 ba
345 110 445 164 sancto
461 110 607 163 brennaco.
755 125 798 168 143

96 233 151 266 deum
163 233 251 277 (dicens):
265 234 327 269 ‘Deus
338 233 472 278 incognitorum
484 234 572 278 cognitor,
582 239 600 268 et
612 233 704 268 reuelator
715 232 798 267 omnium

95 286 264 329 ab(sconditorum)‚
281 288 374 331 deprecor
392 286 505 321 maiestatem
524 292 574 322 tuam
593 291 613 320 ut
632 286 687 320 michi
706 286 797 330 peccatori

95 338 176 382 digneris
185 351 220 384 per
229 346 279 374 tuam
289 350 375 384 magnam
387 339 530 374 misericordiam
543 341 577 374 hoc
590 340 626 375 tuis
640 339 700 373 seruis
714 339 797 374 reuelare

95 393 197 426 secretum!
219 392 260 434 Quo
273 392 326 434 dicto,
338 403 381 426 ecce
394 403 431 425 una
443 403 466 426 ex
478 393 543 427 auibus
556 392 603 428 illis¹
613 391 698 427 uolabat:
712 397 730 425 et
744 401 798 424 sona-

95 443 138 477 bant
146 444 174 477 ale
182 444 222 478 eius
230 444 281 487 quasi
292 444 433 478 tintinnabulum
443 451 506 478 contra
516 456 583 479 nauem
591 445 622 478 ubi
628 446 635 464 ²
642 444 671 478 uir
678 443 708 478 dei
716 444 797 477 sedebat.
807 450 815 480 5

96 495 137 537 Que
148 495 167 529 in
179 498 283 531 summitate
295 507 350 542 prore
362 497 452 540 residens,
463 498 511 542 cepit
524 498 625 532 extendere
638 497 676 532 alas
688 506 732 531 suas
745 496 797 540 quasi

96 549 156 592 (signo
164 549 228 591 leticie,
234 549 259 592 et)
267 549 338 593 placido
346 550 396 584 uultu
404 550 494 594 aspicetre
501 556 590 585 sanetum.
611 550 641 593 Et)
648 550 722 594 agnouit
731 549 760 583 uir
767 549 796 583 dei

95 600 138 644 quia
149 601 263 645 recor(datus
274 601 330 646 esset)
339 603 385 637 deus
396 603 533 647 deprecacionis
544 614 583 646 sue,
591 608 609 637 et
620 603 644 638 ait
654 603 677 637 ad
687 613 752 637 auem:
766 601 797 637 ‘Si

95 654 173 689 nuncius
187 655 216 689 dei
231 667 257 697 es,
270 666 324 690 narra
338 656 393 690 michi
408 657 457 691 unde
469 663 512 692 sunt
524 667 569 691 aues
581 656 622 697 iste,
633 662 664 691 aut
678 666 712 700 pro
725 666 761 699 qua
776 666 796 689 re

95 706 167 740 illarum
183 712 211 742 est
226 707 311 743 collectio
325 708 365 743 hic?
388 709 429 752 Que
444 708 505 743 statim
520 708 556 744 ait:
574 708 624 743 ‘Nos
639 719 703 742 sumus
717 708 740 742 de
755 707 826 742 illa¹10

95 769 162 804 magna
177 760 229 794 ruina
244 760 312 805 antiqui
327 761 395 796 hostis:
412 766 440 795 set
455 762 474 796 in
487 761 558 806 peccati
573 772 637 796 eorum
652 771 743 794 consensu
759 771 796 794 non

95 812 174 853 fuimus;
182 818 210 846 set
215 813 246 846 ubi
252 813 319 847 luimus
327 814 440 857 perlapsum
446 814 494 847 illius
500 813 546 847 reati
552 813 588 856 (!)³,
594 823 635 846 curn
644 812 682 846 suis
690 811 798 845 satellitibus

96 863 171 908 contigit
179 870 197 899 et
209 871 271 900 nostra
283 864 340 900 ruina.
364 865 415 900 Deus
425 871 486 900 autem
498 871 562 900 noster
573 870 591 900 et
602 864 661 899 iustus
671 870 690 899 et
697 874 756 898 uerax
763 874 798 907 per

96 927 149 951 suum
164 928 252 961 magnum
266 917 353 953 iudicium
365 917 414 953 misit
426 929 461 953 nos
471 917 490 952 in
502 918 557 953 istum
569 918 635 960 locum,
646 916 678 951 ubi
689 927 748 961 penas
760 927 797 951 non

96 970 213 1004 sustinemus.
237 970 273 1004 Hic
289 971 406 1015 presenciam
423 972 453 1005 dei
469 971 534 1005 uidere
549 981 654 1015 possumus.
677 971 710 1005 Set
726 975 797 1004 tantum
808 980 826 1010 15

96 1021 169 1057 alienati
180 1033 192 1057 a
204 1022 299 1057 consortio
310 1023 388 1058 aliorum
400 1023 431 1069 qui
442 1023 517 1058 luerunt
529 1022 620 1068 superbi⁴,
630 1032 755 1068 perungamur
763 1033 799 1067 per

96 1075 179 1110 diuersas
192 1081 255 1119 partes
268 1076 317 1110 aeris
330 1081 348 1111 et
362 1075 473 1111 firmamenti
485 1082 503 1111 et
514 1082 612 1118 terrarum,
621 1076 667 1110 sicut
680 1074 710 1110 alii
722 1074 798 1119 spiritus

96 1127 127 1171 qui
135 1127 236 1163 mittuntur.
251 1129 284 1163 Set
291 1129 310 1163 in
321 1129 389 1164 sanetis
396 1130 462 1164 diebus
471 1129 536 1174 atque⁵
544 1129 640 1164 dominicis
650 1128 750 1174 accipimus
758 1139 798 1162 cor-

96 1192 141 1224 pora
149 1182 191 1216 talia
197 1183 256 1226 qualia
264 1193 312 1216 nunc
320 1183 378 1223 uides,
383 1188 401 1217 et
409 1189 544 1217 commorantes
552 1183 586 1223 bie,
591 1182 687 1216 laudamus
694 1187 796 1216 creatorem

96 1240 180 1268 nostrum
185 1234 196 1268 ¹.
219 1235 247 1268 Tu
256 1240 318 1268 autem
328 1236 386 1269 habes
396 1246 437 1269 cum
447 1235 483 1269 tuis
494 1235 579 1270 fratribus
591 1245 648 1269 unum
658 1245 728 1268 annum
738 1235 757 1268 in
765 1239 796 1268 tuo
807 1247 826 1269 ao

96 1286 183 1321 itinere⁶:
200 1287 259 1321 adhuc
272 1293 341 1321 restant
353 1298 392 1321 sex.
413 1287 450 1321 Vbi
462 1287 517 1323 hodie
529 1288 626 1322 celebrasti
637 1298 699 1331 pasca,
710 1287 735 1321 ibi
747 1287 797 1321 omni

96 1350 145 1373 anno
157 1340 269 1374 celebrabis:
287 1346 305 1374 et
317 1346 380 1383 postea
392 1340 476 1375 inuenies
488 1351 525 1384 que
537 1340 650 1384 proposuisti
662 1340 682 1373 in
694 1341 798 1381 cordetuo,

96 1390 115 1424 id
128 1395 161 1432 est,
173 1396 242 1425 terram
254 1391 403 1434 repromissionis
418 1392 533 1425 sanctorum!
556 1391 603 1425 Cum
619 1391 653 1425 hec
666 1390 743 1425 dixisset
757 1390 797 1425 auis

96 1442 132 1485 illa,
140 1443 187 1487 cepit
195 1444 257 1478 uolare
268 1445 291 1478 ad
302 1444 352 1478 alias.
374 1444 541 1489 Appropinquante
549 1445 656 1488 uespertina
667 1444 718 1484 hora,
727 1454 798 1486 omnes,

96 1495 145 1539 que⁷
152 1495 171 1529 in
181 1496 246 1530 arbore
256 1503 313 1538 erant,
321 1506 365 1531 aues
373 1496 425 1540 quasi
433 1508 470 1532 una
478 1507 523 1531 uoce
532 1497 634 1537 cantabant,
642 1501 660 1530 et
670 1496 798 1540 percucientes
808 1508 826 1538 ²5

97 1548 131 1583 alis
137 1548 198 1583 latera
205 1559 244 1591 sua,
250 1548 335 1583 dicebant
342 1561 346 1584 :
359 1549 396 1583 ‘Te
404 1551 457 1584 decet
464 1559 550 1594 ympnus,
556 1550 602 1584 deus
609 1549 628 1584 in
637 1548 700 1593 Syon,’
705 1553 724 1583 et
731 1542 798 1583 cetera.

98 1601 121 1635 Et
133 1612 208 1646 semper
219 1601 356 1646 reciprocabant
368 1602 470 1646 predictum
482 1601 593 1637 uersiculum
605 1602 657 1647 quasi
670 1612 705 1645 per
716 1601 798 1646 spacium

96 1654 151 1687 unius
162 1654 212 1687 hore.
236 1655 259 1687 Et
266 1655 306 1688 uiro
316 1655 345 1688 dei
358 1660 376 1688 et
385 1655 471 1689 fratribus
481 1655 512 1689 illa
521 1655 623 1689 modulacio
634 1660 652 1688 et
662 1665 719 1689 sonus
728 1655 798 1688 alarum

97 1705 150 1748 quasi
168 1705 258 1739 canticum
274 1706 357 1749 planctus
374 1717 409 1750 pro
428 1706 517 1741 suauitate
536 1713 579 1741 erat.
602 1706 655 1741 Hora
669 1707 799 1741 matutinarum

97 1768 162 1792 omnes
177 1769 222 1792 aues
237 1757 270 1792 alis
284 1764 302 1794 et
317 1769 349 1793 ore
363 1760 474 1794 resonabant
487 1759 580 1795 dicentes:
599 1759 691 1794 ‘Laudate
704 1758 799 1794 dominum
808 1769 827 1800 3⁰

97 1821 162 1844 omnes
174 1811 233 1854 angeli
244 1811 295 1846 eius:
307 1811 379 1845 laudate
390 1822 432 1846 eum
444 1822 509 1846 omnes
520 1812 598 1846 uirtutes
609 1812 660 1846 eius!
681 1811 772 1847 Similiter
779 1817 798 1846 ut

97 1864 120 1898 ad
127 1874 222 1907 uesperas,
230 1874 265 1907 per
276 1864 358 1908 spacium
369 1864 424 1898 unius
435 1864 481 1898 hore
492 1875 567 1908 semper
578 1866 679 1899 cantabant.
702 1864 724 1898 ln
732 1875 798 1899 aurora

97 1922 185 1960 ceperunt
201 1922 284 1951 cantare:
306 1917 343 1951 ‘Sit
362 1917 459 1960 splendor’
477 1923 495 1951 et
512 1923 577 1952 cetera.
599 1918 630 1951 Ad
648 1917 723 1951 terciam
742 1928 797 1952 uero:

98 1969 182 2004 ‘Psallite
197 1969 232 2003 deo
250 1975 318 2012 nostro,
333 1970 416 2014 psallite‚¹
432 1975 450 2004 et
469 1976 534 2005 cetera.
556 1970 586 2005 Ad
602 1975 684 2005 sextam:
702 1969 798 2004 ‘Illumina

97 2022 171 2057 domine
182 2022 253 2057 uultum
265 2028 317 2057 tuum
332 2033 389 2068 super
404 2034 438 2057 nos
451 2029 469 2058 et
482 2024 571 2059 miserere
584 2023 651 2059 nostri.¹
674 2024 704 2058 Ad
719 2034 797 2059 nonam:
807 2035 826 2067 35

97 2077 155 2111 ‘Ecce
167 2087 221 2120 quam
235 2077 303 2110 bonum
317 2082 335 2109 et
348 2087 403 2120 quam
416 2076 515 2111 iocundum
528 2077 611 2111 habitare
624 2077 689 2111 iratres
701 2076 720 2110 in
730 2078 798 2110 unum!

98 2128 126 2163 lta
138 2139 183 2163 aues
195 2129 297 2163 reddebant
311 2129 385 2163 domino
400 2129 470 2163 laudes.
492 2128 629 2164 Consummatis
643 2128 662 2162 in
678 2129 743 2163 eodem
758 2128 798 2163 loco

97 2187 137 2216 octo
149 2182 219 2225 diebus,
227 2192 270 2216 ecce
278 2183 307 2216 uir
314 2192 355 2216 cunr
364 2193 399 2225 quo
407 2183 480 2217 suerunt
489 2187 532 2217 ante
542 2193 603 2226 pasca,
611 2181 661 2217 uenit
672 2181 694 2216 ad
703 2181 744 2215 illos
756 2191 823 2233 cumsvr

98 2245 132 2268 sua
145 2235 189 2268 naui
203 2235 259 2278 plena
270 2235 319 2269 uictu
331 2240 350 2268 et
364 2240 420 2278 potu;
436 2241 454 2269 et
468 2234 525 2270 dixit:
541 2235 590 2269 ‘Viri
601 2234 673 2274 fratres,
685 2234 714 2267 bic
726 2233 798 2268 habetis

97 2286 210 2322 sufficIenter
218 2297 277 2331 usque
289 2288 312 2322 ad
322 2288 371 2321 diem
382 2292 465 2322 sanctum
476 2293 599 2331 pentecostes,
608 2292 626 2321 et
636 2286 692 2321 nolite
703 2286 766 2320 bibere
775 2287 799 2322 de
807 2299 827 2329 40

98 2339 132 2374 hoc
145 2340 207 2374 sonte:
223 2341 275 2374 sortis
288 2346 317 2374 est
329 2341 379 2373 enim
389 2342 413 2374 ad
424 2341 530 2374 bibendum.
557 2340 644 2383 Quisquis
657 2351 681 2373 ex
693 2350 715 2372 eo
727 2339 799 2382 biberit,

97 2393 154 2426 irruet
164 2403 221 2437 sopor
229 2403 286 2437 super
295 2403 343 2435 eum,
352 2397 370 2427 et
379 2403 417 2427 non
429 2393 521 2438 euigilabit
532 2403 566 2437 per
572 2392 636 2436 uiginti
646 2397 724 2436 quatuor
734 2392 800 2427 horas?

98 2445 121 2480 Et
135 2452 244 2481 manserunt
258 2446 283 2480 ibi
298 2456 356 2491 usque
371 2446 391 2480 in
405 2447 480 2481 octabas
495 2450 616 2491 pentecostes.
637 2444 691 2481 Tunc
705 2446 800 2491 predictus

117 2514 263 2546 ¹om.inTanner.
315 2515 428 2546 ’Tanneribi
479 2515 575 2546 ³alcreati.
622 2514 799 2555 ⁴al.illorumquistc·

97 2558 154 2586 terunt.
195 2554 491 2587 ⁶a1.0nc-⁸Tanneriuneretuo.
531 2553 649 2594 ⁷Tannerqui¹
