1762 2803
108 104 110 111 ’
125 110 171 164 436
318 105 398 158 tituto
413 101 529 165 bertona
544 102 637 166 tortio.

126 237 185 272 penas
193 225 240 260 iuste
246 224 319 261 ultionis
327 222 464 270 promptissime
472 223 576 270 suscipiam.
596 224 667 269 Quodsi
673 232 788 269 nequaquam
795 220 829 256 hoc

127 281 146 314 in
158 281 205 314 facto
217 279 325 322 contraius,
337 279 371 312 sed
383 289 425 311 cum
438 278 478 311 iure
494 277 533 321 ieci,
545 278 595 313 velut
607 278 647 323 ipsa
658 288 700 312 mee
715 273 830 311 innocentia¹

128 333 196 368 mentis
207 334 252 367 mihi
263 337 351 374 testatur,
363 343 385 366 eo
395 331 486 374 libentius,
495 331 511 366 si
521 331 577 366 vultis
587 332 675 372 occidere,
683 330 729 364 mori
739 328 830 368 desidem,

127 398 163 431 quo
177 397 207 421 me
220 397 253 430 pro
266 384 336 419 iusticia
349 383 428 419 occisum
442 383 518 419 martirii
529 383 587 429 gloria
599 384 723 419 coronandum
737 382 776 417 fore
787 392 830 416 con-

111 447 119 474 5
128 440 199 473 sidero.¹
222 438 247 472 Vt
254 443 316 471 autem
323 438 409 471 viderunt
416 437 476 471 virum
484 442 535 471 tanta
542 438 610 471 mentis
618 437 720 470 constantia
727 435 765 475 niti,
774 433 831 468 nimio

128 496 198 527 terrore
216 489 301 535 perculsi,
317 501 369 525 arma
383 488 481 535 proiiciunt
496 494 514 525 et
532 495 581 525 terre
596 490 742 535 procumbentes,
757 486 831 523 veniam

128 545 237 589 postulando
249 544 283 579 viri
295 543 373 587 vestigia
385 544 452 577 osculis
468 548 537 587 petunt.
566 543 613 577 Data
626 543 686 587 itaque
699 541 831 581 benedictione,

128 608 170 632 cum
191 596 229 632 suis
250 597 349 642 episcopus
374 607 464 641 prospero
484 596 549 631 itinere
570 595 657 641 Angliam
678 606 775 641 regressus
798 598 831 628 est.

129 644 217 695 Cumque
228 651 247 685 in
258 655 350 685 conuentu
362 650 450 684 nobilium
462 661 536 684 causam
547 661 600 684 suam
610 649 652 685 uiua
662 661 707 685 voce
719 648 832 689 defenderet,

103 717 121 737 ro
130 704 212 748 salsoque
227 714 248 738 se
263 708 366 737 accusatum
382 713 403 737 ac
418 703 483 737 iniuria
496 703 615 747 degradatum
630 703 686 738 libera
700 701 832 747 protestatione

129 758 240 798 ostenderet,
257 767 291 790 rex
306 762 368 790 tamen
383 756 447 792 maluit
461 755 480 789 in
496 766 529 790 sua
544 755 640 799 pertinatia
655 761 718 790 contra
733 755 832 798 equitatem

130 810 236 854 perdurare,
244 820 299 853 qnam
308 808 392 851 equitatis
400 808 469 841 ratione
475 819 528 842 suam
533 808 647 852 pertinatiam
655 808 738 851 mitigare
746 820 750 841 :
763 806 832 847 litteras

130 874 178 908 pape
186 861 267 897 tumid02
275 861 321 897 fastu
330 861 420 906 despexit,
428 860 489 905 irrisit,
497 866 515 896 et
523 872 533 895 a
541 873 562 896 se
570 862 634 906 procul
644 862 718 905 abiecit;
731 869 832 904 omnesque

131 916 202 951 nobiles
215 915 296 950 unanimi
308 920 371 950 contra
383 920 466 949 sanctum
478 914 613 958 conspiratione
625 914 728 959 insurgunt,
739 925 760 948 ac
771 912 833 948 multis

103 968 245 1006 15c0ntumeiiis
260 967 346 1009 afficiunt,
362 974 380 1001 et
395 978 406 1000 a
421 966 470 1009 regis
486 973 585 1010 conspectu
603 968 687 1002 auulsum
703 967 781 1002 carceris
796 967 833 1000 imo

131 1020 266 1054 detrudendum
284 1018 379 1063 arripiunt.
413 1018 545 1062 Ermenburgis
568 1024 629 1054 autem
652 1019 720 1064 regina,
742 1019 833 1052 bonorum

131 1071 211 1107 omnium
218 1071 347 1115 persequutrix
352 1077 370 1106 et
376 1070 430 1105 huius
438 1070 529 1105 scismatis
535 1071 610 1114 auctrix,
616 1073 709 1115 capsulam
715 1070 833 1115 reliquiarum

131 1127 155 1159 de
166 1125 225 1170 ipsius
236 1124 282 1158 collo
290 1123 370 1166 abstulit,
378 1135 457 1167 eumque
465 1123 544 1157 feminea
552 1124 660 1168 loquacitate
668 1124 756 1167 derisum,
764 1122 834 1158 abiecit.

131 1178 165 1213 Vir
180 1182 240 1212 autem
255 1178 284 1212 dei
296 1179 319 1212 ad
335 1188 378 1212 suos
391 1187 491 1211 conuersus
507 1177 541 1212 ait:
558 1177 610 1211 ‘Non
624 1188 657 1212 vos
672 1179 755 1222 hecque
770 1176 835 1210 nobis³

105 1243 124 1263 20
131 1231 220 1275 ingeritur
227 1230 292 1265 iniuria
303 1231 368 1272 turbet,
375 1241 410 1264 nec
421 1241 432 1264 a
439 1230 520 1264 veritatis
531 1230 603 1264 tramite
614 1241 687 1274 quoquo
695 1232 750 1264 modo
758 1229 834 1264 deiiciat.

133 1284 168 1317 Pre
176 1282 233 1316 oculis
241 1293 316 1325 semper
324 1282 395 1324 habete,
403 1282 435 1325 qui
441 1282 504 1315 volunt
511 1281 530 1315 in
539 1281 611 1316 Christo
616 1282 646 1326 pie
652 1282 721 1324 viuere,
730 1281 834 1316 necessario

132 1335 267 1370 tribulationem
278 1335 316 1380 pati
327 1341 417 1379 oportere.
441 1334 500 1369 Nemo
512 1334 561 1369 enim
573 1341 674 1378 coronatur,
682 1335 718 1370 nisi
730 1334 761 1381 qui
772 1341 835 1369 contra

133 1390 225 1424 diabolum
237 1389 327 1423 studuerit
338 1389 425 1433 legittime
436 1389 540 1422 decertare.¹
564 1388 587 1422 Et
599 1400 646 1431 ecce,
654 1389 684 1434 qui
697 1401 739 1424 eum
751 1389 835 1423 manibus

134 1442 252 1486 stringebant,
264 1442 334 1476 acriore
349 1442 410 1476 furore
425 1452 449 1476 ex
461 1440 523 1476 verbis
538 1443 577 1475 eius
591 1442 667 1484 accensi,
680 1453 722 1476 eum
736 1443 835 1476 tenebroso

107 1496 152 1538 25in
169 1505 242 1529 carcere
256 1494 337 1529 vinctum
353 1495 474 1529 detruserunt.
503 1487 556 1528 Inter
574 1494 608 1528 hec
623 1495 681 1529 vxor⁴
699 1494 786 1538 prefecti⁶
804 1494 835 1538 qui

134 1552 218 1581 sanctum
226 1546 245 1579 in
253 1547 335 1580 custodia
342 1547 427 1588 habebat,
435 1546 524 1579 acerrimo
535 1546 622 1589 tanguore
630 1552 714 1589 correpta
722 1547 745 1580 ad
753 1551 836 1580 extrema

133 1598 171 1634 vite
184 1598 294 1643 perducitur.
318 1597 356 1631 Sed
370 1609 412 1632 cum
425 1597 523 1643 episcopus
536 1598 600 1632 solutis
613 1599 692 1634 nexibus
705 1600 728 1633 ad
740 1610 781 1633 eam
793 1609 836 1644 per-

137 1653 201 1687 ductus
216 1657 349 1696 esset,aquam
363 1651 456 1686 benedixit
471 1657 489 1686 et
504 1662 561 1695 super
576 1662 616 1686 eam
630 1652 719 1696 sparsitlz
735 1663 769 1687 nec
784 1653 836 1697 prius

134 1716 181 1749 aqua
188 1704 298 1738 infirmantis
306 1705 389 1738 membra
396 1703 459 1748 tetigit,
467 1715 522 1748 quam
530 1704 580 1738 omni
585 1705 672 1749 languore
680 1706 757 1750 depulso
765 1705 836 1739 mulieri

107 1772 127 1802 30
134 1758 215 1802 perfecta
227 1758 295 1790 sanitas
307 1757 365 1791 rediit.
389 1757 483 1791 Preiectus
495 1762 556 1791 autem
569 1757 618 1792 misit
630 1759 653 1792 ad
666 1768 736 1802 regem,
748 1769 789 1793 cum
802 1757 836 1791 hoc

134 1809 242 1845 miraculum
253 1809 335 1851 vidisset,
343 1809 418 1845 dicens:
431 1809 478 1844 ‘Per
488 1810 565 1845 salutem
574 1815 592 1844 et
600 1821 678 1859 regnum
688 1816 738 1846 tuum
747 1816 765 1845 tc
773 1811 836 1845 adiuro

134 1862 219 1908 quatinus
232 1863 347 1897 sacerdotem
359 1862 428 1897 domini
441 1862 546 1899 Wilfridum
560 1877 571 1900 a
583 1876 613 1899 me
627 1864 694 1899 diutius
709 1863 786 1899 detineri
799 1874 836 1898 non

134 1917 202 1952 iacias:
216 1916 263 1960 quia,
275 1915 337 1957 fateor,
348 1915 413 1950 melius
425 1921 453 1951 est
465 1916 510 1951 mihi
522 1919 568 1953 mori
580 1929 634 1963 quam
647 1918 666 1952 in
678 1929 721 1952 eum
731 1917 798 1962 aliquid
809 1916 836 1950 in·

134 1971 221 2004 iuriarum
234 1969 310 2004 ulterius
325 1980 417 2004 exercere.
444 1970 520 2012 Quodsi,
532 1972 566 2006 hac
585 1971 697 2005 adiuratione
713 1972 804 2014 despecta,
818 1970 837 2003 in

107 2033 126 2062 ³5
135 2021 226 2056 sententia
234 2027 265 2055 tua
272 2022 372 2065 persistere
380 2024 444 2064 mauis,
452 2032 482 2056 me
490 2022 544 2057 simul
554 2021 595 2057 cum
604 2035 626 2057 eo
634 2027 726 2057 tormenta
733 2027 751 2058 et
759 2027 837 2057 mortem

135 2075 193 2118 magis
204 2074 263 2108 veile⁷
274 2074 335 2108 subire
346 2085 441 2119 cognosce,
449 2086 504 2118 quam
516 2086 559 2110 eum
570 2075 588 2109 in
600 2074 696 2110 tormentis
707 2075 785 2110 habere!
807 2074 837 2108 Ad

136 2127 170 2160 hec
178 2137 211 2160 rex
221 2127 340 2161 vehementer
350 2126 411 2171 iratus,
419 2128 472 2162 iussit
482 2134 566 2162 sanctum
577 2129 618 2162 duci
629 2129 652 2162 ad
662 2127 717 2162 alium
725 2126 838 2173 prefectum⁸

135 2185 198 2224 vtpote
206 2178 315 2223 fortiorem⁹,
321 2180 425 2225 precipiens
433 2185 452 2216 vt
460 2182 580 2225 compedibus
588 2187 606 2216 et
613 2181 690 2216 vinculiS
697 2181 768 2216 sortiter
775 2182 838 2216 astric-

136 2238 175 2266 tum
185 2232 256 2265 arctiori
270 2232 352 2266 custodie
365 2234 482 2276 manciparet.
505 2234 588 2277 Cumque
600 2235 635 2268 hoc
647 2235 723 2278 implere
735 2238 838 2278 temptaret,

108 2296 129 2326 40
137 2290 190 2328 rupta
204 2283 276 2318 vincula
291 2284 408 2327 dissiliebant,
421 2290 452 2319 aut
467 2291 516 2319 certe
532 2286 611 2330 colligari
627 2297 664 2320 non
679 2286 758 2321 valentia
773 2286 838 2321 diffusa

138 2337 238 2379 cadebant;
251 2342 269 2370 et
282 2348 304 2371 eo
316 2337 377 2371 minor
388 2337 455 2382 ligandi
467 2343 549 2383 potestas
561 2339 650 2383 extiterat,
662 2351 698 2384 quo
710 2341 733 2374 ad
746 2339 839 2384 ligandum

137 2389 209 2425 hostilis
223 2390 285 2424 feritas
303 2390 401 2425 immanius
419 2391 506 2426 seuiebat.
537 2392 586 2427 Dum
605 2393 639 2427 hec
657 2399 760 2438 agerentur,
775 2392 839 2438 regina

157 2480 163 2497 ¹
173 2480 192 2510 E.
200 2481 257 2509 mentis
264 2480 362 2510 innocencia.
420 2480 426 2497 ²
436 2480 454 2510 T.
462 2481 531 2511 tumudo.
592 2482 598 2499 ³
609 2482 627 2511 E.
634 2483 683 2514 vobis.
744 2482 750 2500 ⁰
761 2480 839 2518 Fridegod

137 2529 192 2549 names
200 2521 229 2548 her
238 2520 285 2549 Ebba
327 2519 333 2535 ⁵
343 2520 397 2549 Eadm.
406 2519 498 2556 protriti.
544 2519 550 2537 ⁰
560 2520 579 2551 E.
586 2521 649 2558 spersit.
693 2520 699 2539 ἵ
710 2522 728 2553 Ε.
735 2521 777 2553 velle
784 2520 837 2558 magis.

136 2560 142 2577 ⁸
153 2560 207 2590 Eadm.
215 2559 283 2597 Tydlin;
292 2558 337 2590 Will.
345 2559 398 2591 idaim.
405 2559 478 2601 Tumber.
519 2559 525 2578 ¹
536 2560 556 2591 al.
564 2560 664 2592 ferociorem.
