1762 2803
149 168 212 212 340.
321 206 323 209 ,
341 154 421 211 mona
436 151 672 215 tartarearum„

148 275 226 310 liberum
231 275 353 319 procinctum,
361 274 379 309 id
388 279 421 316 est,
429 275 518 308 ambitum
530 279 548 308 et
560 273 669 307 cimiterium
681 278 795 307 mortuorum
807 272 854 307 cirea

148 339 175 370 se,
183 328 252 372 absque
264 327 363 372 episcopali
371 327 400 362 vel
411 327 506 362 cuiuslibet
518 333 603 370 respectu
611 327 640 362 vel
648 326 743 361 exactione
752 338 755 361 :
769 332 787 360 et
793 326 855 360 omnia

148 393 185 426 que
196 382 218 416 ad
228 382 331 416 libertatem
342 386 359 414 et
371 379 501 415 exaltationem
512 379 561 414 illius
573 379 607 414 loci
618 381 641 414 ad
653 379 742 414 honorem
755 379 785 413 dei
798 378 855 423 perti·

149 436 216 478 nentia,
221 446 255 480 per
263 440 344 469 nostram
352 435 477 469 auctoritatem
485 436 573 469 accedere
581 440 663 479 possunt,
669 434 721 468 hilari
730 439 748 468 et
755 433 855 478 promptis-

131 500 139 529 5
148 489 195 523 sima
203 489 295 523 voluntate
305 489 429 523 concedimus.
452 488 585 522 Possessiones
596 492 657 526 autem
666 498 711 532 quas
722 486 791 531 antiqui
801 497 855 531 reges

148 553 181 576 seu
189 542 293 586 quicunque
301 541 331 575 alii
339 542 468 584 homines‚vos
476 553 549 585 quoque
557 546 575 575 et
582 541 639 576 vestri
647 542 726 575 barones
733 541 756 574 ad
764 540 854 574 eundem¹

148 595 207 627 locum
215 594 321 635 contulistis,
330 600 348 627 et
356 600 415 627 cartas
423 605 460 637 que
468 605 491 627 ex
500 594 527 628 eis
535 595 583 627 facte
590 601 638 635 sunt,
647 594 708 627 diuina
717 600 734 627 et
742 598 805 626 nostra
813 604 855 626 auc-

148 646 220 683 toritate
232 647 344 689 roboramus,
356 651 375 680 et
384 651 433 680 ratas
444 657 465 679 ac
477 645 552 680 stabiles
563 657 605 680 esse
617 646 745 688 decernimus;
761 649 779 678 et
789 644 855 678 infrac-

148 705 198 734 tores
204 709 267 733 earum
273 699 302 733 vel
309 699 410 741 inuasereS,
416 704 447 733 aut
455 699 580 741 diminutores,
586 704 617 733 aut
622 700 744 743 dispersores,
749 698 855 732 venditores

122 764 143 788 ιο,
149 752 208 792 etiam,
214 758 277 786 eterna
284 751 411 786 maledictione
419 763 461 786 cum
468 751 514 785 luda
520 750 613 795 proditore
618 752 770 795 dampnamus,vt
777 752 796 785 in
802 751 855 785 beata

148 816 185 840 non
198 804 276 839 habeant
289 810 360 849 partem
372 804 512 843 resurrectione,
525 804 582 838 seda
597 804 651 839 beato
667 803 721 837 Petro
736 803 819 847 apostolo
834 814 855 838 se

148 859 254 893 iudicandos
262 858 325 901 sciant,
333 860 406 902 quando
414 858 485 892 sedebit
493 869 535 892 cum
543 857 581 892 suis
594 858 708 902 coapostolis.
716 857 799 891 iudicans
811 858 855 891 duo·

148 911 208 947 decim
213 912 271 946 tribus
278 911 340 946 Israel.
351 911 408 945 Vobis
413 922 457 946 vero
463 916 481 945 et
488 910 638 955 posterisvestris
644 911 718 954 regibus
724 911 855 945 committimus

148 966 286 1000 aduocationem
301 970 319 998 et
334 965 429 998 tuitionem
443 963 526 999 eiusdem
539 963 580 1006 loci,
593 969 611 998 et
626 963 707 998 omnium
720 963 774 998 totius
786 963 854 1007 Anglie

122 1030 140 1060 15
149 1018 273 1059 ecclesiarum,
288 1023 308 1052 vt
321 1018 361 1052 vice
376 1023 439 1051 nostra
453 1029 494 1051 cum
509 1016 585 1051 consilio
599 1017 727 1060 episcoporum
739 1021 758 1050 et
770 1017 854 1050 abbatum

149 1070 274 1105 constituatis'2
282 1069 349 1114 ubique
360 1081 396 1114 que
407 1069 455 1103 iusta
466 1074 513 1111 sunt,
522 1069 602 1104 scientes
613 1080 647 1112 pro
658 1069 693 1103 hoc
704 1079 737 1104 vos
749 1073 855 1113 recepturos

148 1122 223 1166 dignam
231 1123 336 1156 mercedem
344 1122 367 1155 ab
375 1133 397 1156 eo
405 1122 456 1156 cuius
465 1132 543 1165 regnum
551 1127 569 1155 et
579 1121 677 1165 imperium
688 1131 725 1155 non
737 1121 809 1155 desinet
820 1131 855 1155 nec

149 1175 240 1209 minuetur
254 1174 273 1208 in
287 1175 380 1208 seculum!
425 1167 508 1209 Sanctus
522 1174 583 1208 enim³
598 1174 701 1208 Edwardus
713 1174 799 1207 tributum
811 1173 854 1207 illud

148 1228 276 1273 grauissimum
283 1229 331 1272 quod
338 1233 420 1272 tempore
427 1227 485 1272 patris
490 1227 518 1261 sui
526 1228 580 1262 classi
589 1228 653 1262 danice
660 1227 776 1271 pendebatur
784 1232 801 1262 et
806 1233 854 1271 post·

122 1293 141 1315 20
149 1283 224 1317 modum
235 1282 279 1315 fisco
291 1281 341 1326 regio
353 1281 482 1324 inferebaturi,
493 1281 543 1325 regia
555 1280 662 1316 liberalitate
674 1281 749 1322 remisit,
758 1286 776 1315 et
786 1282 808 1315 ab
820 1281 854 1316 hoc

149 1346 204 1369 onere
210 1334 319 1379 importabili
324 1335 460 1378 imperpetuum
465 1334 552 1378 Angliam
558 1334 641 1369 absoluit.
660 1334 718 1369 lCum
725 1334 774 1368 enim
780 1334 861 1368 collecta·

149 1390 179 1422 illa
186 1389 264 1432 pecunia
271 1394 313 1422 ante
321 1389 372 1421 illum
381 1389 440 1421 delata
451 1393 505 1428 esset,
514 1388 606 1423 diabolum
618 1399 675 1431 super
686 1388 779 1421 cumulum
788 1388 854 1421 seden-

148 1448 186 1475 tem
194 1446 212 1474 et
219 1442 312 1474 ludentem
317 1441 366 1480 vidit,
373 1446 391 1474 et
399 1451 423 1474 ne
431 1441 509 1483 amplius
518 1441 623 1484 exigeretur
630 1440 713 1484 precepit
719 1440 731 1473 ⁵.
776 1433 827 1474 Cum
835 1441 854 1473 in

149 1493 215 1537 palatio
227 1493 277 1526 iuxta
287 1492 383 1527 ecclesiam
396 1492 444 1527 beati
458 1492 507 1527 Petri
516 1504 549 1527 rex
561 1493 658 1536 aliquando
670 1497 777 1534 moraretur,
790 1503 854 1536 super-

122 1557 140 1587 ²5
149 1546 200 1580 uenit
214 1546 287 1590 quidam
300 1545 329 1580 vir
344 1545 459 1587 miserabilis,
472 1545 584 1579 Hibernicus
599 1557 667 1589 genere
672 1546 683 1589 ⁸,
695 1546 749 1589 pedis
759 1546 854 1590 Vtriusque

150 1599 232 1643 priuatus
242 1598 307 1632 officior
324 1599 381 1632 Nerui
389 1598 438 1632 enim
448 1600 466 1631 in
478 1599 547 1643 poplite
559 1600 646 1632 contracti
657 1600 680 1632 ad
692 1600 804 1643 posteriores
815 1610 856 1642 cor-

149 1652 199 1697 poris
210 1657 272 1696 partes
284 1663 337 1685 crura
348 1656 460 1685 retorserant
466 1651 478 1693 ⁷,
489 1651 519 1685 tali
530 1651 602 1686 natibus
613 1652 725 1693 inheserant,
736 1652 854 1697 immersique
871 1660 873 1664 ’

150 1706 235 1740 carnibus
248 1706 315 1749 pedum
332 1705 407 1747 articuli,
419 1717 430 1738 a
444 1705 510 1738 lumbis
526 1707 565 1739 eius
581 1710 599 1739 et
614 1706 701 1739 deorsum
717 1716 784 1749 corpus
799 1717 854 1741 omne

149 1763 282 1803 peruerterant.
307 1757 398 1791 Porrectis
410 1759 433 1790 ad
445 1763 513 1790 terram
525 1757 615 1799 manibus,
627 1764 645 1792 et
656 1758 737 1792 scamnis
748 1759 854 1802 suppositis,

121 1824 142 1853 30
150 1812 231 1856 repebat,
239 1817 258 1846 et
265 1812 323 1845 factus
330 1811 439 1855 sibimetipsi
447 1812 514 1855 grauis,
522 1812 605 1846 trahebat
613 1823 633 1846 se
642 1817 683 1856 post
691 1823 717 1846 se.
741 1812 776 1846 Hic
788 1812 854 1848 videns

149 1866 197 1908 regis
206 1864 340 1905 cubicularium,
349 1865 373 1898 ait
381 1866 404 1898 ad
412 1875 454 1898 eum
462 1876 466 1898 :
479 1864 587 1909 ‘Hugoline,
594 1864 669 1909 inquit⁸,
676 1876 713 1899 non
722 1876 752 1899 me
760 1866 853 1910 respicies,

148 1928 182 1951 uec
191 1917 313 1957 misereberis,
320 1927 354 1950 nec
362 1917 442 1950 mouebit
450 1922 468 1949 te
476 1917 524 1949 mei⁹
531 1922 582 1949 tanta
590 1917 682 1950 calamitas
689 1919 702 1950 i’
717 1917 739 1950 Et
747 1918 777 1950 ille
785 1930 788 1950 :
796 1918 854 1959 ‘Quid

149 1980 178 2003 me
191 1970 219 2004 vis
232 1969 313 2003 facerei'
344 1969 377 2003 Cui
392 1979 467 2012 pauper,
483 1969 565 2010 ‘Sexies‚
577 1970 641 2013 inquit,
653 1969 777 2013 apostolorum
791 1969 854 2005 limina

149 2033 217 2066 repens
229 2023 255 2064 (vt
266 2021 333 2063 cernis)
345 2021 422 2063 visitaui,
434 2027 453 2054 et
464 2022 562 2055 sanitatem
575 2022 654 2055 necdum
668 2021 766 2064 promerui.
794 2022 853 2064 Quam

122 2088 140 2118 35
149 2081 210 2109 tamen
219 2074 262 2109 mihi
271 2075 395 2119 apostolorum
405 2075 492 2119 princeps
500 2086 537 2109 non
545 2075 624 2119 negauit,
632 2075 665 2109 sed
674 2074 748 2117 distulit,
756 2075 827 2110 socium
835 2077 853 2111 in

149 2130 183 2162 hoc
195 2129 282 2162 miraculo
294 2129 361 2162 habere
372 2128 436 2162 volens
447 2128 564 2168 Edwardum,
572 2138 627 2172 quem
639 2128 674 2162 sibi
682 2128 732 2162 nouit
740 2129 759 2162 in
768 2129 853 2164 omnibus

149 2191 191 2216 esse
204 2182 296 2215 deuotum.
324 2181 355 2214 Ab
369 2183 409 2225 ipso
423 2180 473 2215 enim
488 2181 601 2224 apostolom
613 2181 704 2215 mandatis
716 2181 779 2225 accepi
790 2193 855 2228 regem⁸

149 2236 204 2276 adire,
212 2240 231 2268 vt
241 2244 271 2267 me
282 2245 315 2267 suo
323 2245 375 2267 sacro
383 2234 492 2267 subuecrum
503 2234 558 2267 dorso
570 2235 593 2267 ad
603 2234 699 2267 ecclesiam
710 2234 749 2268 eius
757 2246 793 2278 que
805 2236 853 2278 pala-

148 2287 173 2322 tio
181 2286 241 2321 vicina
249 2292 277 2321 est
284 2286 370 2330 perierat,
378 2292 501 2330 recepturum,
509 2285 525 2320 si
533 2286 551 2320 id
559 2286 628 2328 fecerit,
636 2288 761 2321 membrorum
769 2298 853 2322 meorum

121 2352 141 2381 40
149 2341 239 2383 integram
247 2340 354 2373 sanitatem)
378 2339 418 2373 Hec
426 2339 457 2373 vbi
465 2339 550 2373 nunciata
558 2346 601 2374 sunt
609 2340 653 2384 regi,
659 2340 727 2383 gratias
735 2340 771 2384 agit
777 2341 823 2383 deo,
835 2346 853 2376 et

149 2394 213 2427 citatus
225 2404 269 2427 mox
281 2404 325 2436 eger
336 2393 417 2427 accessit.
441 2393 483 2427 Rex
495 2404 544 2435 vero,
557 2398 576 2427 vt
588 2393 674 2437 spiritalis
685 2393 716 2427 ille
727 2393 790 2428 asinus
802 2394 853 2429 sortis

149 2447 239 2480 accubans
247 2445 266 2479 in
274 2446 363 2487 terminis,
368 2446 465 2489 supposuit
474 2447 560 2479 humeros
565 2456 609 2480 suos
614 2447 637 2479 ad
643 2446 759 2489 portandum.
782 2447 853 2482 Pendet

149 2500 172 2533 de
180 2499 256 2532 humero
264 2499 309 2532 tanti
319 2498 408 2543 principis
418 2499 484 2543 plenus
493 2499 577 2533 sordibus
586 2509 661 2544 pauper,
669 2498 758 2542 squalidis
768 2500 853 2534 manibus

169 2557 174 2574 ¹
185 2557 203 2585 E.
211 2558 284 2587 eundum.
331 2556 336 2574 ²
346 2557 364 2587 T.
373 2558 407 2587 Tw.
415 2557 505 2587 constituas
556 2557 561 2575 ³
572 2558 592 2588 al.
600 2561 657 2588 autem.
706 2556 712 2574 ⁴
723 2557 741 2588 E.
748 2558 852 2590 inserebatur.

149 2596 174 2614 Μ
183 2596 287 2625 Addedfrom
295 2597 332 2626 Chr.
340 2597 443 2634 Bromt.942.
478 2596 728 2628 uNamedGillemiehelinTw.
762 2596 852 2629 ³E.retor-

149 2640 197 2666 serat.
259 2635 332 2666 ”adom
393 2638 475 2667 ”ulmea
