1762 2803
124 132 166 162 212
313 117 393 171 staura
409 115 526 179 letenna
542 116 635 179 antlia.

121 243 163 282 post
178 237 316 282 completorium
330 237 375 272 vidit
390 244 471 272 sanctam
488 238 617 273 Modwennam
632 237 651 271 in
667 237 708 272 loco
725 238 755 273 vbi
774 250 826 276 orare

121 291 192 327 solebat
199 291 250 335 quasi
258 291 351 325 uiuentem
362 297 380 325 et
391 302 457 325 manus
466 291 485 324 in
497 291 577 326 oratione
585 292 608 325 ad
619 291 679 325 celum
690 292 826 329 extendentem.

122 344 182 386 Quam
191 344 234 377 dum
242 343 347 377 tremefacta
355 344 474 387 conspiceret,
483 345 547 377 cecidit
555 355 613 386 prona
621 345 643 377 ad
651 344 709 387 pedes
717 344 757 379 eius
765 351 782 378 et
790 346 827 382 ait:

122 397 213 431 ‘Domina
221 401 283 439 mater,
290 396 333 440 quid
342 407 372 429 me
380 396 432 429 iubes
440 396 523 429 facere?’
546 396 580 429 Cui
587 396 628 430 illa:
641 395 702 429 ‘Vade
711 395 740 430 die
748 398 827 434 crastina

104 455 140 491 5et
151 451 180 484 dic
192 450 285 484 sororibus
297 448 354 484 meis:
372 448 428 483 “Hec
443 449 517 483 mandat
530 449 583 484 vobis
598 454 657 483 mater
671 454 743 484 vestra:
760 451 826 495 Nolite,

122 503 165 546 filie,
173 508 237 547 putare
245 513 275 536 me
283 507 373 536 mortuam
382 514 386 537 z
394 503 437 537 viuo
445 503 495 537 enim
501 513 544 537 vere
553 513 594 536 cum
603 502 678 536 domino
687 503 742 536 lhesu
748 503 827 548 Christo,

122 561 139 590 et
151 555 211 590 audiui
224 566 247 589 ex
257 555 309 589 vobis
321 555 391 599 aliquas
399 555 495 599 loquentes
507 556 529 589 ad
540 556 619 590 inuicem
629 555 648 588 in
660 555 826 599 incompetentibus

121 609 176 651 horis,
188 619 222 643 nec
238 613 323 642 tenentes
339 613 424 642 sanctum
439 607 532 642 silentium
548 607 594 642 sicut
605 607 688 652 oportuit.
718 608 748 642 An
760 609 827 645 excidit

122 662 172 696 vobis
181 662 229 705 quod
237 662 262 695 ait
267 661 368 704 propheta:
378 661 451 696 ‘Cultus
459 660 530 696 iusticie
537 660 630 696 silentium
636 661 662 696 ”l
685 661 752 696 Adhuc
761 672 827 707 corpus

95 717 114 746 '10
121 726 184 750 meum
196 715 287 750 intervos
298 716 413 750 inhumatum
421 715 472 758 iacet,
480 720 498 749 et
509 726 542 749 vos
554 720 591 749 tam
603 713 638 748 cito
649 713 777 749 obliuiscimini
785 716 826 751 doc-

122 769 169 803 trine
180 768 210 803 dei
221 774 239 803 et
251 769 340 813 regularis
351 768 474 811 obseruantie,
483 769 534 803 cuius
546 768 635 803 terminos
644 779 681 802 non
689 768 742 803 vobis
753 771 827 813 expedit

122 822 236 866 aliquatenus
247 821 400 864 transgrediendo
413 821 515 865 preterire!
544 820 608 861 Nolite,
621 820 682 860 filiole,
695 825 825 863 contempnere

122 875 204 917 minima,
212 885 236 908 ne
248 875 294 908 sorte
305 873 392 917 paulatim
403 885 437 918 per
446 873 563 908 minimorum
574 873 705 917 negligentiam
713 873 826 909 offendentes

123 926 281 970 decidatis-quod
289 927 414 960 absit—etiam
423 926 441 960 in
449 926 533 960 maiora.¹'
555 926 583 959 Tu
591 931 652 959 autem
661 927 708 959 vade
719 931 737 959 et
748 937 827 970 prepara

96 991 114 1021 15
123 979 158 1013 iter
165 986 228 1013 tuum:
240 978 326 1024 quoniam
334 983 375 1022 post
383 983 455 1023 septem
466 979 505 1013 dies
516 980 579 1013 venies
590 979 613 1013 ad
625 980 665 1013 me!
689 979 712 1013 Et
720 979 787 1013 factum
799 985 827 1015 est

122 1033 152 1067 ita,
197 1025 248 1067 Cum
256 1038 318 1066 autern
326 1044 393 1076 corpus
401 1038 485 1067 sanctum
494 1033 516 1066 ad
525 1032 615 1066 tumulum
624 1030 731 1075 deferretur,
740 1031 787 1066 sacta
799 1038 826 1067 est

123 1086 215 1121 contentio
223 1096 290 1129 magna
297 1086 320 1120 de
329 1086 413 1120 habendo
422 1096 498 1130 corpore
507 1085 546 1119 eius
557 1085 604 1119 inter
612 1085 753 1127 Hibernienses‚
762 1085 826 1120 Scotos

123 1145 141 1174 et
155 1138 227 1183 Anglos
242 1137 266 1172 ibi
282 1144 412 1183 congregatos:
436 1139 470 1172 sed
485 1139 560 1172 tandem
576 1138 706 1173 Columkillum
719 1138 825 1183 episcopum

123 1193 207 1227 adierunt
215 1197 233 1226 et
241 1192 281 1227 eius
288 1198 358 1225 rectum
367 1191 453 1226 iudicium
462 1191 559 1236 petierunt.
583 1191 618 1234 Qui
625 1197 666 1235 post
673 1191 740 1226 multas
748 1192 826 1236 partium

96 1255 115 1276 20
123 1244 251 1279 altercationes
259 1244 314 1278 dixit:
327 1244 404 1288 ‘Eligite
412 1255 436 1278 ex
443 1244 496 1277 vobis
502 1244 587 1278 omnibus
595 1249 636 1277 octo
644 1245 729 1278 robustos
737 1245 827 1286 homines,

123 1296 154 1341 qui
162 1297 250 1332 feretrum
261 1307 303 1331 cum
314 1297 378 1331 baculo
389 1296 408 1331 in
419 1296 501 1332 humeris
509 1302 587 1341 portent,
596 1301 614 1331 et
625 1307 735 1341 quocunque
743 1297 827 1332 dominus

123 1350 201 1386 voluerit
211 1350 300 1384 feretrum
312 1350 412 1385 deducant!
435 1350 476 1392 Quo
484 1349 535 1392 facto,
544 1350 590 1384 miro
601 1351 655 1384 modo
666 1350 728 1384 diuina
735 1350 828 1384 voluntate

124 1402 219 1448 compulsi,
234 1403 283 1437 versi
294 1405 317 1437 ad
330 1403 416 1447 Angliam
429 1408 478 1437 recto
492 1403 558 1438 itinere
571 1404 666 1438 sanctum²
677 1414 744 1447 corpus
756 1404 827 1437 deferre

124 1461 218 1501 ceperunt.
240 1456 293 1490 Tunc
309 1462 384 1490 sanctus
399 1456 502 1500 episcopus,
517 1457 584 1491 virtute
603 1457 632 1489 dei
651 1456 728 1500 cognita,
744 1456 827 1500 Angliois

96 1521 191 1554 25corpus
209 1516 293 1543 sanctum
312 1510 414 1551 concessit;
433 1512 482 1543 vnde
498 1515 515 1543 et
531 1510 553 1543 ad
572 1510 659 1553 Angliam
678 1510 764 1550 delatum,
779 1510 827 1552 apud

124 1563 247 1597 Andreseiam
258 1562 358 1595 honorifice
369 1562 461 1606 sepultum
473 1567 505 1595 est.
552 1554 654 1606 Postquam
665 1568 725 1595 autem
736 1567 828 1596 monaste·

124 1616 172 1650 rium
180 1617 204 1650 de
212 1615 280 1649 Burton
288 1615 440 1659 superTrentam
451 1615 546 1650 fundatum
555 1621 587 1658 est,
596 1616 673 1660 reliquie
681 1621 745 1651 sancte
752 1616 828 1660 virginis

125 1670 167 1703 illuc
175 1669 263 1703 translate
273 1673 322 1702 sunt.
367 1662 450 1713 Quidam
461 1670 484 1702 de
496 1669 587 1702 nobilibus
599 1669 707 1713 Anglorum,
715 1669 799 1703 tirannus
810 1673 828 1702 et

125 1722 209 1762 crudelis
225 1732 255 1756 res
271 1727 289 1755 et
304 1726 363 1755 terras
378 1722 444 1765 prefati
458 1721 563 1755 monasterii
576 1721 667 1756 violenter
681 1721 752 1762 inuasit,
766 1726 828 1765 portas

97 1788 116 1817 50
125 1773 231 1808 monasterii
244 1773 338 1817 confregit,
351 1778 369 1807 et
382 1774 452 1807 cunctis
465 1773 541 1817 direptis
554 1775 618 1807 domos
634 1775 734 1808 combussit
748 1780 766 1808 et
781 1774 828 1807 abiit.

125 1828 164 1861 Nec
176 1837 233 1867 mora,
246 1825 327 1860 vniuersi
340 1837 381 1859 cum
395 1826 442 1859 duce
453 1837 487 1858 suo
499 1838 509 1859 a
521 1826 631 1860 demonibus
642 1826 727 1870 arrepti³‚
739 1826 787 1860 iusto
799 1825 828 1860 dei

124 1879 190 1916 iudicio
198 1879 281 1914 suffocati
289 1884 337 1913 sunt.
382 1871 433 1914 Cum
445 1879 494 1913 enirn
506 1890 562 1914 vorax
570 1879 644 1914 flamma
655 1879 716 1915 villam
728 1879 828 1919 inuaderet,

124 1934 212 1969 feretrum
227 1930 289 1967 sancte
301 1932 378 1976 virginis
392 1933 476 1966 monachi
492 1938 544 1967 extra
558 1933 653 1968 ecclesiam
667 1934 799 1978 deportarunt:
811 1937 828 1967 et

125 1988 185 2022 statim
194 1986 241 2030 ignis
250 1996 326 2020 cessans
334 1992 388 2029 atque
397 1984 487 2026 resiliens,
493 1986 567 2020 omnino
574 1986 665 2021 extinctus
673 1992 706 2021 est.
746 1980 828 2031 Quidam

97 2053 116 2082 35
125 2041 227 2075 vicecomes
235 2039 254 2073 in
262 2038 366 2082 captiuitate
374 2038 444 2082 positus
454 2038 498 2072 etin
506 2039 561 2073 archa
569 2040 684 2084 superposito
692 2039 762 2084 ingenti
769 2038 828 2082 lapide

125 2093 207 2126 reclusus
220 2102 240 2124 ac
252 2090 374 2134 compeditus,
388 2090 471 2124 inuocata
481 2096 543 2125 sancta
552 2092 622 2135 virgine
636 2092 752 2133 Modwenna,
768 2091 828 2124 statim

126 2144 196 2179 deiecta
203 2149 261 2187 petra,
269 2142 346 2187 diruptis
353 2142 431 2177 vinculis
439 2143 567 2188 confractoque
575 2145 666 2189 ergastulo
675 2144 762 2180 liberatus
770 2149 803 2179 est.

149 2247 197 2291 [MS.
205 2247 245 2280 Tib.
253 2247 309 2280 adds:
434 2247 534 2280 Narratio&

150 2304 225 2346 Nobilis
235 2309 310 2352 quidam
321 2309 371 2342 Brito
385 2308 432 2343 circa
445 2311 497 2344 beate
509 2310 568 2345 Marie
580 2311 690 2354 Magdalene
698 2310 786 2355 obsequia
797 2309 828 2343 de·

126 2369 185 2406 uotus,
193 2362 288 2396 cotidianis
296 2362 381 2406 precibus
389 2363 411 2395 ad
420 2373 473 2395 suum
481 2362 582 2406 presidium
591 2374 632 2397 eam
641 2364 741 2406 inuocabat,
747 2362 827 2406 uigiliam

98 2431 118 2461 40
127 2417 167 2453 eius
175 2416 252 2450 deuotus
260 2415 356 2456 ieiunabat,
364 2420 382 2448 et
394 2415 413 2448 in
425 2416 463 2448 eius
474 2416 520 2449 festo
531 2427 617 2460 magnam
627 2418 739 2461 pauperibus
750 2422 768 2450 et
775 2426 828 2459 pere·

125 2470 185 2516 grinis
190 2468 311 2504 refeccionem
318 2468 393 2513 parabat
399 2473 416 2503 et
421 2468 494 2503 ueniam
500 2469 576 2504 offensis
582 2470 662 2514 (dabat);
671 2482 725 2505 orans
732 2469 804 2504 assidue
809 2471 829 2501 ut

147 2570 181 2601 ¹E.
189 2569 273 2601 silentiam.
309 2568 343 2599 ⁹13.
351 2569 442 2599 secundum.
478 2568 575 2608 ³T.arepti.
609 2569 648 2601 ¹Cl.
656 2571 700 2601 Vino.
709 2570 748 2600 Bell.
758 2568 828 2598 lX.110.
