1762 2803
104 150 145 193 188
231 211 232 214 Ἴ
293 148 372 201 moto
388 145 503 209 termut
519 144 611 209 annito.

102 266 204 302 feriendum
212 268 264 312 quasi
272 268 360 302 minatur¹
367 279 401 303 nec
406 269 466 303 adhuc
471 273 532 303 tamen
540 270 623 313 percutit,
632 280 675 303 mox
683 269 803 314 imploremus

102 322 142 356 eius
153 321 296 356 misericordiam
307 326 325 355 et
335 321 423 356 discussis
432 322 556 366 penetralibus
568 321 628 356 cordis
637 322 700 365 nostri,
711 327 765 367 atque
773 335 803 357 ex-

102 375 184 417 purgatis
198 374 283 407 uitiorum
296 374 387 415 sordibus,
399 374 471 408 solliciti
486 385 510 408 ne
524 385 605 417 unquam
618 376 688 417 percuti
700 386 804 409 mereamur

102 429 188 470 agamus!
231 418 348 459 Venerabilis
361 426 410 459 enirn
423 431 475 470 pater
488 426 580 470 Egbertus
594 426 694 461 monachus
709 427 737 462 vir
752 437 805 462 sanc·

85 487 94 518 5
103 480 189 519 tissimus,
202 479 224 512 de
237 480 288 512 ouius
301 480 441 513 conuersatione
449 487 512 514 sancta
520 486 538 514 et
544 480 641 515 virtutibus
650 480 726 514 inferius
736 481 805 514 mentio

103 531 140 573 fiet,
153 530 197 565 vidit
209 530 289 564 animam
303 530 366 565 Cedd²
377 531 437 565 fratris
451 532 509 576 ipsius
522 542 563 566 cum
577 534 650 576 agmine
663 534 769 576 angelorum
782 534 805 566 de

103 584 142 618 celo
150 583 302 618 descendentium
310 589 328 618 et
336 589 431 628 assumpta
440 595 503 619 secum
514 585 574 619 anima
585 587 643 620 sancti
651 585 713 620 Cedde
723 586 805 630 episcopi

103 638 126 671 ad
141 636 215 671 celestia
229 647 286 680 regna
300 636 366 671 redire.
409 629 443 671 Ad
459 638 546 671 indicium
561 642 622 672 autem
639 639 710 673 virtutis
727 639 766 673 eius
783 639 805 673 ad

103 691 185 723 tumbam
194 699 247 722 suam
257 690 322 723 crebra
330 689 428 723 sanitatum
438 691 524 723 miracula
532 692 604 733 operari
612 692 676 725 solent.
700 692 806 725 Freneticus

77 756 95 778 ιο
105 742 153 775 enirn
162 742 241 784 quidam,
249 743 293 775 dum
301 752 334 785 per
343 748 407 775 cuncta
413 743 491 775 errando
496 742 613 785 discurreret,
618 754 703 786 vespere,
709 744 807 777 nescienti·

105 795 139 829 bus
147 795 187 829 siue
195 805 232 827 non
240 794 345 828 curantibus
354 794 388 828 loci
398 795 511 838 custodibus,
520 796 562 828 illuc
570 796 631 829 venit:
643 800 662 829 et
671 801 708 829 tota
718 801 771 829 nocte
782 796 807 829 ibi

104 847 207 892 quiescens,
214 853 278 881 sanato
286 858 340 882 mane
348 859 405 882 sensu
411 848 481 882 cunctis
487 848 596 882 mirantibus
604 859 691 893 egressus
697 854 730 883 est.
753 849 808 893 Aqua

105 912 177 944 quoque
188 901 207 933 in
217 912 253 944 qua
263 901 324 944 puluis
336 901 428 945 sepulchri
441 902 480 935 eius
492 902 546 935 fucrit
559 903 657 945 admixtus,
668 908 734 946 potata,
745 902 807 936 multis

105 954 240 989 infirmitatibus
248 954 307 989 ablata
314 954 398 989 molestia
405 954 511 998 sospitatem
519 954 602 990 conferre
610 955 661 989 solet.

212 1099 227 1135 ἹῘ
240 1091 273 1132 DE
284 1108 354 1132 SANCTO
367 1090 435 1132 CLnuo
447 1108 561 1132 PRESBITERO
573 1109 596 1132 ET
607 1108 702 1133 MARTYRE.

79 1191 226 1268 15TEmp0re
239 1190 312 1234 gloriosi
326 1191 375 1234 regis
386 1191 490 1235 Anglorum
504 1190 596 1225 Edmundi
608 1190 640 1225 suit
655 1190 674 1225 in
687 1190 759 1225 ciuitate
773 1202 808 1235 que

166 1243 273 1278 Orchestria
285 1243 384 1277 vocabatur
396 1242 424 1277 vir
437 1243 512 1286 quidam
525 1254 549 1276 ex
562 1254 630 1286 genere
644 1243 740 1276 consulum
753 1249 809 1284 ortus,

106 1296 181 1331 nomine
193 1295 300 1338 Edwardus,
310 1295 341 1339 qui
350 1295 432 1330 moribus
443 1295 520 1339 pollens,
531 1295 628 1330 virtutibus
640 1296 753 1331 reuerendus
763 1296 809 1331 mul·

106 1350 166 1393 tisque
179 1348 232 1382 bonis
245 1349 331 1392 operibus
347 1349 442 1392 effulgens,
456 1359 497 1382 cum
509 1359 567 1383 uxore
579 1359 613 1383 sua
627 1349 662 1382 deo
674 1349 740 1383 deuota
754 1349 809 1382 deum

107 1402 173 1446 iugiter
184 1401 271 1436 exorabat
283 1401 368 1446 quatinus
378 1412 435 1436 vnum
447 1401 474 1436 eis
485 1401 549 1445 filium,
559 1411 592 1436 sue
603 1401 691 1437 voluntati
702 1412 737 1446 per
748 1402 810 1436 omnia

80 1467 99 1488 ao
107 1456 228 1497 obedientem,
237 1456 318 1489 donaret.
342 1455 424 1497 Quorum
433 1461 476 1488 vota
486 1465 510 1488 ex
520 1456 556 1488 alto
567 1456 612 1489 deus
623 1454 743 1499 prospiciens,
751 1455 810 1488 filium

108 1508 189 1542 moribus
200 1507 292 1551 preditum
302 1512 320 1540 et
329 1507 404 1540 nomine
415 1507 489 1541 Clarum
498 1507 525 1540 eis
534 1506 612 1550 prebuit,
635 1508 701 1549 Quem,
709 1507 773 1541 litteris
782 1508 810 1541 in-

108 1566 204 1602 structum,
213 1560 255 1603 iugo
265 1559 393 1593 matrimoniali
405 1559 517 1602 coniungere
528 1559 655 1603 disponebant.
681 1560 733 1602 Quod
746 1560 810 1594 beatus

109 1614 173 1647 Clarus
182 1612 233 1655 quasi
241 1612 310 1646 crimen
318 1622 413 1655 respuens,
422 1611 492 1655 solique
500 1612 534 1646 deo
541 1611 603 1646 verbis
614 1616 632 1646 et
642 1612 728 1656 operibus
737 1623 810 1654 vacans,

109 1670 196 1710 parentes
206 1670 223 1698 et
233 1664 310 1708 patriam
321 1664 382 1698 diuino
394 1664 451 1698 fretus
460 1664 527 1698 auxilio
537 1664 638 1708 dereliquit,
648 1669 666 1698 et
677 1665 753 1698 transito
764 1664 811 1699 mari

81 1731 100 1761 25
109 1719 128 1753 in
137 1717 227 1759 Neustria,
233 1717 251 1752 id
259 1724 287 1752 est
296 1717 413 1760 Normannia,
420 1718 469 1762 apud
477 1717 551 1751 Cesaris
560 1716 653 1761 Burgumi
661 1716 753 1762 applicuit.
772 1717 810 1752 Sed

109 1777 207 1815 antequam
214 1772 310 1804 heremum
316 1771 396 1811 intraret,
403 1772 495 1813 quendam
502 1770 610 1804 heremitam
618 1781 652 1813 per
657 1770 738 1804 medium
745 1781 811 1815 corpus

108 1824 189 1867 grauiter
201 1823 317 1856 vulneratum
332 1822 423 1866 repperit:
443 1833 498 1865 quem
513 1822 639 1856 misericordia
654 1828 714 1857 motus
729 1822 811 1857 oratione

108 1876 200 1922 premissa
207 1875 284 1920 pristine
292 1874 365 1909 sanitati
373 1873 456 1909 restituit.
479 1874 503 1908 Et
514 1874 587 1909 laudern
599 1874 655 1909 seculi
662 1875 720 1910 vitare
729 1875 811 1919 cupiens,

108 1931 131 1964 acl
139 1928 271 1964 monasterium
281 1929 300 1962 in
309 1939 344 1973 quo
355 1934 429 1962 sanctus
437 1928 542 1961 Odobertus
551 1928 629 1971 degebat
637 1927 687 1969 adiit,
695 1933 713 1961 et
722 1928 812 1961 heremita

48 1982 51 1989 '
81 1994 100 2024 30
109 1988 183 2017 sanatus
195 1982 260 2016 ceteris
271 1981 357 2016 fratribus
368 1981 463 2016 heremitis
472 1980 533 2014 omnia
544 1991 580 2024 que
591 1981 625 2015 sibi
635 1981 748 2025 contigerant
760 1992 812 2015 enar·

108 2036 159 2070 rauit.
176 2034 212 2077 Qui
220 2045 284 2070 omnes
290 2035 387 2069 heremum
395 2040 484 2069 exeuntes
492 2039 510 2069 et
518 2035 541 2068 ad
549 2034 623 2069 beatum
629 2035 704 2069 Clarum
709 2034 812 2076 venientes,

109 2090 178 2133 absque
187 2087 237 2121 omni
244 2087 310 2121 indicio
317 2087 378 2122 uultus
386 2087 485 2121 serenitate
492 2092 511 2120 et
520 2087 613 2120 alacritate
623 2097 665 2120 eum
675 2092 812 2131 cognoscentes

109 2142 187 2186 genibus
195 2140 234 2175 eius
242 2140 332 2184 prouoluti
342 2141 438 2174 dixerunt:
451 2140 477 2174 ‘O
489 2138 571 2174 amabilis
582 2139 611 2174 dei
624 2139 687 2181 amice,
697 2144 715 2174 te
726 2150 812 2184 rogamus

110 2195 177 2228 obnixe
190 2198 209 2228 vt
222 2193 291 2237 aliquid
304 2193 373 2227 consilii
389 2193 441 2227 nobis
456 2193 529 2237 aperias
542 2203 579 2237 quo
590 2192 679 2227 ludibria⁴
690 2193 744 2227 huius
755 2192 812 2227 seculi

82 2258 100 2288 ³5
110 2248 196 2289 deuitare,
211 2252 229 2280 et
244 2251 286 2291 post
300 2251 378 2280 mortem
393 2245 464 2279 animas
480 2245 553 2279 Christo
568 2246 647 2279 reddere
661 2245 766 2280 ualeamus)
789 2245 813 2279 Et

110 2301 150 2336 ille:
170 2300 253 2343 ‘Audita
268 2299 339 2342 fratres,
354 2300 411 2334 verba
426 2297 494 2333 Christi
512 2297 589 2332 dicentis
605 2297 656 2339 “Qui
670 2297 709 2332 vult
723 2301 765 2341 post
782 2308 813 2332 me

109 2354 179 2396 venire,
189 2354 267 2397 abneget
280 2352 400 2396 semetipsum
410 2357 428 2386 et
441 2352 491 2385 tollat
502 2362 575 2386 crucem
587 2361 640 2385 suam
652 2355 671 2384 et
681 2357 768 2394 sequatur
778 2362 812 2385 me.

111 2407 181 2452 Diliges
188 2404 283 2440 dominum
291 2406 346 2440 deum
354 2411 405 2439 tuum
414 2416 438 2439 ex
445 2409 483 2438 toto
493 2405 549 2439 corde
558 2409 589 2438 tuo
601 2409 619 2437 et
629 2414 653 2437 ex
664 2407 701 2437 tota
709 2402 769 2437 anima
777 2409 813 2445 tua,

112 2465 129 2493 et
141 2459 246 2504 proximum
257 2464 308 2492 tuum
320 2459 366 2492 sicut
377 2459 462 2502 teipsum.
485 2458 507 2492 In
519 2458 548 2492 his
560 2457 628 2500 quippe
640 2458 711 2490 duobus
722 2457 813 2492 mandatis

83 2528 103 2557 40
111 2512 196 2546 Vniuersa
203 2511 234 2546 lex
242 2512 310 2556 pendet
318 2516 336 2545 et
343 2512 448 2556 prophetel'
472 2511 532 2545 Deum
539 2520 583 2544 vero
593 2508 669 2552 diligere
680 2520 703 2544 ex
713 2514 750 2544 toto
759 2511 813 2544 corde

132 2596 187 2625 1Βεεᾱ.
195 2595 268 2625 minitans
276 2595 331 2625 erexit.
376 2593 473 2625 lucedii.
518 2593 651 2633 ³=cherb0urg.
695 2593 813 2625 *Eludubriu
