1762 2803
257 104 303 160 be
318 102 418 156 &conc
434 102 568 163 matathia.
721 107 763 160 167

64 234 139 269 corpora
155 223 307 268 [reiquiescerent
314 223 325 266 ¹,
342 233 419 258 currens
437 228 455 258 et
474 233 495 258 se
514 223 580 258 mediis
596 222 676 257 flammis
690 222 764 257 immer-

63 289 113 323 gens,
125 276 214 321 expansis
226 276 305 311 brachiis
317 287 368 310 aram
379 276 498 320 amplexatur.
521 277 569 319 Quid
581 277 605 310 ibi
617 277 686 317 fecerit,
697 276 765 319 quidue

63 330 147 373 senserit,
164 341 220 364 nemo
235 330 265 374 qui
283 330 340 372 sciat;
356 330 389 364 sed
406 330 454 373 quod
472 329 551 374 amplius
569 329 623 363 solito
640 328 703 364 celesti
722 329 764 373 igne

63 394 163 418 succensus
182 394 206 417 ex
222 382 253 417 illo
272 382 314 427 igne
333 383 403 424 exierit,
419 383 495 417 fratrum
511 384 541 427 qui
561 393 602 417 cum
618 393 640 417 eo
655 387 707 417 erant
722 388 765 417 tunc

62 448 104 472 reor
123 437 216 470 neminem
235 447 277 471 esse
296 436 328 480 qui
346 429 549 480 nesciat—Arrepto
567 437 643 470 tandem
662 436 727 470 itinere
745 442 782 476 vt5

63 500 113 524 mare
129 490 221 531 transiret,
238 500 286 523 vnus
303 489 378 523 fratrum
394 489 450 522 flebili
465 500 510 523 voce
526 494 544 523 et
557 489 608 523 vultu
623 489 659 523 ait:
677 488 730 522 ‘Heu
745 494 764 522 tu

63 544 107 583 abis,
122 547 140 575 et
156 541 175 574 in
192 548 260 585 quanta
275 551 305 574 me
317 541 422 585 quotidiana
436 541 534 576 vexatione
547 540 624 582 deseris,
637 550 674 575 non
685 541 764 584 ignoras,

62 606 96 629 nec
108 595 146 629 fers
158 604 213 638 opem
226 595 313 629 misertus
328 593 387 628 meii’
410 593 443 628 Cui
457 593 545 628 misertus
556 593 660 638 episcopus,
672 592 764 636 impresso

62 647 131 692 pectori
146 646 185 681 eius
200 647 253 691 signo
269 646 339 681 crucis:
358 648 435 689 ‘certus
450 646 514 690 inquit,
530 651 569 681 esto
584 647 615 681 teu
634 645 722 681 eiusmodi
739 646 765 681 nil

62 711 165 744 passurum,
181 701 240 734 donec
259 701 343 735 redeam.¹
367 700 412 734 Erat
427 700 516 744 [autem]³
531 699 639 744 epilenticus
655 704 673 733 et
688 699 765 733 cadebat
775 711 793 732 ro

62 754 178 797 frequenter:
197 759 215 786 et
231 763 255 786 ex
270 752 301 786 illa
316 753 345 787 die
361 753 442 797 perfecte
457 752 530 787 sanitati
544 752 632 795 redditus,
647 751 715 796 gratias
729 752 765 785 deo

62 806 104 850 egit.
149 799 173 840 ln
184 805 225 850 ipso
237 808 289 840 nauis
301 817 379 841 ascensu
391 806 480 840 accedunt
492 807 528 839 duo
540 806 570 849 qui
582 805 688 839 familiarius
700 804 717 838 ei
732 806 764 838 ad-

62 859 157 899 herebant,
172 863 257 902 petentes
272 857 339 902 aliquid
355 858 419 892 abeo.
442 857 514 899 Quibus
528 857 559 892 ille
572 856 667 892 concessit.
691 856 713 890 Et
726 856 763 891 illi:

62 911 166 950 ‘Volumus
181 910 271 954 inquiunt,
287 910 340 943 nobis
358 910 440 954 promitti
457 917 475 943 te
491 911 509 943 in
525 910 634 944 Hiberniam
653 910 763 943 incolumem

62 963 138 997 reuerti.¹
161 963 213 998 Tunc
229 964 259 998 ille
272 964 295 999 de
310 964 403 1009 promisso
418 962 501 1009 penituit,
515 963 573 999 tristis
588 968 651 999 tamen
664 961 733 1005 annuit,
746 969 764 998 et
775 977 792 1009 15

62 1028 128 1051 nauem
147 1017 235 1051 ascendit.
269 1017 379 1062 Cum[que]⁴
398 1018 435 1052 iam
453 1017 491 1052 fere
510 1017 591 1052 medium
610 1017 645 1051 iter
663 1026 763 1061 equoreum

62 1069 182 1113 peregissent,
195 1070 255 1104 subito
267 1071 369 1104 contrarius
381 1076 448 1104 ventus
464 1081 530 1104 nauem
543 1069 615 1114 repellit
628 1075 646 1104 et
661 1070 680 1103 in
696 1076 764 1103 terram

62 1122 151 1157 Hibernie
159 1122 234 1157 reducit.
258 1123 378 1157 Descendens
390 1124 414 1157 de
425 1123 473 1166 naui,
482 1124 500 1157 in
509 1123 587 1167 quadam
599 1122 676 1157 ecclesia
687 1132 763 1166 pernoc-

61 1176 105 1210 tauit
118 1182 136 1209 et
150 1175 212 1210 diuine
228 1176 303 1210 consilio
318 1176 433 1219 prouidentie
447 1176 495 1210 letus
509 1176 577 1219 gratias
592 1176 634 1218 egit.
657 1174 681 1209 Et
696 1185 762 1209 nauem

61 1230 138 1268 intrans,
153 1227 172 1262 in
188 1228 268 1263 Scotiam
283 1238 372 1272 prospere
388 1228 487 1273 applicans,
502 1239 537 1273 per
550 1228 636 1272 Angliam
652 1227 728 1270 transiit,
746 1233 763 1262 et
773 1243 792 1264 ao

62 1282 136 1315 tandem
151 1283 200 1324 apud
214 1282 286 1315 Claram
299 1282 372 1315 Vallem
387 1282 467 1315 deuenit.
489 1283 525 1323 Qui
540 1292 551 1315 a
566 1282 651 1315 fratribus
666 1286 763 1323 susceptus

63 1339 90 1367 est
109 1339 196 1377 tanquam
211 1344 267 1368 verus
282 1334 304 1367 ab
320 1333 414 1367 occidente
429 1334 506 1367 veniens
521 1333 598 1367 visitans
613 1343 647 1366 nos
662 1333 724 1366 oriens
739 1344 764 1366 ex

61 1385 101 1419 alto.
147 1379 187 1420 Die
205 1391 266 1420 autem
285 1385 334 1420 beati
353 1385 403 1420 Luce
422 1386 540 1432 euangeliste,
559 1386 616 1421 missa
634 1388 653 1420 in
672 1392 763 1421 conuentu

62 1440 128 1473 deuote
143 1440 239 1482 celebrata,
252 1439 303 1474 febre
318 1444 414 1484 correptus
429 1439 476 1474 lecto
491 1440 580 1474 decubuit.
604 1439 626 1475 Et
640 1450 683 1474 ecce
697 1439 763 1473 fratres

62 1502 125 1526 omnes
139 1491 203 1526 soliciti
215 1497 267 1525 erant
279 1493 326 1526 circa
337 1493 424 1536 frequens
436 1492 569 1527 ministerium:
582 1493 714 1526 medicamenta
722 1503 764 1536 per·
773 1506 791 1535 25

62 1544 141 1585 quirere,
152 1544 234 1577 fomenta
245 1544 339 1586 adhibere,
350 1544 413 1588 sepius
424 1545 447 1578 ad
459 1546 571 1588 gustandum
582 1555 652 1587 vrgere.
675 1545 705 1578 Ad
717 1555 764 1588 quos

61 1595 102 1629 ille:
119 1596 175 1628 ‘Sine
191 1605 251 1637 causa,
265 1596 329 1639 inquit,
342 1597 388 1630 hee:
405 1597 439 1630 sed
452 1597 539 1630 charitate
550 1596 607 1630 vestri
619 1596 665 1630 facio
677 1596 763 1639 quicquid

61 1646 158 1691 iniungitis.
181 1647 258 1691 Oportet
274 1648 308 1682 hoc
323 1659 372 1681 anno
388 1648 496 1682 Malachiam
509 1649 561 1682 exire
577 1650 600 1682 de
617 1660 698 1693 corpore.
720 1649 764 1683 Scio

62 1700 110 1733 enim
126 1701 154 1734 cui
170 1701 244 1743 credidi,
258 1706 276 1734 et
292 1707 352 1734 certus
367 1712 409 1735 sum
425 1712 461 1735 non
476 1701 575 1736 fraudabor
590 1701 661 1745 reliquo
677 1701 763 1736 desiderii

62 1753 103 1794 mei,
115 1754 146 1796 qui
158 1758 229 1796 partem
243 1753 279 1787 iam
292 1758 358 1787 teneo:
371 1753 407 1795 Qui
417 1764 448 1787 me
458 1764 492 1788 sua
504 1753 629 1788 misericordia
641 1754 727 1798 perduxit
740 1755 763 1788 ad
772 1763 792 1792 30

62 1804 121 1839 locum
134 1806 202 1850 quem⁵
214 1805 264 1851 petii,
278 1805 392 1850 [terminum]
404 1807 468 1850 que[m
479 1807 547 1851 elque⁰
559 1806 608 1842 volui
619 1818 656 1841 non
667 1807 740 1851 negabit
746 1807 764 1841 ἲ]

62 1857 145 1903 Denique
156 1859 250 1904 inungitur
261 1865 279 1893 et
289 1864 363 1903 sumpto
374 1859 439 1893 viatico
452 1860 476 1894 ad
487 1860 554 1894 lectum
565 1860 668 1894 reuertitur.
692 1860 763 1895 Iacebat

61 1911 109 1945 enim
125 1912 143 1946 in
159 1912 232 1953 solario,
248 1922 282 1946 nec
297 1912 383 1946 sustinuit
398 1912 446 1956 quod
460 1918 562 1946 conuentus
578 1913 601 1946 ad
614 1922 634 1946 se
649 1913 764 1955 ascenderet,

61 1964 94 1996 sed
105 1964 146 2008 ipse
158 1966 181 1998 ad
193 1974 225 1997 eos
237 1964 336 2005 descendit,
348 1969 367 1997 et
379 1969 439 1998 tamen
454 1969 531 1998 mortem
547 1964 566 1998 in
581 1964 640 1998 ianuis
655 1973 697 1998 esse
712 1964 763 1999 dixit.

62 2007 115 2049 Obiit
127 2021 187 2050 autem
200 2022 264 2060 quarto
276 2026 334 2050 nonas
346 2016 457 2058 nouembris,
468 2028 517 2050 anno
530 2016 599 2050 domini
613 2016 710 2051 millesimo
721 2028 763 2052 cen·
771 2033 790 2063 35

61 2068 126 2103 tesimo
135 2069 274 2114 quadragesimo
282 2075 350 2111 octauo,
359 2069 403 2113 [et]⁸
411 2069 464 2104 etatis
472 2079 506 2104 sue
512 2069 664 2114 quinquagesImo
672 2076 741 2114 quarto.

83 2186 125 2229 [Ms.
132 2188 172 2221 Tib.
181 2189 238 2222 adds:
369 2188 467 2221 Narratiot

83 2252 166 2304 Quidam
178 2270 219 2296 cum
232 2259 269 2295 filio
282 2270 316 2295 suo
329 2259 417 2295 ablactato
431 2260 489 2296 factus
504 2265 532 2295 est
545 2260 652 2296 monachus.
674 2259 764 2303 Quicum

61 2310 119 2347 factus
132 2313 197 2347 fuisset
210 2313 288 2355 iuuenis,
301 2318 389 2356 ceperunt
404 2313 494 2347 demones
508 2314 618 2358 impugnare
633 2319 651 2347 ct
667 2314 764 2350 sollicitare

61 2373 108 2400 eum.
131 2365 154 2400 Et
167 2366 212 2400 dixit
223 2366 270 2410 patri
284 2377 328 2401 suo:
341 2366 403 2401 ‘Vado
414 2367 438 2401 ad
450 2366 554 2409 (seculum),
562 2367 648 2412 quoniam
662 2379 699 2402 non
711 2368 764 2403 ualeo

62 2420 143 2453 carnales
150 2420 323 2463 concupiscenttias)
330 2421 431 2453 sustinere.¹
448 2419 503 2453 Pater
511 2426 572 2455 autem
580 2421 708 2455 consolabatur
715 2431 764 2456 eunt.
772 2435 792 2465 40

81 2474 85 2491 ¹
96 2476 114 2506 E.
122 2478 227 2514 quiescerent.
275 2478 281 2494 l
292 2478 310 2507 E.
318 2481 374 2507 estote.
414 2476 420 2493 ³
430 2477 448 2507 T.
455 2482 517 2512 autem:
527 2478 546 2508 Ε.
553 2478 601 2508 enim.
652 2478 657 2496 ⁸
667 2488 686 2508 so
693 2478 722 2513 T.;
733 2488 763 2516 que

62 2516 116 2545 emin
125 2517 143 2547 E.
193 2517 288 2554 ⁵E.qnam.
332 2516 444 2550 θεοῐΙίΜΤ.
453 2526 519 2554 queque,
527 2518 545 2548 Ε.
554 2518 618 2556 quique
626 2527 662 2556 que.
702 2517 737 2547 1Τ.
745 2520 763 2548 Ε.

61 2556 128 2591 negauit.
169 2556 175 2573 ³
186 2565 216 2585 om.
224 2556 240 2585 in
248 2557 266 2585 E.
308 2557 314 2573 ⁹
324 2556 348 2586 Cf.
356 2556 387 2585 Vit.
395 2556 435 2586 Patr.
444 2564 459 2593 p.
467 2557 501 2594 879.
