1762 2803
100 164 102 171 ν
130 141 172 192 672
199 108 201 112 ’
392 134 516 195 anomala
534 136 565 179 11.

130 259 161 291 sub
173 258 226 292 tutela
237 264 254 292 et
266 258 365 293 defensione
377 259 448 292 ecclesie
459 270 530 292 romane
540 265 558 292 et
567 258 598 292 sub
610 257 655 292 beati
665 259 710 292 Petri
718 258 754 292 iure
762 264 779 291 et
786 268 832 301 pape

129 308 243 350 proteccione,
255 309 373 351 disposicione,
385 309 488 351 prouisione,
500 308 625 349 iurisdictione,
638 319 679 342 cura
692 316 710 342 et
723 308 833 351 proprietate,

130 359 167 390 sine
177 358 235 390 medio
245 364 263 392 et
272 360 337 392 nulium
345 360 411 393 habens
419 366 476 403 preter
482 361 581 393 Romanum
589 358 687 401 pontificem
697 358 798 401 episcopum
806 358 833 391 vel

130 407 235 450 magistrum,
244 414 331 452 tamquam
340 410 383 443 filius
395 410 479 452 specialis,
488 409 546 452 (Alex.
557 410 579 443 II
583 409 606 450 Μ)
615 420 655 443 cum
663 409 743 442 omnibus
750 409 780 452 qui
788 419 834 441 nunc

113 468 122 497 5
131 459 162 491 sibi
171 459 206 492 iure
214 460 299 501 pertinent
307 465 336 494 aut
347 460 364 493 in
374 460 450 494 futurum
459 461 492 495 deo
503 467 588 494 annuente
597 459 621 494 ibi
632 460 736 494 conferenda
745 466 789 501 sunt,
797 461 834 492 sine

130 509 177 542 omni
185 510 265 544 molestia
272 516 289 543 et
297 511 414 554 inquietudine
426 512 514 554 consistat,
522 518 539 545 et
550 512 568 545 in
579 512 675 545 monastico
684 511 744 544 ordine
751 517 833 554 perpetua

131 559 224 593 stabilitate
236 568 348 604 permaneam
367 563 406 596 Nec
419 563 477 606 aliqua
490 569 565 605 potestas
580 562 661 596 secularis
674 567 704 595 aut
715 560 834 594 ecclesiastica

131 610 205 643 eundem
213 612 328 644 venerabilem
336 614 393 645 locum
400 613 423 645 ad
431 614 547 655 episcopalem
555 612 614 645 sedem
621 617 681 652 mutet,
690 610 780 653 (Colimus
787 612 799 644 J
812 610 834 653 ας)

131 660 155 692 Et
163 658 177 692 si
185 660 232 693 iocus
240 662 258 694 in
266 662 365 704 episcopatu
375 663 425 697 luerit
433 668 547 696 commutatus
555 668 572 696 et
580 661 681 706 episcopalis
689 661 713 696 ibi
721 661 835 696 constituatur

105 724 123 745 10
131 711 187 753 sedes,
202 713 258 745 nullus
273 713 297 746 ibi
312 714 345 747 nisi
360 715 454 747 monachus
470 714 487 746 in
503 713 602 756 episcopum
617 713 715 754 ordinetur5
736 712 795 754 (Alex.
808 713 834 751 II,

133 762 213 795 Calixtas
224 763 250 804 II,
263 764 328 797 Lucius
341 765 366 804 II,
380 769 397 797 et
411 765 502 807 Eugenius
513 765 552 807 III)
576 765 599 797 Et
614 774 714 807 quecunque
729 764 834 797 donaciones

131 824 193 852 rerum,
203 813 295 854 libertates,
305 816 384 856 honores,
393 814 510 847 immunitates
519 825 539 847 ac
549 814 640 857 priuilegia
650 814 706 847 eidem
717 813 834 848 monasterio¹

131 862 182 904 regiis
191 863 259 897 statutis
266 871 283 897 et
291 865 380 906 preceptis,
385 866 412 898 vel
418 867 440 898 ab
446 866 485 898 aliis
491 864 569 907 personis
575 864 695 897 ecclesiasticis
701 870 731 897 aut
737 864 834 903 mundanis,

132 912 259 947 racionabiliter
266 915 327 946 collata
338 921 355 947 et
367 915 384 948 in
395 920 482 958 posterum
490 925 521 958 pro
533 914 560 948 dei
572 914 641 948 nomine
650 914 758 953 conferenda,
767 924 835 947 necnon

106 975 124 1004 15
133 963 240 1004 indulgencie
246 965 342 1006 populares,
348 971 364 998 et
372 965 492 1008 exempciones
499 965 601 998 secularium
608 965 719 999 exaccionum
725 976 736 998 a
741 965 810 1007 regibus
818 970 835 998 et

132 1013 238 1055 principibus
248 1025 270 1047 ac
281 1015 319 1048 aliis
331 1015 394 1048 Christi
406 1016 486 1049 fidelibus
497 1015 574 1057 predicto
586 1015 690 1049 monasterio
702 1025 789 1056 concesse,
797 1025 834 1057 per-

132 1069 202 1105 petuam
213 1064 324 1097 stabilitatem
339 1065 428 1097 obtineant
440 1072 458 1097 et
469 1065 554 1106 vigorem
573 1065 631 1107 (Alex.
643 1064 676 1106 II)
693 1066 737 1098 Item
749 1070 767 1097 ut
779 1065 835 1098 nullus

132 1123 166 1154 rex,
182 1111 220 1154 dux,
237 1124 299 1155 comes,
315 1114 409 1158 episcopus,
425 1116 480 1148 abbas
494 1121 524 1148 aut
538 1115 687 1158 aliquapersona
706 1114 788 1149 secularis
806 1120 836 1148 aut

133 1163 248 1197 ecclesiastica
259 1165 293 1198 iam
305 1167 401 1207 sepefatum
410 1166 533 1199 monasterium
544 1166 571 1198 vel
582 1165 650 1207 plurest
660 1164 684 1198 ibi
695 1166 728 1198 deo
740 1165 835 1198 seruientes

107 1230 125 1251 ro
133 1215 227 1257 inquietare
244 1221 336 1257 presumat,
352 1226 385 1249 uec
403 1215 472 1259 aliquod
489 1227 548 1249 eorum
568 1226 600 1260 que
616 1226 662 1249 nunc
681 1217 717 1249 iure
736 1216 788 1250 habet
806 1222 836 1250 aut

133 1265 235 1298 infuturum
249 1266 281 1298 deo
295 1267 401 1300 concedente
414 1266 519 1310 adquisierit,
531 1267 626 1300 cuiusmodi
638 1267 678 1308 sint,
691 1268 713 1300 ab
726 1278 747 1299 eo
760 1267 836 1300 alienare

133 1322 162 1348 aut
174 1317 272 1349 inuadendo
285 1318 363 1358 diripere,
375 1327 407 1349 nec
420 1317 477 1358 aliqua
489 1317 580 1349 occasione
592 1327 659 1356 vexare,
673 1322 703 1348 aut
715 1316 752 1348 sine
765 1316 836 1348 licencia

132 1364 199 1398 abbatis
213 1371 271 1398 tenere
284 1366 352 1407 audeat,
367 1366 448 1408 Nullique
462 1366 512 1399 liceat
526 1366 572 1399 idem
585 1365 708 1399 monasterium
721 1371 785 1399 temere
797 1377 836 1408 per-

132 1416 206 1456 turbare,
221 1421 251 1448 aut
269 1416 305 1449 eius
324 1417 442 1458 possessiones
460 1418 526 1449 auferre
540 1417 567 1449 vel
585 1417 643 1449 ablata
661 1416 740 1457 retinere,
755 1416 837 1456 minuere,

107 1466 160 1511 25vel
176 1465 279 1508 quibuslibet
296 1466 417 1508 uexacionibus
433 1466 517 1509 fatigare:
534 1472 561 1500 set
577 1468 600 1501 ab
617 1467 664 1500 omni
678 1462 781 1501 secularium
796 1468 837 1509 iugo

133 1517 154 1549 sit
166 1517 237 1550 liberum
249 1517 385 1560 imperpetuum
402 1517 460 1560 (Alex.
471 1518 506 1559 III,
518 1519 631 1551 hanocencius
642 1522 674 1559 3¹¹³,
686 1521 703 1550 et
715 1518 807 1551 Honorius
820 1517 836 1558 5)

135 1568 196 1600 Nullus
207 1567 263 1600 eciam
275 1568 353 1601 Minister
364 1568 382 1601 in
390 1568 430 1600 villa
441 1568 539 1601 monasterii
551 1568 606 1601 sancti
618 1568 712 1608 Edmundi,
720 1569 747 1600 vel
759 1568 776 1600 in
788 1569 837 1600 terris

133 1617 258 1649 monachorum
269 1617 370 1658 ubicumque
382 1617 483 1657 constitutis,
492 1626 523 1659 per
534 1616 605 1649 alicuius
616 1627 686 1649 manum
694 1617 721 1649 vel
729 1616 836 1657 violenciam,

134 1666 197 1699 abbate
209 1672 226 1699 et
239 1667 328 1701 monachis
341 1666 399 1701 inuitis
413 1672 430 1701 et
443 1666 604 1707 contradicentibus,
616 1672 720 1709 preponatur
731 1673 760 1700 aut
772 1667 838 1710 dapifer

107 1733 126 1762 30
135 1716 257 1759 constituatur3
272 1717 362 1760 (Caelestius
373 1721 405 1759 3¹¹⁵,
413 1727 452 1751 cum
464 1717 506 1751 aliis
517 1716 583 1759 uzultis)
596 1718 621 1750 Et
631 1718 671 1750 nulli
684 1718 754 1751 omnino
765 1729 837 1761 persone

134 1768 185 1801 liceat
192 1773 249 1808 preter
257 1769 355 1801 Romanum
362 1768 462 1810 pontificem
470 1768 496 1801 vel
508 1769 583 1809 legatum
594 1768 616 1800 ab
628 1768 665 1801 eius
676 1768 729 1801 latere
741 1768 838 1810 specialiter

134 1818 210 1858 missum,
224 1818 346 1851 monasterium
359 1818 414 1852 sancti
428 1818 516 1851 Edmundi
527 1818 631 1851 visitacionis
644 1829 697 1852 causa
708 1819 735 1851 uel
747 1820 838 1851 occasione

134 1868 205 1900 alicuius
220 1869 324 1909 grauaminis
336 1869 432 1908 molestare,
444 1879 474 1901 seu
487 1869 567 1901 abbatem
578 1869 606 1901 vel
619 1869 724 1900 monachum
735 1869 838 1910 ubicumque

135 1919 157 1950 de
168 1924 250 1960 precepto
262 1924 292 1951 aut
299 1918 388 1950 voluntate
398 1917 466 1951 abbatis
478 1918 628 1957 constitutumve]
641 1917 721 1951 clericum
733 1928 763 1951 seu
775 1918 839 1951 laicum

107 1982 126 2012 35
135 1969 209 2012 aliquem
221 1968 293 2001 devilia
304 1969 358 2001 sancti
369 1968 458 2002 Edmundi
470 1968 498 2002 vbi
510 1968 565 2002 abbas
576 1969 598 2002 de
610 1968 676 2002 indulto
688 1968 734 2002 sedis
745 1970 838 2011 apostolice

135 2021 160 2053 ius
175 2020 227 2053 habet
243 2019 345 2062 episcopale,
358 2019 511 2060 excommunicare,
526 2020 632 2060 suspendere
644 2020 671 2051 vel
686 2019 793 2061 interdicere,
809 2026 838 2053 aut

135 2069 258 2104 monasterium
273 2069 363 2102 interdicto
378 2070 460 2111 subicere,
473 2075 498 2103 set
510 2080 543 2102 nec
557 2069 632 2112 aliquam
644 2080 695 2112 super
712 2070 792 2103 abbatem
808 2081 838 2103 seu

135 2119 257 2152 monasterium
265 2125 294 2152 aut
302 2130 406 2162 quemquam
418 2121 439 2152 de
450 2120 554 2152 monasterio
562 2120 589 2152 vel
597 2120 637 2152 villa
646 2119 662 2151 in
671 2129 705 2161 qua
715 2120 839 2152 monasterium

136 2171 186 2202 situm
194 2175 225 2209 est,
233 2180 264 2201 nec
273 2170 316 2202 infra
324 2176 397 2212 quatuor
407 2179 465 2202 cruces
473 2169 559 2212 predictas
569 2169 644 2211 aliquam
653 2169 716 2202 habeat
726 2174 838 2211 potestatem3

108 2235 128 2264 4⁰
137 2221 195 2263 (Alea.
208 2224 234 2259 3³⁵
247 2229 286 2253 cnm
300 2221 361 2253 arzilla
376 2220 423 2262 alan
441 2219 502 2253 Nullus
517 2218 572 2252 eciam
587 2219 729 2262 archiepiscopus,
742 2220 838 2262 episcopus,

136 2277 165 2304 aut
178 2280 237 2304 eorum
249 2270 319 2312 quilibet
331 2270 408 2303 officialis
421 2270 438 2303 in
449 2269 490 2303 villa
502 2270 557 2303 sancti
569 2269 658 2303 Edmundi
671 2275 699 2303 aut
708 2269 755 2302 inira
767 2277 840 2313 quatuor

136 2332 196 2354 cruces
203 2331 237 2352 vno
248 2320 320 2353 miliario
331 2320 371 2363 iiij⁰¹
378 2332 399 2353 ex
407 2321 482 2362 partibus
490 2321 512 2352 ab
520 2321 570 2354 altari
580 2330 644 2362 magno
654 2320 731 2353 eiusdem
739 2320 839 2354 monasterii

136 2423 189 2455 habet
201 2420 322 2463 episcopalem,
334 2420 395 2453 missas
408 2420 491 2463 publicas,
504 2427 607 2453 conuentum
619 2426 648 2453 aut
661 2420 745 2462 synodum
759 2421 838 2458 celebret.

109 2484 128 2515 45
136 2479 166 2505 aut
186 2472 286 2505 cathedram
308 2471 385 2512 collocet,
405 2470 535 2514 (Gregoriasl
553 2469 601 2510 “flet
618 2469 659 2512 alii)
687 2471 783 2514 Nullusque
805 2470 838 2504 nisi

137 2521 840 2566 Romanuspontifexvellegatuseiusoratoriumvelcapellaminuitoabbatecon·

283 2603 288 2620 ¹
299 2602 332 2633 MS.
340 2603 436 2634 monasteria.
593 2600 599 2619 ⁹
609 2612 621 2631 r.
629 2601 692 2631 fratres?
