1762 2803
38 125 174 165 rasead-242]
192 115 237 172 Ut
249 113 286 168 ᾗ.
300 114 433 168 tumultun
445 124 503 179 teat
516 119 540 168 tt
552 119 669 179 mutim·
695 121 738 176 ⁶²5

39 237 142 281 sumptionis
150 247 203 280 usque
215 237 233 270 in
244 238 295 270 finem
306 237 341 271 vite
352 248 383 271 sue
393 243 490 272 contractus
501 238 649 281 pertransierat
660 239 709 281 insra
719 238 740 271 cle

37 287 199 331 Saramene—iliis
206 298 247 330 ergo
255 293 272 322 et
282 287 320 321 aliis
331 288 411 322 docemur
421 288 508 332 exemplis,
519 288 541 322 de
554 289 682 332 incorrupcioue
693 289 739 323 beati

37 338 110 373 martiris
123 349 159 371 uon
171 338 255 372 dubitare.
276 338 371 372 Willelmus
384 346 443 373 autem
456 351 485 373 rex
500 340 583 383 premisso
596 341 668 374 mandat
680 340 739 374 abbati

38 389 141 428 Baldewino,
153 388 282 421 dedicacionem
297 389 330 422 hac
344 389 382 422 vice
397 400 415 422 se
430 390 499 431 quidem
514 390 596 430 inhibere,
611 390 666 423 sancti
681 397 740 423 tamen

38 438 107 472 licenter
112 436 187 479 [posse]l
193 437 229 471 ficri
235 438 373 472 translacionem.
383 438 455 474 tinnno
463 438 514 482 igitur
519 440 542 473 ab
549 440 669 473 incarnacione
675 440 739 474 domini
748 448 756 478 5

37 488 126 523 millesimo
137 488 249 532 nonagesimo
260 489 325 532 quinto,
337 496 353 524 et
366 500 377 523 a
388 490 468 532 passione
479 491 533 524 sancti
545 490 634 525 Edmundi
646 491 739 531 .cc⁰xxv.,

37 540 59 574 vii
68 539 141 573 Kalend.
150 539 197 581 Maii,
205 540 248 574 feria
258 539 297 582 iiijr,
306 539 410 573 conueniunt
420 539 443 573 ad
451 539 615 574 Beodricesuuorthe
622 540 739 574 wintoniensis

37 589 127 633 episcopus
135 595 152 623 et
160 589 230 633 quidam
240 591 339 634 capellanus
348 595 389 624 tunc
400 590 482 633 regalium
494 591 572 634 prouisor
583 598 600 625 et
610 599 680 625 exactor
688 591 740 626 vecti·

37 642 105 683 galium,
122 642 169 681 regia
185 641 270 683 peracturi
288 640 365 682 negocia.
388 641 455 681 Quibus
472 651 511 673 cum
529 641 626 673 intimatum
643 648 689 674 esset
706 642 739 674 deo

37 689 118 733 placitum
126 689 179 724 videri
188 691 202 724 si
210 697 280 724 sanctus
288 690 392 731 Edmundus
400 690 436 724 sine
443 701 491 724 mora
502 691 519 724 in
530 701 593 724 nouam
606 690 740 733 transser[r]etur
750 703 767 723 ro

38 738 135 773 basilicam:
151 741 276 783 responderunt
285 751 303 774 sc
311 741 333 774 ad
341 740 374 773 hoc
383 751 422 773 esse
430 747 505 783 paratos,
514 746 531 775 et
541 740 591 774 huius
598 740 623 774 rei
631 741 722 784 negocium
729 752 740 774 a

38 801 77 832 rege
83 790 179 832 specialiter
186 791 218 824 sibi
227 792 383 824 forecommissum.
400 793 438 825 llec
446 791 518 825 audiens
526 792 585 830 abbas,
591 791 655 824 indicto
660 791 740 825 triduano

38 839 99 874 ieiunio
111 840 173 883 vigiliis
185 847 202 875 et
211 840 320 875 oracionibus
327 852 366 875 cum
374 841 454 876 iratribus
461 841 548 881 insistens,
556 841 633 876 diuinam
641 841 740 885 interpella-

38 891 67 925 bat
75 891 186 925 clemenciam
194 892 274 935 quatinus
284 892 302 924 in
310 892 340 925 tali
348 892 430 935 temporis
439 891 536 934 [articulo]¹
543 893 597 926 seruis
605 892 641 926 suis
649 892 739 935 propiciari

38 951 72 974 non
79 941 156 975 desistat.
179 943 209 976 Set
220 948 236 975 et
248 943 284 984 ipse
295 942 370 984 pontifex
380 947 420 975 ante
430 942 477 975 beati
485 942 516 975 viri
527 952 589 984 corpus
597 942 634 975 solo
645 947 740 984 prostratus
749 953 767 982 15

38 990 108 1024 denotas
122 991 219 1033 transigens
233 991 319 1032 excubias,
333 992 432 1034 psalterium
447 1002 467 1025 ex
481 992 540 1025 ordine
555 991 659 1025 decantauit.
682 992 740 1025 Graue

38 1040 69 1074 lert
78 1041 173 1076 Herbertus
181 1041 272 1086 episcopus
282 1042 371 1076 dioceseus
382 1053 403 1076 eo
414 1042 460 1085 quod
470 1042 492 1076 ad
503 1042 536 1076 hoc
546 1053 581 1076 non
594 1042 711 1085 interpellatur
721 1048 740 1076 ut

38 1090 59 1123 sit
66 1102 87 1124 ex
94 1092 119 1125 eis
126 1103 180 1133 vnus3
189 1093 260 1126 vetitum
268 1094 304 1126 uult
310 1092 376 1134 inferre,
383 1099 408 1127 set
415 1099 492 1126 cassatur
499 1092 538 1125 inde
546 1093 591 1125 velut
598 1092 668 1135 [nomen
675 1093 740 1126 Satane

38 1140 59 1174 de
67 1140 109 1174 libro
117 1140 159 1184 vite]
164 1140 175 1175 ¹.
194 1144 308 1176 Hermannas
315 1146 332 1175 et
339 1143 430 1186 Sarrqtson.
448 1142 510 1175 Tercio
517 1142 569 1184 igitur
576 1144 649 1176 Kalend.
657 1144 707 1183 Maii,
715 1144 741 1177 in-

38 1197 94 1223 stante
102 1192 136 1223 iam
141 1193 183 1225 hora
189 1193 242 1225 tercia
249 1192 283 1226 diei
289 1192 380 1233 dominice,
386 1192 463 1233 procedit
469 1192 541 1224 antistes
547 1192 564 1224 in
570 1198 645 1224 veterem
651 1193 740 1225 basilicam
749 1202 769 1223 ao

38 1240 163 1282 pontificalibus
179 1241 249 1274 indutus
263 1240 326 1282 insulis,
341 1252 404 1284 aquam
419 1247 509 1275 consecrat
522 1247 539 1274 et
549 1240 630 1284 aspergit,
643 1247 660 1274 et
673 1241 741 1275 detecto

38 1291 742 1334 locello,corpusthurrificatincorruptum,inchoansantiphonam‘lstesanctus.'

39 1341 87 1375 Tunc
99 1344 200 1377 accedentes
216 1354 245 1376 sex
259 1343 320 1376 fratres
333 1342 355 1376 ad
366 1343 400 1376 hoc
413 1342 499 1386 preelecti,
511 1343 582 1375 archam
595 1342 666 1376 efferunt
680 1353 741 1385 corpus

39 1398 117 1425 sanctum
129 1393 294 1426 continentem—cui
305 1392 349 1425 sicut
360 1398 399 1433 post
408 1394 520 1425 ducentorum
530 1392 589 1433 spacia
600 1403 634 1424 non
646 1393 707 1434 potuit,
717 1393 741 1425 ita

39 1451 70 1474 nec
76 1448 115 1484 post
120 1442 167 1475 milia
175 1441 237 1485 poterit
246 1453 330 1476 annorum
338 1441 426 1484 corrupcio
433 1442 523 1476 dominari.
539 1443 592 1475 Porro
600 1453 639 1475 cum
647 1442 670 1475 ad
678 1442 741 1476 ostium
750 1453 768 1482 ²5

39 1492 112 1524 australe
123 1491 200 1533 predicte
212 1492 282 1534 antique
292 1492 362 1525 basilice
373 1492 465 1533 venissent,
477 1498 525 1525 tanto
535 1492 611 1535 pondere
621 1492 639 1525 in
650 1493 687 1535 ipso
696 1493 741 1527 exitu

39 1547 77 1574 suut
85 1542 167 1585 depressi,
173 1548 191 1575 ut
197 1542 230 1575 nisi
238 1542 320 1575 laicorum
327 1542 427 1575 fulcirentur
432 1541 633 1583 auxilio,succubuissent
640 1555 645 1583 ;
656 1542 742 1586 siquidem

39 1591 110 1633 predicti
121 1604 151 1625 sex
162 1593 223 1626 fratres
235 1604 246 1626 a
256 1593 294 1626 loco
305 1598 364 1626 sancte
374 1592 476 1626 remocionis
485 1603 524 1625 eum
534 1592 631 1625 baiulantes
642 1593 741 1627 asscrebant

39 1642 62 1674 nil
69 1643 123 1675 leuius
134 1654 164 1675 eos
171 1643 263 1684 aliquando
273 1648 357 1683 gestasse,
365 1642 478 1683 ponderosius
487 1643 542 1674 eciam
552 1642 617 1673 nullam
626 1652 645 1673 se
655 1642 742 1684 unquam²

40 1690 113 1725 sensisse
121 1692 206 1725 sarcinam
212 1698 230 1725 vt
238 1692 256 1725 in
265 1691 310 1724 exitu
318 1691 408 1724 meridiani
413 1691 452 1724 ostii
460 1691 535 1734 predicte
541 1690 603 1724 veteris
610 1691 687 1724 ecclesie.
701 1692 741 1724 Mos
750 1702 769 1732 5⁰

39 1741 85 1774 enirn
94 1743 149 1776 suerat
163 1742 217 1785 ipsius
232 1742 287 1775 sancti
302 1741 320 1774 in
335 1742 395 1775 eodem
409 1741 480 1774 ecclesie
492 1741 530 1774 loco
545 1752 564 1774 se
578 1740 648 1774 maioris
661 1741 742 1783 ponderis

41 1791 75 1824 lieri
83 1793 165 1834 quociens
173 1793 275 1826 efferebatur
285 1791 356 1825 alicuius
366 1791 390 1824 rei
400 1791 508 1832 necessitate,
517 1792 562 1832 quod
572 1797 589 1824 et
599 1791 671 1833 predicti
680 1792 741 1825 iratres

41 1843 129 1885 sepissime
141 1848 180 1877 sunt
192 1842 272 1876 attestati.
295 1842 316 1875 ln
328 1851 362 1885 quo
372 1851 417 1875 nunc
428 1840 478 1883 exitu,
486 1841 612 1883 multorumque
622 1847 741 1883 magnatorum

40 1890 127 1934 impressu,
139 1898 208 1926 sanctus
221 1892 281 1925 martir
293 1896 372 1933 operatus
384 1896 410 1923 est
423 1890 529 1923 miraculum.
552 1891 599 1922 Dum
611 1891 681 1932 quidam
692 1891 741 1925 miles

40 1940 175 1983 hamptoniensis
190 1952 259 1974 manum
273 1941 296 1973 ad
309 1941 378 1973 archam
392 1940 498 1982 apposuisset
510 1945 528 1972 ut
542 1941 613 1972 fratrum
627 1942 695 1973 labores
710 1948 768 1984 protis

40 1992 90 2032 posse
105 2003 136 2025 suo
151 1992 244 2035 leuigaret:
265 1997 351 2025 attentum
367 1990 411 2024 illius
426 1989 515 2024 brachium
531 1990 656 2033 egrediencium
671 1990 742 2035 impetu,

40 2049 88 2075 muro
100 2042 139 2076 ostii
149 2042 202 2086 ipsius
212 2040 282 2076 basilice
291 2048 326 2075 tam
335 2041 410 2083 grauiter
420 2040 499 2081 alliditur,
509 2046 527 2074 ut
538 2052 579 2083 pars
590 2042 665 2084 quedam
677 2043 742 2076 brachii

40 2090 62 2123 ab
69 2091 108 2133 ipsa
114 2103 176 2126 manus
184 2093 262 2126 iunctura
268 2092 354 2125 videretur
361 2102 415 2132 vsque
425 2091 448 2124 ad
457 2102 477 2124 os
488 2090 568 2124 carnibus
578 2091 664 2126 excoriata
671 2093 743 2126 abrasis.

42 2140 94 2174 Lesus
102 2142 160 2184 itaque
168 2143 230 2175 timens
237 2152 260 2174 ne
269 2141 321 2174 fluxio
332 2140 422 2182 sanguinis
434 2141 504 2173 stillaret
515 2140 560 2173 circa
570 2147 655 2182 sanctum,
664 2142 690 2174 vel
702 2143 742 2176 noui

41 2192 135 2231 presbiterii
143 2193 215 2226 uiolaret
222 2191 345 2234 pauimentum,
354 2190 436 2224 subtraxit
444 2200 463 2224 se
471 2195 487 2223 et
495 2190 553 2223 statim
564 2191 659 2224 obuoluens
669 2191 743 2225 clamide
750 2200 771 2229 40

40 2237 120 2275 lacertum
129 2252 206 2275 seorsum
216 2240 289 2282 diuertit,
297 2240 363 2274 ambitu
374 2240 447 2273 vallatus
454 2239 533 2282 plurium.
557 2240 636 2274 Prolato³
644 2252 684 2274 vero
692 2253 743 2285 super

40 2288 93 2324 altare
100 2293 169 2325 martire
180 2298 245 2333 sancto,
253 2291 338 2334 egreditur
346 2291 417 2324 antistes
428 2301 524 2324 sermonem
535 2292 610 2325 facturus
622 2292 644 2325 ad
656 2293 741 2335 populum.

42 2338 111 2375 Interim
119 2343 194 2384 prefatus
202 2342 251 2375 miles
259 2342 314 2374 lesum
324 2342 407 2382 detegens
418 2342 513 2381 brachium,
521 2341 586 2374 meritis
597 2342 643 2375 beati
654 2342 742 2375 Edmundi

41 2396 101 2423 sanum
116 2391 189 2434 repperit
204 2397 222 2424 et
236 2391 327 2432 integrum,
342 2390 379 2423 sola
394 2389 473 2424 cicatrice
491 2391 514 2424 ad
532 2390 648 2424 testimonium
665 2391 742 2424 miraculi

41 2446 155 2478 permanente.
179 2443 231 2474 Anno
248 2441 310 2475 eodem
327 2441 402 2474 maxima
420 2441 488 2475 siccitas
505 2440 550 2475 aeris
569 2448 646 2484 segetum
663 2441 742 2482 virorem,
750 2450 770 2481 45

40 2491 136 2529 graminum
144 2498 161 2526 et
169 2493 253 2533 arborum,
260 2496 357 2535 terramque
367 2502 419 2534 supra
426 2492 497 2525 modum
505 2497 592 2533 torruerat,
601 2497 617 2525 et
625 2491 659 2525 vite
669 2492 743 2526 humane

82 2578 87 2596 ¹
98 2591 138 2615 orn:
149 2582 177 2613 but
184 2592 201 2613 so
208 2582 239 2612 Tit.
338 2582 344 2600 ²
355 2581 384 2612 MS
396 2592 477 2620 nunquam.
577 2581 583 2599 ³
593 2581 626 2612 MS.
634 2581 699 2612 Prelato.

62 2634 102 2659 vor..
110 2637 129 2659 11.
378 2635 388 2661 s
395 2638 404 2660 s
