1762 2803
90 155 135 198 244
281 136 492 200 monetaneum
507 134 599 198 anglic.

90 261 197 304 laudauerit,
209 271 247 295 non
258 261 344 295 continuo
356 260 414 295 elatus
425 259 448 294 sit
460 258 551 303 superbia,
563 268 600 292 non
611 256 672 291 statim
684 256 758 290 inflatus
769 254 793 289 sit

89 316 183 351 vanitate?
206 314 229 348 Et
247 314 263 349 si
282 312 412 348 conscientiam
431 323 468 347 non
487 312 553 346 habeat
571 310 677 352 sanctitatis
696 309 792 344 stultorum

91 374 153 402 tamen
172 366 275 400 adulatione
291 370 365 399 sanctus
381 376 424 398 esse
440 366 516 406 dicatur,
532 363 668 397 sanctissimum
683 373 704 397 se
719 361 794 405 putabit.

93 420 145 461 Quod
154 419 169 454 si
177 418 205 453 vel
216 417 288 452 modico
299 417 316 451 ei
327 417 388 460 aliqua
396 416 468 451 virtutis
479 416 531 460 signa
541 416 666 455 succederent,
676 413 762 457 angelum
773 423 794 446 se

75 477 169 517 5putaret
193 471 279 505 Ceterum
293 480 334 505 cum
348 480 409 513 neque
422 480 478 513 opere
492 479 552 513 neque
563 468 630 502 virtute
643 468 753 511 conspicuus
765 466 794 506 sit,

92 526 108 560 si
122 526 162 569 quis
172 524 198 558 ad
211 524 288 567 gradum
300 521 383 556 altiorem
394 527 490 566 promotus
503 521 562 562 fuerit,
575 520 637 555 dilatat
650 520 732 554 fimbrias
745 529 794 559 suas,

92 580 158 623 gaudet
174 576 319 618 salutationibus,
336 576 411 609 inflatur
426 574 568 615 occursionibus,
586 579 604 608 et
620 574 688 617 vbique
704 572 795 607 discurrit.

93 632 116 666 Et
131 631 162 675 qui
175 634 218 665 ante
231 629 278 664 forte
291 628 369 674 pedibus
384 628 412 662 ire
426 632 552 671 consueuerat,
564 629 588 662 de
601 625 711 672 patrimonio
726 624 794 661 Christi

93 685 189 729 superbus
201 693 278 727 spumeo
291 693 338 726 equo
350 682 448 717 inuehitur.
471 681 531 716 Parua
543 680 594 726 prius
608 692 629 715 ac
640 680 672 715 vili
684 679 794 714 domuncula

66 738 175 772 inhabitare
190 741 292 777 contentus,
306 735 359 778 erigit
374 735 423 769 celsa
435 734 532 778 laquearia,
545 734 634 768 construit
646 733 717 777 palatia,
729 731 795 777 sculpit

94 792 146 833 ostia,
152 795 224 826 vestem
231 788 302 833 respuit
309 788 427 833 grossiorem,
434 787 542 822 indumenta
549 787 611 822 mollia
619 786 710 822 desiderat
716 786 726 820 ¹.

199 950 213 986 li
226 941 260 984 DE
271 959 342 983 SANCTA
354 940 477 984 CUTHBURGA
488 960 558 983 REGINA
569 960 592 983 ET
603 948 696 983 Vlnsinah

100 1033 225 1111 KEnredus
237 1042 271 1067 rex
282 1032 393 1066 Merciorum
403 1032 466 1077 genuit
476 1032 534 1067 filium
545 1032 619 1067 nomine
630 1032 676 1074 Yne,
687 1036 705 1066 et
715 1035 797 1066 sanctam

162 1086 287 1128 Cuthburgam
299 1090 318 1118 et
329 1085 493 1128 Queneburgaffl:
506 1096 583 1129 quarum
596 1086 701 1129 Cuthburga
712 1096 723 1118 a
734 1084 798 1118 diebus

96 1137 219 1172 adolescentie
227 1148 260 1170 sue
268 1137 302 1170 soli
310 1137 418 1180 angelorum
424 1137 499 1171 domino
507 1138 622 1182 complacere
632 1138 692 1181 elegit.
715 1138 798 1180 Cumque

70 1191 145 1229 15fama
161 1190 247 1225 bonitatis
266 1196 284 1224 et
302 1190 442 1233 pulchritudinis
458 1190 497 1225 eius
512 1191 653 1235 circumquaque
669 1191 797 1235 diuulgaretur‚

96 1245 164 1278 multos
174 1254 229 1287 reges
238 1249 256 1276 et
264 1243 335 1277 nobiles
346 1244 385 1277 eius
395 1255 458 1278 amore
468 1244 531 1286 illexit,
541 1250 559 1279 et
569 1256 580 1279 a
591 1244 653 1279 multis
663 1243 682 1279 in
694 1243 798 1288 coniugium

96 1297 197 1341 petebatur.
226 1296 259 1330 llla
269 1307 314 1330 vero
326 1296 382 1330 solius
395 1297 468 1331 celestis
479 1298 543 1341 sponsi
556 1298 638 1341 gaudens
652 1298 737 1331 inherere
749 1307 799 1331 com·

97 1349 187 1395 plexibus,
203 1348 298 1382 hominum
317 1349 402 1383 horrebat
420 1356 511 1395 aspectus,
527 1356 546 1385 vt
562 1351 603 1384 sine
619 1350 728 1384 offendiculo
743 1350 799 1384 vitam

97 1408 203 1446 presentem
227 1402 329 1446 transigere
350 1409 418 1446 posset.
449 1404 522 1437 Interea
540 1415 574 1437 rex
595 1403 799 1438 Northanhumbrorum

70 1464 90 1484 20
98 1456 180 1490 Alfridus
195 1454 245 1489 misit
260 1455 330 1498 legatos
346 1466 389 1489 suos
403 1457 426 1490 ad
439 1467 503 1500 regem
514 1456 556 1490 Yne
568 1456 719 1499 westsaxonum,
733 1466 800 1500 rogans

98 1513 118 1542 vt
132 1508 149 1542 ei
165 1518 217 1542 suam
233 1518 316 1541 sororem
331 1507 457 1552 Cuthburgam
472 1510 523 1543 daret
537 1509 557 1543 in
572 1510 674 1553 coniugem.
700 1509 800 1543 Aduocans

99 1561 153 1605 igitur
166 1570 200 1593 rex
212 1570 293 1593 sororem
306 1570 363 1601 suam,
375 1561 424 1603 regis
436 1561 546 1604 legationem
559 1561 645 1595 indicauit
658 1561 680 1595 ei.
703 1562 737 1595 Cui
749 1561 800 1605 virgo

99 1613 206 1658 respondit:
220 1613 252 1647 ‘Si
260 1613 315 1647 michi
327 1615 350 1647 ad
362 1619 424 1648 votum
436 1624 499 1649 meum
510 1614 573 1649 viuere
585 1614 631 1657 licet,
643 1614 704 1648 nullus
718 1619 768 1649 certe
780 1613 799 1648 in

99 1672 138 1701 tota
151 1665 245 1701 Britannia
255 1677 291 1700 rex
303 1666 358 1700 michi
371 1668 443 1711 placere
457 1672 522 1711 potest.
545 1668 583 1701 Sed
599 1667 641 1711 quia
656 1667 746 1711 scriptura
760 1667 802 1702 dicit

72 1730 91 1759 25
100 1720 148 1764 quod
161 1719 191 1762 qui
203 1719 289 1762 potestati
302 1719 376 1760 resistit,
390 1720 419 1753 dei
434 1720 544 1754 ordinationi
559 1719 639 1754 resistit:
651 1731 759 1764 quecunque
771 1726 802 1755 tua

101 1773 187 1807 maiestas
195 1772 218 1806 de
226 1783 255 1806 me
263 1772 379 1814 ordinauerit‚
387 1784 417 1807 me
429 1773 463 1807 sibi
471 1773 592 1816 obedientem,
601 1773 684 1818 quamuis
695 1784 732 1807 non
739 1773 802 1808 volun·

100 1826 150 1868 tarie,
163 1825 248 1859 inueniet.
270 1824 293 1858 ln
306 1826 379 1859 domino
391 1826 440 1860 enim
452 1826 529 1869 confido,
541 1827 590 1870 quod
602 1826 722 1860 humilitatem
737 1827 802 1862 ancille

100 1888 133 1912 sue
149 1877 235 1921 respiciet
253 1888 287 1911 nec
305 1872 384 1921 patietur
398 1878 462 1912 violari
481 1879 560 1912 claustra
578 1878 664 1922 pudicitie
680 1890 727 1919 mee,
742 1890 802 1923 neque

99 1941 180 1974 unquam
204 1930 326 1973 sequestrabit
345 1942 375 1964 me
394 1942 404 1964 a
423 1930 478 1966 castis
497 1931 624 1975 complexibus
644 1930 746 1965 dilectionis
765 1943 803 1967 sue.

73 1993 93 2021 30
101 1984 169 2017 Potens
180 1987 208 2016 est
219 1982 305 2016 dominus
314 1988 333 2016 et
344 1994 424 2027 sponsus
434 1995 487 2017 meus
495 1994 526 2017 me
534 1983 568 2018 sibi
577 1983 632 2018 etiam
642 1984 676 2017 sub
686 1984 803 2018 matrimonio

101 2035 194 2071 custodire
201 2035 338 2080 incorruptam:
350 2041 368 2071 et
378 2036 462 2081 quamuis
473 2036 526 2071 alicui
536 2037 637 2072 secundum
646 2037 697 2081 leges
708 2036 803 2072 hominum

101 2092 175 2131 nubam,
183 2094 245 2133 potest
252 2094 314 2123 tamen
322 2101 352 2123 me
360 2089 394 2123 sibi
403 2101 513 2124 conseruare
520 2090 636 2124 inuiolatam?
660 2090 743 2133 Cumque
750 2090 803 2135 virgo

101 2149 164 2176 sancta
175 2140 214 2185 regi
226 2141 298 2175 Ali'rido
312 2143 423 2186 desponsata
435 2142 505 2185 fuisset,
517 2143 639 2177 cubicularem
651 2142 736 2186 ingressa
747 2143 803 2177 thala-

121 2242 127 2260 ¹
137 2241 198 2271 Collect
205 2241 222 2270 in
229 2241 246 2271 T.
254 2251 258 2271 z

122 2284 158 2318 Nos
170 2288 197 2324 qui
209 2297 263 2317 sumus
274 2287 341 2318 inuoluti
351 2288 426 2319 uiciorum
439 2289 507 2325 funibus
519 2290 606 2319 Deuiantes
620 2293 636 2318 et
650 2288 704 2317 imbuti
715 2289 805 2320 delictorum

101 2328 179 2362 sordibus,
185 2328 208 2356 Te
216 2328 302 2357 Cuthberte
309 2330 401 2358 inuocamus
408 2339 411 2359 ι
423 2328 458 2358 saue
466 2330 594 2366 supplicantibus,
600 2329 620 2359 Vt
626 2329 695 2358 celorum
700 2337 728 2357 rex
735 2329 805 2365 placatus

102 2377 111 2396 a
118 2372 134 2397 te
141 2367 180 2396 susis
187 2367 264 2404 precibus,
273 2367 306 2396 Nos
314 2390 317 2397 .
326 2390 329 2397 .
337 2389 341 2397 ,
348 2369 432 2398 mundatos
439 2369 493 2406 iungat
500 2369 530 2398 celi
537 2369 602 2398 ciuibus.
662 2367 681 2396 V.
688 2367 755 2397 Amauit.

124 2409 172 2446 Deus
182 2417 215 2455 (qui
225 2426 254 2454 per
261 2416 365 2446 inestimabile
372 2427 428 2446 munus
435 2418 487 2454 gracie
494 2422 521 2447 tue
528 2418 599 2455 sanctos)
610 2421 645 2447 tuos
653 2416 698 2455 (sacis
705 2425 741 2447 csse
748 2417 805 2454 glorio·

103 2464 135 2492 sos,
143 2461 196 2492 presta
203 2465 288 2492 quesumus
295 2460 313 2485 ut
323 2457 448 2494 inter)ueniente
459 2457 512 2496 he(ato
520 2457 608 2487 Cuthberto
619 2457 711 2486 consessore
721 2460 748 2486 tuo
758 2462 806 2495 atque

103 2496 190 2534 punnifice,
198 2497 293 2534 metreamur
299 2498 320 2526 ad
327 2498 388 2526 culinen
395 2498 470 2527 uirtutum
478 2498 567 2535 peruenire,
574 2500 615 2534 per).
637 2496 667 2536 (Cf.
677 2496 710 2527 Sar.
719 2496 753 2535 ΒΓ.)

124 2534 130 2551 ²
141 2535 169 2564 Ed.
180 2536 197 2563 in
208 2535 243 2565 Act.
256 2536 285 2566 SS.
297 2536 337 2566 Boll.
350 2537 390 2574 Aug.
403 2536 430 2565 Vl.
440 2547 455 2574 p.
467 2538 506 2574 699;
517 2537 544 2565 the
555 2538 593 2574 orig.
604 2536 639 2565 Vita
651 2536 688 2576 (Ms.
700 2536 758 2569 Lansd.
769 2539 804 2576 436,

103 2575 123 2605 cf.
134 2574 197 2613 Hardy)
204 2575 218 2604 is
227 2576 337 2612 unpublished.
398 2576 404 2592 ⁵
414 2576 432 2606 Τ,
440 2577 552 2614 quenburgam.
