1762 2803
137 146 189 193 344,
328 133 407 186 rauna
423 130 539 194 tarmus
555 130 648 194 anglio.

136 254 225 289 aduersus
234 264 316 297 regnum,
325 259 343 288 et
351 259 404 288 erunt
415 253 523 297 pestilentie,
531 259 550 288 et
558 253 621 294 fames,
630 257 648 287 et
658 257 768 287 terremotus
778 252 839 294 magni

136 318 170 352 per
182 307 235 341 loca.’'
259 307 300 341 Hiis
314 308 363 341 enim
377 307 493 351 septuaginta
507 307 653 341 annis—tantum
668 306 718 340 enim
733 311 807 349 tempus
820 303 839 337 in

137 360 211 394 sinistro
227 360 284 393 latere
301 360 538 403 repausabunt-visitabit¹
553 360 638 393 dominus
654 359 767 403 iniquitatem
780 357 839 401 plebis

138 424 176 455 sue,
188 414 263 447 tradens
275 424 307 447 eos
318 413 336 447 in
349 424 414 447 manus
426 413 512 457 gentium,
522 419 541 448 vt
552 412 670 447 dominentur
681 413 708 447 eis
720 412 750 456 qui
762 412 840 446 oderunt

109 466 183 506 v5illos.
214 466 285 499 inimici
298 477 377 509 namque
393 466 473 500 nominis
489 466 568 500 Christi²
582 468 678 509 insurgent
693 467 712 499 in
726 464 839 504 christianos,

137 518 186 553 serui
194 519 273 552 dominis
282 519 401 561 rebellabunt,
408 529 462 562 reges
471 519 605 553 insidiabuntur
613 518 692 562 regibus,
700 523 719 552 et
728 517 840 562 principibus

137 571 235 616 principes,
252 577 270 605 et
285 573 304 605 in
319 573 404 606 omnibus
419 572 487 606 finibus
500 578 549 606 terre
562 573 610 607 vltor
621 573 685 606 iniurie
698 571 765 606 Christi
776 580 840 603 mucro

137 624 229 659 deseuietff
251 624 274 657 Et
283 626 367 668 exposuit
374 625 401 659 eis
407 636 441 659 rex
446 625 503 658 vitam
511 625 588 667 illorum,
596 631 613 659 et
620 624 700 666 nomina,
706 630 724 658 et
729 624 840 668 passionem,

137 677 361 712 etdormitionismodum.
384 678 455 718 Quibus
463 677 534 719 auditis,
540 678 584 710 inito
590 676 840 718 consilio,vtfidemposteris

111 741 129 761 ro
138 730 223 771 facerent,
234 730 257 762 ad
269 730 402 773 explorandam
417 730 508 763 sermonis
526 731 621 763 veritatem
637 731 675 762 dux
691 729 772 768 militem,
788 727 840 761 cleri-

137 792 179 818 cum
184 781 272 826 pontifex,
277 783 334 816 abbas
340 783 450 817 monachum
456 793 497 817 cum
504 783 569 817 litteris
574 783 629 827 regiis
635 783 657 816 ad
662 782 792 826 imperatorem
797 790 840 814 con-

137 835 319 880 stantinopolitanum
324 836 436 870 direxerunt.
457 837 493 879 Qui
498 835 732 880 omniaverareperientes,
739 835 840 868 incolumes

137 890 160 924 ad
168 899 231 932 regem
239 890 319 932 regressi
328 895 375 924 sunt.
421 883 503 925 Sanctus
512 890 572 924 enim⁸
581 890 683 924 Edwardus
691 888 736 921 nulli
744 887 813 931 petenti
821 887 839 920 in

138 941 212 977 nomine
222 941 280 976 sancti
293 942 380 977 lohannis
392 943 514 987 Euangeliste,
526 942 593 986 aliquid
605 942 717 986 denegabat:
731 941 780 975 hunc
792 939 840 974 enim

113 1007 130 1036 15
138 1000 180 1040 post
195 996 319 1038 apostolorum
333 996 435 1040 principem
449 998 515 1030 arctius
529 996 619 1040 diligebat,
641 995 696 1029 Vnde
707 994 782 1038 contigit
793 994 841 1037 quod

139 1047 213 1091 quidam
228 1049 343 1090 peregrinus,
356 1050 433 1081 absente
447 1050 551 1089 camerario,
563 1049 581 1081 in
595 1049 669 1081 nomine
683 1047 740 1080 sancti
754 1046 841 1079 Iohannis

140 1100 258 1143 Euangeliste
266 1100 369 1143 importune
379 1111 390 1134 a
399 1111 443 1144 rege
453 1100 573 1135 elemosinam
584 1100 689 1145 postularet.
712 1099 745 1133 Cui
756 1109 789 1133 rex
801 1109 841 1142 pre-

139 1153 209 1186 ciosum
221 1153 314 1195 annulum,
327 1164 369 1186 cum
381 1153 406 1186 nil
417 1154 465 1187 aliud
475 1154 494 1186 in
505 1158 592 1197 promptu
604 1153 685 1195 haberet,
693 1153 748 1186 dedit.
770 1151 841 1185 Accidit

139 1210 181 1250 post
189 1206 228 1248 hec,
237 1207 282 1239 duos
291 1206 380 1249 Anglicos
388 1208 410 1239 ad
418 1207 547 1249 [ad]orandum
552 1207 648 1240 saluatoris
653 1206 770 1249 sepulchrum
776 1205 841 1239 Hiero-

112 1271 131 1291 κο
139 1258 223 1293 solimam
230 1259 321 1302 proficisci
327 1259 338 1292 ³.
351 1259 386 1301 Qui
392 1260 421 1293 die
427 1260 505 1303 quadam
511 1260 598 1304 apublica
604 1264 660 1294 strata
665 1259 783 1299 declinantes,
789 1258 842 1293 deuia

139 1322 210 1355 queque
219 1313 282 1345 sectati
293 1318 346 1347 sunt:
359 1318 377 1346 et
388 1313 426 1347 sole
437 1319 502 1347 ruente
514 1324 551 1346 nox
562 1313 639 1347 obscura
651 1311 752 1346 subducta⁵
763 1317 796 1345 est.
819 1311 842 1345 Et

139 1374 180 1397 cum
193 1365 285 1397 nescirent
296 1364 339 1407 quid
351 1370 433 1408 agerent,
445 1376 481 1408 quo
496 1376 516 1398 se
531 1371 630 1407 verterent,
644 1365 727 1408 apparuit
742 1364 769 1397 eis
784 1374 842 1397 senex

139 1416 213 1461 quidam
224 1417 347 1460 venerandus,
355 1418 386 1461 qui
394 1428 426 1452 eos
434 1419 457 1452 ad
465 1419 556 1452 ciuitatem
565 1419 637 1453 reduxit
642 1417 652 1451 ⁶.
676 1417 771 1461 Susceptis
781 1421 842 1451 autem

139 1468 220 1511 hospicio
234 1480 299 1503 mensa
312 1475 391 1512 paratur,
405 1470 543 1513 lautissimeque
555 1470 619 1504 relecti
631 1470 674 1503 dant
686 1470 770 1503 membra
781 1469 842 1512 quieti.

112 1534 130 1563 ²5
140 1520 195 1555 Mane
207 1528 268 1555 autem
279 1522 331 1564 facto⁷
340 1523 420 1565 egressis
430 1522 465 1556 illis
473 1524 496 1556 de
507 1522 579 1557 ciuitate
590 1523 615 1557 ait
627 1533 697 1556 senex:
710 1521 758 1556 ‘Viri
770 1522 842 1564 iratres,

140 1585 181 1609 cum
193 1585 265 1608 summa
276 1576 397 1619 prosperitate
408 1587 441 1610 vos
453 1577 582 1620 repatriaturos
594 1588 631 1610 non
642 1576 739 1619 dubitetis3
756 1575 842 1619 quoniam
855 1620 857 1624 ι

139 1637 250 1671 prosperum
261 1629 296 1660 iter
307 1628 360 1661 saciet
371 1629 423 1662 vobis
435 1630 486 1670 deus,
494 1635 512 1662 et
524 1640 563 1673 ego,
572 1630 595 1662 ob
605 1639 686 1662 amorem
696 1630 744 1672 regis
754 1629 816 1670 vestri,
823 1629 842 1662 in

140 1680 189 1714 omni
201 1680 229 1714 uia
240 1680 316 1714 firmabo
324 1692 380 1725 super
389 1692 422 1715 vos
431 1682 493 1716 oculos
504 1692 561 1716 meos.
585 1682 623 1726 Ego
635 1682 683 1715 enim
696 1692 737 1715 sum
749 1681 843 1725 apostolus

140 1732 208 1767 Christi
219 1733 317 1775 lohannes,
329 1734 360 1777 qui
371 1745 434 1778 regem
446 1741 528 1769 vestrum
540 1736 563 1769 ob
575 1735 660 1769 meritum
672 1734 759 1768 castitatis
770 1746 843 1769 summa

112 1796 131 1824 30
140 1784 236 1819 dilectione
246 1786 361 1829 complector.
385 1787 440 1820 Hunc
451 1787 511 1820 enim⁷
523 1788 616 1828 annulum,
627 1798 682 1830 quem
694 1787 739 1819 mihi
750 1788 769 1819 in
780 1787 842 1820 habitu

139 1838 237 1883 peregrino
252 1839 347 1883 apparenti
362 1840 429 1883 tribuit,
445 1845 542 1885 reportate,
557 1840 690 1874 denunciantes
707 1841 724 1874 ei
739 1840 799 1874 obitus
814 1840 842 1874 sui

138 1893 207 1925 instare
222 1892 282 1926 diem:
299 1903 353 1935 quem
366 1893 412 1927 infra
426 1903 460 1927 sex
471 1903 546 1928 menses
558 1893 634 1928 visitans
645 1892 727 1933 visitabo,
739 1897 758 1927 vt
770 1893 842 1927 me'cum

139 1949 226 1987 sequatur
237 1955 305 1988 agnum
317 1956 431 1989 quocumque
444 1946 494 1980 ierit!
518 1946 553 1980 His
567 1946 625 1989 dictis,
637 1946 736 1990 disparuit:
754 1951 772 1980 et
783 1946 809 1979 illi
820 1947 843 1979 ad

139 1997 216 2041 patriam
224 2008 313 2041 prospere
322 1999 426 2040 redeuntes,
434 2010 470 2042 que
480 1999 564 2033 viderant
575 2004 593 2033 et
605 1998 699 2033 audierant
711 1998 750 2042 regi
762 1999 843 2033 seriatim

112 2057 130 2087 35
139 2050 245 2084 retulerunt.
290 2043 340 2085 Cum
348 2057 410 2085 autem
418 2062 451 2085 rex
459 2051 564 2085 infirmitate
570 2052 622 2095 graui
628 2052 744 2092 detineretur,
751 2051 769 2084 in
776 2053 843 2085 mentis

139 2107 202 2144 raptus
211 2113 308 2136 excessum
316 2104 371 2137 biduo
377 2103 591 2146 fereiacebatexanimis.
614 2104 697 2137 Tandem
705 2104 757 2147 quasi
763 2105 786 2138 de
792 2105 843 2148 graui

139 2164 204 2190 somno
212 2155 302 2197 euigilans
309 2156 380 2198 aperuit
388 2156 455 2197 oculos,
463 2162 481 2191 et
491 2157 565 2197 resedit,
574 2161 592 2190 et
602 2161 698 2199 assumpta
708 2156 795 2199 parabola
806 2158 842 2191 ait:

140 2206 196 2239 ‘Cum
204 2208 312 2241 adolescens
323 2209 341 2241 in
352 2209 464 2242 Normannia
476 2210 576 2251 exularem,
585 2215 636 2253 grata
644 2209 688 2241 mihi
700 2220 775 2253 semper
785 2210 844 2243 extitit

139 2262 229 2295 bonorum
237 2260 320 2305 amicitia,
332 2266 349 2295 et
360 2262 463 2307 quicunque
472 2273 524 2297 sacre
532 2262 627 2307 religionis
635 2261 721 2297 meliores
728 2262 843 2307 videbantur,

110 2324 130 2353 40
139 2313 164 2349 hii
169 2314 213 2348 mihi
218 2315 285 2349 ceteris
290 2321 341 2350 erant
347 2316 476 2351 familiariores.
489 2317 540 2351 Inter
547 2327 593 2361 quos
602 2316 701 2351 monachos
706 2317 761 2351 duos³
769 2318 843 2362 speciali

138 2368 217 2412 quadam
223 2368 843 2412 mihrdeuinxerant⁹charitateconuersationishonestasvitesanc-

138 2422 185 2462 titas,
194 2420 274 2455 suauitas
286 2432 363 2464 morum,
371 2422 469 2456 verborum
480 2422 580 2457 affabilitas.
604 2422 645 2457 Hos
656 2421 769 2465 frequentius
782 2423 843 2458 visita-

138 2475 191 2508 bam:
203 2473 262 2515 Quam
268 2474 327 2508 dulcia
331 2474 412 2508 faucibus
419 2475 465 2509 meis
471 2476 543 2519 eloquia
548 2479 623 2510 eorum!
640 2475 681 2508 Hos
689 2480 731 2509 ante
736 2475 749 2494 ¹⁰
755 2476 844 2519 plurimos

158 2546 192 2575 1Ε.
203 2547 325 2577 visitabitenim.
352 2547 445 2578 ¹E.chriti.
472 2549 508 2578 ³111.
517 2559 547 2578 orn.
573 2549 701 2587 ⁴E.proficissi.
732 2549 764 2579 ⁵S.
772 2551 843 2581 adducta.

139 2586 221 2617 fiaduxit.
241 2586 321 2626 ⁷S‚erg0.
342 2588 371 2618 θ5.
379 2589 419 2618 duos
426 2589 517 2619 monachos.
541 2589 572 2620 ⁹13.
579 2590 688 2619 deiunxerant.
711 2589 721 2606 ¹⁰
728 2590 746 2620 T.
753 2595 790 2620 ante
797 2593 844 2621 antel
