1762 2803
167 132 217 187 mc·
228 130 329 183 &aaut
345 130 446 188 diuma
462 130 645 192 aethiopiorum.
714 135 755 188 381

57 263 93 288 non
106 253 196 287 tacebunt.
218 253 237 285 A
252 252 314 286 seculo
327 251 418 295 siquidem
434 262 470 286 non
485 256 514 286 est
527 252 609 286 auditum
624 251 703 297 aliquem
716 262 759 286 ean·

56 306 168 342 tuariensem
183 304 341 350 archiepiscopum
356 304 376 339 in
390 305 441 340 curia
456 316 521 350 regum
536 306 638 350 Anglorum
653 317 688 351 pro
703 305 760 350 quali·

57 370 128 405 cunque
147 370 201 395 causa
219 359 323 400 iudicatum,
342 365 381 394 tum
400 365 477 404 propter
495 359 607 404 dignitatem,
626 364 665 394 tum
684 364 760 404 propter

57 413 186 453 auctoritatem,
193 417 231 446 tum
239 413 281 455 quia
289 412 339 454 regis
346 417 365 445 et
372 413 455 445 omnium
463 411 581 454 spiritualiter
589 418 641 455 pater
648 412 677 445 sit.
700 412 760 444 Noua-

57 476 92 510 que
106 469 135 499 est
148 463 207 498 forma
219 464 254 498 hee
259 464 271 507 ¹,
283 469 302 498 et
317 465 362 498 ordo
377 463 486 498 iudiciorum
500 474 565 506 nouus,
577 469 597 498 vt
612 464 777 510 archiepiscopus5

57 531 68 553 a
78 518 116 552 suis
124 518 249 562 suffraganeis,
257 523 287 552 aut
298 523 369 562 patera
379 518 421 551 filiis
431 518 531 551 iudicetur!
576 511 615 552 Die
622 528 666 551 vero
677 517 760 562 sequenti

57 571 130 615 exegit²
139 582 173 605 rex
185 571 207 605 ab
219 582 242 605 eo
253 571 362 616 quingentas
374 571 430 604 libras
440 581 491 615 quas,
499 576 518 605 vt
530 572 630 611 asserebat,
642 571 761 605 cancellarius

57 630 100 659 tunc
112 634 123 657 a
134 635 155 659 se
167 630 263 668 acceperat
274 630 347 659 mutuo:
360 629 378 658 et
388 623 430 659 licet
439 634 450 658 a
460 634 503 668 rege
514 624 590 658 donatas
601 623 703 659 inveritate
712 624 761 658 affir-

57 676 140 719 mauen't,
147 676 269 711 adiudicatum
277 682 374 711 esttamen
382 677 436 720 quod,
444 676 486 721 quia
496 678 593 721 pecuniam
604 677 654 710 illam
664 676 761 711 consessus

58 734 86 764 est
97 740 118 764 se
129 730 228 773 recepisse,
236 734 255 764 et
265 729 336 763 titulum
348 729 450 763 donationis
459 734 502 763 tunc
514 729 592 773 probare
602 740 638 763 non
650 729 713 774 potuit,
721 728 760 773 regi
771 744 789 764 ro

58 782 166 817 soluendam
181 794 228 817 esse.
274 774 298 816 ln
314 782 398 825 erastino,
412 794 454 818 cum
469 784 542 818 sederet
557 783 704 828 archiepiscopus
719 794 760 818 curn

58 837 96 871 suis
107 836 221 882 coepiscopis
231 835 250 870 in
261 835 348 879 conclaui,
357 847 380 870 ex
391 837 449 871 edicto
457 836 506 881 regis
518 836 565 872 seris
572 836 647 872 obiectis
658 847 682 872 ne
689 842 761 882 pateret

58 890 123 931 exitus,
133 890 248 935 propositum
260 895 288 924 est
299 890 388 925 aduersus
399 890 556 935 archiepiscopum
565 891 613 935 quod
625 902 666 925 cum
674 897 761 925 vacantes

58 944 134 977 haberet
146 944 261 986 episcopatus
273 948 291 975 et
302 943 383 976 abbatias
395 949 413 976 et
427 944 494 976 multos
508 943 590 976 redditus
599 943 669 976 domini
681 943 731 986 regis
742 943 761 976 in

58 1006 113 1028 manu
126 1005 164 1036 sua,
177 995 246 1028 nullam
258 993 275 1029 ei
288 994 391 1038 superbiis
403 995 482 1028 reddidit
493 995 594 1030 rationem:
606 1005 661 1040 quam
671 1001 715 1029 tunc
726 994 761 1029 sibi
770 1001 788 1032 15

58 1059 92 1081 rex
103 1048 206 1092 requhebat
218 1047 306 1082 exhiberi.
328 1047 459 1082 Ascendebant
470 1048 519 1082 enim
532 1049 555 1083 ad
569 1048 641 1093 triginta
653 1048 702 1082 milia
714 1058 760 1082 mar·

59 1112 126 1135 carum.
149 1101 221 1135 Auditis
237 1102 285 1134 enim
300 1101 429 1145 episcoporum
444 1102 523 1135 diuersis
541 1101 643 1142 sententiis,
658 1101 683 1135 uit
702 1101 760 1136 archi·

59 1154 167 1199 episcopus:
179 1154 243 1195 ‘Volo,
251 1153 314 1197 inquit,
323 1153 371 1198 loqui
382 1164 423 1188 cum
435 1155 506 1189 duobus
518 1154 614 1189 comitibus
623 1154 653 1199 qui
663 1165 704 1188 cum
716 1164 760 1198 rege

59 1211 121 1242 sunt':
134 1219 180 1251 quos
192 1213 210 1241 et
221 1207 327 1241 nominauit.
349 1207 423 1241 Vocatis
434 1206 470 1242 illis
478 1214 495 1241 et
506 1209 552 1242 ostio
561 1214 629 1251 aperto,
638 1208 694 1242 dixit:
707 1208 759 1241 ‘Non

59 1259 108 1294 enim
116 1260 207 1294 habemus
214 1260 237 1294 ad
249 1271 326 1303 presens
334 1258 394 1303 [εοε]5
402 1259 468 1303 quibus
476 1272 507 1295 res
514 1260 554 1304 ipsa
562 1260 621 1304 magis
629 1260 711 1300 innotuit,
719 1260 760 1294 ideo
770 1268 789 1289 ²⁰

58 1324 116 1358 usque
124 1313 143 1347 in
151 1312 250 1348 crastinum
258 1313 338 1359 petimus
346 1311 430 1357 indutias,
438 1319 481 1348 tune
488 1313 605 1359 responsuri.¹
629 1314 693 1348 Soluto
700 1313 761 1360 itaque

59 1368 140 1410 consilio,
152 1368 247 1403 multitudo
261 1368 338 1402 militum
351 1374 369 1402 et
381 1368 457 1402 aliorum
469 1370 500 1412 qui
513 1379 555 1403 cum
568 1368 706 1413 archiepiscopo
719 1368 761 1403 illue

59 1427 187 1464 conuenerant,
196 1421 247 1465 regio
258 1427 308 1456 metu
319 1421 416 1464 perterriti,
424 1421 502 1465 amplius
514 1432 555 1455 cum
566 1421 596 1455 illo
608 1432 645 1455 non
656 1421 762 1456 steterunt⁴.

58 1474 113 1508 Vnde
121 1475 150 1508 vir
159 1474 189 1508 dei
199 1474 252 1508 iussit
263 1473 335 1508 circuiri
345 1474 412 1517 sepes⁶
420 1479 438 1507 et
447 1475 503 1516 vicos,
511 1479 529 1507 et
539 1475 561 1508 ad
572 1484 593 1508 se
600 1474 661 1508 vocari
671 1483 762 1518 pauperes

59 1532 77 1561 et
90 1527 165 1569 debiles,
179 1527 241 1562 dicens
254 1528 297 1571 ‘per
308 1527 363 1561 talem
375 1527 457 1561 militiam
472 1526 580 1561 celeriorem
591 1537 648 1571 posse
663 1526 762 1571 prouenire
771 1534 790 1565 25

59 1578 158 1621 victoriam,
172 1591 227 1624 quam
241 1590 274 1623 per
285 1590 317 1614 eos
330 1579 361 1624 qui
374 1585 458 1624 tempore
471 1579 595 1624 temptationis
610 1579 687 1624 turpiter
701 1591 763 1615 reces-

59 1635 134 1667 serunt!
161 1633 239 1677 Impleta
248 1639 277 1668 est
288 1633 343 1678 igitur
350 1634 416 1667 domus
426 1633 466 1668 eius
476 1633 637 1673 discumbentibus,
648 1638 667 1668 et
677 1633 724 1668 sacta
734 1639 763 1668 est

59 1687 124 1728 leticia,
137 1687 187 1721 nulla
198 1687 291 1721 mentione
304 1687 366 1720 habita
379 1687 402 1720 de
415 1686 555 1729 perturbacione
568 1687 645 1730 pristina
651 1687 663 1719 ⁸.
722 1680 762 1721 Die

59 1749 104 1773 vero
119 1739 183 1773 martis
198 1743 323 1773 conuenerunt
338 1738 361 1773 acl
376 1738 532 1783 archiepiscopum
548 1737 644 1782 pontifices
659 1738 729 1773 attoniti
744 1745 763 1773 et

60 1792 143 1826 exterriti
150 1798 225 1837 propter
235 1792 301 1834 audita,
309 1792 409 1825 suadentes
416 1797 435 1826 ut
447 1792 487 1836 ipse
495 1793 518 1825 de
529 1792 620 1833 omnibus,
628 1792 682 1827 etiam
691 1794 714 1827 de
721 1792 763 1837 ipso
771 1801 791 1830 30

60 1846 222 1889 archiepiscopatu,
232 1846 281 1889 regis
291 1856 312 1879 se
323 1845 367 1888 perT
378 1845 438 1879 omnia
448 1845 535 1879 voluntati
547 1850 565 1878 et
574 1844 648 1879 arbitrio
659 1845 762 1887 subiiceret,

60 1898 76 1933 si
91 1898 138 1933 forte
153 1899 201 1943 regis
216 1898 243 1933 ira
258 1903 276 1932 et
290 1897 389 1942 indignatio
404 1898 465 1932 sedari
480 1903 548 1942 posset.
575 1898 595 1932 Si
608 1897 657 1933 enim
674 1898 708 1932 hoe
724 1909 761 1933 non

60 1952 163 1992 fieret,ia1n
174 1951 245 1984 audiret
256 1951 291 1984 sibi
302 1951 321 1984 in
333 1950 383 1984 curia
394 1951 468 1993 periurii
480 1951 549 1983 crimen
561 1950 636 1992 imponi,
644 1956 662 1983 et
673 1955 761 1994 tanquam

61 2004 172 2048 proditorem
180 2004 302 2046 iudicandum,
310 2014 332 2037 eo
340 2004 388 2047 quod
397 2009 470 2036 terreno
478 2002 553 2036 domino
564 2002 652 2037 honorem
660 2008 762 2045 terrenum,

61 2058 153 2092 fidelitatis
164 2057 266 2092 iuramento
278 2056 437 2100 comprehensum,
446 2066 483 2090 non
495 2061 583 2097 seruaret,
591 2061 609 2090 et
617 2055 678 2099 regias
685 2067 762 2091 consue·
772 2064 790 2094 35

61 2110 135 2145 tudines
146 2111 169 2145 ad
180 2121 225 2155 quas
234 2110 359 2144 obseruandas
369 2120 389 2144 se
400 2108 502 2144 iuramento
512 2108 628 2150 astrinxerat,
636 2120 673 2144 non
686 2109 763 2154 [ob]ser·

62 2170 119 2198 uaret.
142 2164 212 2206 Quibus
227 2163 257 2197 ille
270 2163 375 2208 respondit:
392 2162 478 2197 ‘Fratres
494 2162 536 2204 mei,
549 2162 595 2197 sicut
612 2162 686 2197 cernitis
703 2162 763 2198 fremit

62 2222 125 2250 eontra
131 2228 161 2250 me
168 2218 253 2259 mundus,
258 2216 335 2260 insurgit
343 2215 437 2250 inimicus:
450 2217 483 2250 sed
490 2217 538 2260 quod
545 2216 611 2260 plango
617 2216 763 2259 lachrimabilius,

63 2269 95 2303 filii
107 2270 171 2304 matris
182 2281 224 2303 mee
235 2275 317 2313 pugnant
328 2275 391 2303 contra
403 2279 439 2302 me.
462 2269 502 2303 Etsi
513 2280 548 2312 ego
559 2274 638 2309 tacuero,
650 2269 711 2303 secula
722 2275 764 2312 post

61 2321 122 2356 sutura
129 2322 239 2356 enarrabunt
247 2321 324 2366 qualiter
331 2332 362 2356 me
369 2321 428 2356 solum
436 2321 454 2356 in
462 2321 562 2356 certamine
570 2320 659 2363 deseritis,
667 2326 685 2355 et
693 2326 764 2365 patrem
772 2335 792 2364 40

62 2379 148 2418 vestrum,
160 2380 321 2420 quantumcunque
337 2374 372 2408 sim
386 2381 475 2420 peccator,
491 2374 527 2410 iam
542 2386 576 2421 per
587 2375 634 2410 duos
645 2376 685 2410 dies
697 2375 764 2410 iudiea-

62 2430 131 2471 neritis,
139 2433 163 2472 et,
170 2435 190 2464 vt
202 2428 287 2471 coniciet
299 2428 359 2473 [vos]l
368 2428 446 2463 adhuc¹⁰
454 2428 472 2463 in
485 2428 542 2463 ἱοτοῃ
553 2427 631 2463 seculari
643 2438 673 2462 me
684 2427 765 2463 iudicare

81 2512 214 2543 ¹T.heesonna.
264 2513 298 2542 2li.
306 2513 361 2550 exigit.
412 2513 458 2542 ⁵0m.
509 2512 622 2549 'TQstetit
668 2512 764 2549 'Rcepee

62 2549 68 2565 ⁰
78 2550 96 2580 E.
105 2552 170 2589 pristina
178 2551 300 2589 perturbatione.
357 2550 363 2569 ⁷
373 2552 391 2581 E.
398 2561 466 2589 semper,
522 2551 528 2568 ¹
538 2552 556 2582 T.
564 2552 582 2583 f„
590 2551 667 2581 connicio.
717 2552 723 2570 ⁹
733 2561 764 2582 orn.

63 2589 79 2619 in
87 2590 105 2624 E.
145 2591 389 2630 ¹⁰Q.Etadhuccorriieior'os.
430 2591 440 2610 ¹¹
451 2592 469 2623 E.
477 2591 516 2622 iore.
