1762 2803
123 135 168 183 '244
314 127 393 179 tituta
409 123 524 186 teutona
540 124 632 186 anulio

146 246 203 281 Lectt'o
218 246 239 280 ui.
268 237 319 280 Cum
331 246 405 279 tandem
415 244 518 279 continuata
528 244 629 288 frequentia
641 243 735 288 signorum
744 246 777 290 [in]
786 247 825 284 eius

125 299 256 345 magnitudinis
271 299 339 333 molem
354 297 441 340 excreuit,
454 303 474 331 vt
487 297 538 331 talis¹
554 296 623 331 diutina
638 297 696 332 sancti
711 299 826 345 tanta[que]¹

125 354 183 387 virtus
194 353 261 386 diutius
273 352 327 385 celari
339 363 375 385 non
386 356 460 395 posset:
472 351 520 395 cepit
530 361 586 393 super
596 350 631 384 hiis
642 351 700 385 semel
711 351 826 397 iterumque³

126 407 181 441 sedes
198 405 296 449 apostoliea
316 404 418 438 consultari.
448 404 486 437 Sed
504 408 531 437 tot
551 404 588 437 heu
609 403 667 445 annis,
682 408 744 448 totque
762 416 826 448 prece-

108 460 207 501 5dentium
222 458 335 501 temporibus
350 462 388 491 tum
404 457 476 500 ignauia
491 462 528 490 tum
548 455 659 500 negligentia
678 457 776 492 multorum
795 461 826 504 qui

126 509 258 544 sollicitandum
270 508 322 542 missi
334 514 376 543 sunt
387 508 534 551 ad‘negocium,
544 509 616 542 tametsi
628 509 682 551 plane
694 510 739 543 satis
750 510 826 546 instruc·

126 569 165 597 tum
180 574 214 607 pro
227 561 294 597 infecto
308 561 404 595 dimissum
417 566 456 603 est3
473 565 493 594 vt
505 571 516 594 a
528 559 587 605 capite
601 561 661 595 denuo
674 571 719 604 sepe
733 572 826 599 resumere

126 617 261 661 informareque
275 627 383 660 processum
399 615 466 649 obliuio
481 614 586 658 temporum
598 614 700 648 mediorum
714 617 826 659 compulerit.

127 670 211 713 Denique
219 674 317 713 postquam
325 681 349 704 ex
357 668 428 713 integro
436 668 547 712 recen[sitis]
554 668 560 687 ¹
567 668 667 712 superioris
672 668 710 702 vite
720 679 740 703 ac
750 672 826 705 miracu-

100 735 119 759 10
128 723 186 755 lorum
193 722 308 764 testimoniis,
317 727 405 765 auctaque
413 721 431 754 in
440 721 480 755 dies
488 721 536 754 sama
548 721 644 764 pontificis,
653 721 698 754 nihil
710 723 786 757 materie
794 734 826 758 seu

127 775 185 808 forme
194 775 242 818 quod
250 779 300 808 tante
308 774 334 807 rei
344 775 416 818 pondus
427 773 517 817 exigebat,
526 775 592 807 deesse
603 774 710 807 videbatur:
722 773 827 810 nouissimis

128 828 192 862 diebus
208 827 253 868 istis,
270 837 319 861 anno
337 827 422 861 videlicet
438 826 521 870 [gratie]⁶
539 825 720 870 quadringentesimo
739 826 827 871 quinqua-

127 880 198 924 gesimo
206 885 258 914 sexto
270 889 326 924 super
336 879 391 921 mille,
399 878 456 913 felicis
467 878 597 913 recordationis
607 879 689 913 Calixtus
700 889 748 923 papa
757 880 827 924 tertius,

127 933 186 976 pridie
205 943 264 967 nonas
283 932 391 973 decembris,
407 933 501 966 decretum
516 932 576 966 future
591 932 732 966 canonizationis
748 933 827 976 legitime

101 998 119 1030 15
128 985 255 1029 promulgauit.
286 985 327 1027 Quo
346 985 419 1028 quidem
436 985 465 1018 die
483 985 597 1028 prouidentia
616 984 678 1019 diuina
696 985 755 1028 magis
773 997 827 1029 quam

128 1038 201 1073 fortuitu
209 1038 227 1072 id
235 1038 323 1073 accidisse
335 1038 461 1079 arbitremur⁷‚
468 1043 488 1073 vt
498 1038 515 1072 is
525 1038 565 1071 dies
576 1038 607 1082 qui
618 1038 734 1072 Osmundum
745 1039 827 1084 deposito

128 1090 187 1124 carnis
200 1101 256 1123 onere
268 1091 346 1123 incolam
358 1090 400 1123 fecit
415 1090 434 1122 in
447 1090 496 1131 celis,
509 1090 564 1131 idem,
577 1090 693 1123 interuolutis
707 1091 827 1133 plurimorum

127 1152 217 1177 annorum
233 1141 332 1184 curriculis,
348 1142 419 1185 primus
434 1152 476 1176 eum
491 1141 582 1177 iudicante
600 1141 677 1177 ecclesia
692 1143 779 1177 iudicaret
794 1154 827 1187 pro

128 1200 190 1230 sancto
203 1195 328 1230 venerandum
341 1194 360 1228 in
373 1194 432 1229 terris.
460 1195 482 1229 R.
496 1194 595 1228 Confessor
608 1194 675 1229 Christi
688 1195 738 1237 felix,
751 1196 828 1230 feliciter

101 1264 120 1285 20
129 1251 170 1285 audi
183 1248 221 1281 Nos
233 1248 265 1281 tibi
277 1249 353 1282 deuotos
364 1248 450 1290 laudique
461 1253 491 1281 tue
503 1248 618 1282 famulantes.
640 1249 670 1282 Ad
684 1248 828 1292 impetrandam⁸

128 1301 201 1335 veniam
216 1312 250 1344 pro
266 1300 342 1334 crimine
358 1306 420 1334 nostro
436 1301 541 1342 Quesumus
556 1306 575 1334 vt
590 1300 643 1335 nobis
659 1300 722 1335 celitus
741 1301 828 1336 obtineas.

132 1355 152 1387 V.
160 1355 176 1388 O
185 1359 236 1395 pater
245 1354 345 1393 Osmunde,
354 1354 422 1387 clarum
431 1354 487 1387 decus
494 1352 545 1387 vrbis
554 1358 572 1387 et
580 1353 634 1394 orbis,
643 1354 743 1389 Seruorum
750 1354 828 1397 gemitus

129 1405 192 1440 tristes
199 1411 219 1438 tu
227 1405 300 1449 suscipe
308 1405 395 1439 clemens.
417 1405 451 1439 Ad,
463 1404 530 1439 Gloria.
553 1404 663 1446 Quesumus.

151 1458 196 1496 iila
211 1460 260 1492 tertia
277 1461 368 1492 nocturna.
389 1458 433 1491 Ant.
449 1458 516 1491 Comes
532 1458 589 1490 sactus
605 1458 664 1501 Sagie,
683 1469 725 1491 cum
742 1458 828 1492 successit

102 1524 120 1553 25
130 1511 183 1556 patri,
188 1516 254 1545 cuncta
261 1512 292 1545 dat
300 1511 377 1546 ecclesie
384 1511 437 1554 bona,
445 1521 479 1545 sue
487 1511 545 1544 matri.
563 1511 594 1545 Ps.
603 1510 681 1545 Domine
688 1511 729 1555 quis
737 1511 828 1546 habitabit.

129 1564 171 1600 Ant.
187 1563 282 1597 Postremo
298 1564 382 1598 Dorsetie
396 1569 459 1598 nactus
472 1564 581 1606 comitatum,
593 1569 655 1608 spreto
670 1565 739 1598 mundo
752 1564 829 1599 trahitur

130 1616 199 1661 [ῑηωι]θ
207 1618 230 1651 ad
242 1617 360 1661 presulatum.
383 1616 413 1650 Ps.
426 1616 504 1651 Domine
516 1616 534 1650 in
543 1618 614 1651 virtute.
636 1617 678 1651 Aua
691 1617 730 1651 Iam
742 1618 828 1652 celestem

129 1671 214 1704 obtinens
223 1676 286 1712 pastor
293 1670 409 1712 prelaturam,
416 1669 476 1703 seruis
484 1669 520 1703 tuis
527 1669 615 1712 impetres
620 1670 676 1704 vitam
684 1681 828 1714 permansuram.

129 1722 160 1756 Ps.
173 1720 246 1754 Domini
255 1726 283 1755 est
291 1726 344 1755 terra.
369 1721 389 1754 V.
398 1721 459 1754 Iustus
466 1726 485 1754 vt
493 1721 558 1765 palma.

102 1790 121 1819 50
150 1776 165 1812 ii
173 1774 229 1807 Lectio
240 1775 268 1807 ut'z'.
297 1767 386 1809 STatutis
405 1784 448 1817 ergo
467 1773 556 1817 proximis
573 1779 640 1809 extunc
654 1774 738 1809 kalendis
752 1774 828 1809 ianuarii

129 1838 163 1872 pro
174 1828 252 1861 termino
264 1833 301 1861 tam
314 1827 371 1861 sancti
383 1827 445 1871 operis
456 1826 574 1871 perficiendi:
590 1827 672 1871 prefatus
683 1839 771 1862 romanus
784 1838 828 1872 pon·
867 1836 869 1840 ⁴

128 1882 173 1916 tifex
184 1891 239 1926 quem
251 1887 306 1915 antea
316 1881 410 1924 grandeua
421 1885 505 1915 senectus
518 1892 539 1915 ac
550 1881 643 1925 decrepita
654 1881 769 1916 imbecillitas
779 1881 828 1916 incu-

129 1936 192 1968 ruabat
204 1934 270 1968 mirum
282 1933 301 1968 in
311 1935 391 1976 modum,
401 1935 480 1968 instante
490 1935 573 1977 prefixe¹
584 1935 694 1969 celebritatis
705 1935 740 1978 die,
748 1934 828 1978 speciali,

128 1993 148 2021 vt
163 1986 193 2031 pie
211 1986 297 2027 creditur,
313 1986 404 2020 Osmundi
419 1986 553 2030 patr0[cinio]¹⁰
568 1991 644 2030 repente
660 1988 756 2029 conualuit,
770 1989 796 2022 ita
810 1992 829 2022 vt

102 2051 120 2082 35
130 2038 247 2083 stupentibus
260 2038 330 2072 cunctis
341 2038 372 2081 qui
383 2038 486 2073 continuam
497 2041 536 2074 eius
546 2039 685 2074 inualitudinem
694 2046 789 2084 expertam
798 2040 827 2073 ha-

129 2092 191 2132 buere,
200 2090 262 2123 diuina
273 2090 333 2124 officia
344 2096 441 2134 ceteraque
452 2097 502 2126 tanta
513 2092 622 2134 necessaria,
631 2099 694 2127 mente
705 2093 801 2127 roboratus
811 2096 829 2126 et

129 2154 211 2188 corpore,
216 2143 289 2186 propria
296 2143 314 2177 in
322 2154 400 2187 persona
405 2145 506 2180 solenniter
511 2151 599 2181 executus
604 2145 632 2180 sit.
642 2145 713 2180 Verum
718 2146 761 2190 quid
768 2144 829 2180 multis

130 2199 165 2231 ista
170 2196 310 2231 strinxerimus?
322 2197 399 2232 sufficiat
406 2198 425 2232 in
434 2198 473 2233 eius
481 2199 554 2233 laudem
559 2199 588 2233 vel
596 2198 614 2233 id
622 2199 721 2242 presertim
726 2205 828 2233 ceterorum

130 2261 176 2295 pace
184 2254 288 2283 sanctorum
296 2250 382 2284 audacter
389 2251 476 2294 profiteri,
484 2262 521 2286 non
529 2252 581 2286 facile
589 2257 683 2296 repertum
691 2263 725 2296 pro
737 2263 773 2297 quo
783 2252 828 2285 deus

101 2317 121 2346 4⁰
130 2308 157 2336 tot
162 2302 273 2336 centenariis
281 2302 334 2337 annis
342 2308 409 2346 tanque
415 2304 426 2323 ¹¹
433 2304 558 2339 indesinenter
566 2316 630 2339 euram
638 2305 700 2348 populi
706 2310 792 2349 operatus
800 2303 828 2339 sit.

130 2355 153 2389 R.
164 2354 214 2388 Ante
227 2355 282 2387 deum
297 2365 373 2397 magnas
385 2356 461 2391 virtutes
474 2363 559 2399 operatus
573 2362 601 2391 est
606 2357 618 2378 ¹¹
631 2358 738 2392 Osmundus
750 2361 829 2397 sanctus,

149 2494 155 2512 ¹
166 2494 183 2523 E.
191 2497 207 2522 vt
214 2493 284 2530 talisque.
320 2492 326 2509 ¹
336 2493 354 2521 Ελ
362 2497 409 2524 tanta.
447 2494 453 2512 ³
463 2495 480 2523 E.
488 2496 537 2524 semel
544 2495 600 2525 iterum
607 2500 654 2533 atque
661 2496 723 2526 iterum.
753 2496 759 2514 ¹
770 2496 801 2525 SB.
808 2494 828 2523 id.

129 2533 135 2552 ¹
146 2534 163 2564 E.
172 2533 255 2562 recentius.
300 2531 306 2549 ⁶
316 2542 346 2562 orn.
354 2533 370 2562 in
378 2533 395 2563 E.
439 2533 445 2550 ¹
456 2534 487 2564 SB.
495 2535 590 2566 arbitramur.
635 2535 641 2552 ¹
651 2536 683 2566 ΞΒ,
690 2536 720 2566 Ast
727 2535 829 2574 impetratum.

128 2572 134 2591 ⁹
145 2573 163 2605 Ε,
171 2572 237 2611 prolixe·
278 2571 290 2589 ¹⁰
300 2572 318 2602 E.
325 2572 392 2611 patroni.
432 2572 443 2590 ¹¹
454 2573 472 2604 E.
480 2578 558 2612 tanquam.
599 2574 611 2595 ¹¹
621 2584 632 2605 r.
641 2580 665 2605 est
672 2579 752 2614 operatus.
