1762 2803
103 138 105 143 ’
140 133 184 172 626
404 126 528 187 appennis
546 128 577 173 ΙΙ.

139 249 273 295 necessariorum
288 249 428 292 desperacionem
444 249 521 292 pluribus
539 249 644 290 ingesserat:
665 248 741 291 Populus
756 248 807 291 igitur
821 253 843 285 ab

139 300 220 343 episcopo
233 299 332 343 predicante
345 299 459 332 commonitus
474 304 500 332 est
513 300 592 341 quatinus
607 300 658 332 deum
671 309 702 341 per
716 304 794 333 sanctum
808 303 843 335 Ed-

140 351 223 384 mundum
233 349 319 383 inuocaret
329 348 361 382 sibi
370 349 447 382 misereri
455 355 471 382 et
479 350 525 382 hanc
535 349 578 382 aen's
589 349 688 390 siccitatem,
696 349 770 382 futuram
780 351 843 386 famem

141 401 274 442 pretendentem,
283 410 314 440 pro
321 410 353 432 sua
360 400 424 441 pietate
431 400 528 432 remediari.
543 399 634 441 Finitoque
642 409 726 439 sermone,
734 401 792 441 presul
799 401 844 436 intus

123 460 131 488 5
141 449 190 489 redit,
198 450 234 481 uult
242 460 263 481 ac
271 450 342 491 precipit
349 455 368 481 vt
376 454 423 482 extra
431 450 517 481 deferatur
524 455 598 487 sanctus,
606 448 669 491 populo
677 448 754 481 fortassis
762 448 825 492 aliquid
834 462 844 483 a

141 499 173 532 deo
178 497 293 532 misericordie
298 498 400 541 prebiturus.
415 500 489 533 Sanctus
496 498 546 541 igitur
551 497 611 531 martir
617 508 655 530 cum
662 498 730 530 decenti
736 499 844 540 processione

140 548 180 583 foris
187 550 291 590 deportatus,
298 548 377 582 statuitur
384 549 401 582 in
409 548 464 591 plebis
470 549 528 583 medio
536 548 553 582 in
560 547 669 582 eminenciori
677 550 720 589 loco,
726 549 762 583 eius
768 554 804 583 toto
810 550 844 585 dis-

141 605 221 641 cooperto
229 600 295 639 locello,
302 611 322 632 ex
328 599 376 632 cuius
386 601 438 642 longa
442 601 523 642 qualitate
532 598 602 639 intelligi
611 598 666 640 potuit
672 598 788 632 introiacentis
794 611 844 633 vene-

141 651 196 682 randa
203 649 301 691 proceritas
325 651 364 691 Quo
370 651 419 688 facto,
428 651 484 692 presul
490 649 544 681 alcius
552 649 667 681 intermissum
674 649 735 690 repetit
743 659 844 689 sermonem,

115 713 133 734 lo
142 701 164 733 de
177 705 237 733 sancto
250 700 319 733 martire
332 700 377 743 plebi
390 698 527 743 [sermocinatur]
540 697 597 731 dulcia
608 698 658 731 simul
670 704 687 730 et
700 697 753 739 vtilia,
765 699 844 739 redigens

142 750 201 783 onmia
210 751 233 782 ad
244 751 302 783 anime
313 751 422 792 corporisque
433 750 555 790 necessariora,
566 750 645 791 quatinus
658 754 727 782 sanctus
738 750 784 790 apud
795 751 844 782 deum

143 802 212 834 veniam
221 801 328 842 presentibus
338 800 416 843 impetret
426 806 443 833 et
453 800 558 839 absentibus,
566 799 657 841 pluuieque
666 799 701 832 iarn
710 798 740 831 diu
750 798 844 832 deficientis

143 850 251 883 affluenciam
256 851 347 883 salutarem
354 850 474 891 indigentibus.
490 850 519 883 Sic
524 850 574 887 fatus,
580 850 614 882 alta
619 860 661 882 voce
666 851 718 882 tercio
724 849 815 890 repetitum
820 850 845 882 in-

143 905 193 931 tonat
201 899 328 939 ‘Kiricleyson,'
337 899 446 940 subsequitur
456 905 473 932 et
481 900 554 941 populus
564 900 598 931 hoc
608 899 654 931 idem
665 899 790 940 concrepand0,
798 900 845 932 vario

117 966 134 996 ¹5
143 948 212 992 quidem
222 954 306 981 concentu
317 949 348 981 sed
360 959 436 981 consono
447 948 513 981 affectu.
538 947 634 990 Statimque
644 946 727 980 serenitas
734 946 778 980 aeris
786 947 846 980 immu-

143 1005 193 1040 tatur,
209 1004 226 1032 et
238 1000 338 1041 repentinus
352 1000 413 1040 ymber
427 1001 503 1033 forenses
515 1005 560 1033 tecta
574 999 631 1033 subire
643 998 704 1041 coegit.
727 999 783 1031 Tanta
796 997 846 1040 igitur

143 1051 220 1084 vbertate
228 1060 268 1083 suos
276 1049 382 1083 exhiHerauit
389 1050 451 1083 eodem
459 1059 505 1083 anno
514 1050 589 1089 colonos,
597 1055 615 1082 vt
624 1050 665 1082 vltra
673 1059 725 1092 quam
733 1047 810 1081 meminit
818 1048 846 1082 illa

144 1107 180 1134 etas
193 1101 260 1141 frugum
273 1100 361 1142 protulerit
375 1101 486 1133 incrementa.
509 1101 556 1132 Dum
571 1100 603 1132 hec
619 1104 719 1141 agerentur:
737 1098 763 1131 vir
777 1099 846 1141 quidam

144 1150 260 1182 londoniensis
275 1151 360 1182 maculam
374 1151 391 1182 in
404 1152 453 1182 oculo
469 1150 534 1182 diucius
549 1151 621 1190 habens,
635 1149 783 1190 procumbensque
796 1160 847 1190 super

118 1216 136 1236 20
145 1210 224 1233 saxorum
237 1199 332 1232 colliculum
346 1210 379 1241 quo
394 1199 441 1241 prius
454 1199 508 1232 sancti
523 1199 570 1231 stetit
582 1199 668 1239 feretrum,
682 1197 769 1230 Edmundi
785 1209 846 1230 nomen

145 1248 255 1283 deuotissime
263 1248 372 1290 inclamabat,
380 1249 442 1282 deinde
450 1250 535 1291 lapidibus
545 1249 601 1290 tetigit
609 1249 686 1282 oculum:
699 1254 715 1281 et
728 1248 785 1282 statim
796 1258 847 1281 sanus

144 1299 214 1333 efl‘cctus
226 1306 257 1332 est.
280 1300 321 1332 Post
328 1299 419 1332 missarum
426 1299 499 1341 denique
509 1298 614 1341 sollempnia,
623 1299 726 1341 sollempnes
737 1299 767 1331 dat
776 1298 847 1331 antistes

145 1350 208 1392 populo
226 1349 363 1391 benedicciones,
382 1349 483 1382 delictorum
501 1350 565 1382 relaxat
583 1349 655 1389 vincula,
672 1349 778 1382 rnerencium
797 1349 848 1382 corda

145 1399 224 1439 letificat3
244 1400 352 1440 presentibus
367 1406 384 1432 et
399 1400 497 1432 absentibus
513 1401 535 1431 de
550 1400 624 1441 peccatis
642 1400 671 1432 dat
686 1400 759 1438 veniam,
775 1407 794 1432 ut
810 1399 846 1440 quia

118 1467 136 1496 25
145 1459 213 1492 cunque
223 1454 301 1480 sanctum
311 1449 398 1480 martirem
410 1449 428 1480 in
439 1448 552 1481 determinato
564 1447 645 1490 temporis
657 1447 716 1489 spacio
725 1454 785 1490 postea
792 1446 847 1489 requi-

145 1500 209 1540 sierint,
218 1499 264 1533 illam
272 1509 291 1532 se
298 1500 371 1542 adeptos
378 1500 483 1542 gratulentur
491 1498 623 1541 indulgenciam
644 1499 752 1533 Transfertur
760 1498 823 1542 itaque,
830 1503 848 1530 vt

146 1551 210 1583 dictum
226 1555 257 1591 est,
273 1560 334 1592 corpus
349 1550 395 1582 beati
415 1549 503 1582 Edmundi
518 1550 563 1591 regis
580 1555 597 1581 et
615 1549 689 1581 martiris
706 1548 823 1590 incorruptum
837 1558 847 1580 a

146 1600 243 1634 Walkelino
251 1599 358 1632 wintoniensi
366 1599 451 1642 episcopo,
460 1605 476 1631 et
484 1611 495 1632 a
502 1600 577 1632 Ranulfo
585 1604 626 1632 tunc
634 1599 679 1640 regis
687 1599 781 1640 capellano,
790 1603 848 1641 postca

146 1650 253 1683 dunelmensi
268 1650 355 1691 episcopo,
370 1650 388 1681 in
402 1655 510 1691 preparatam
525 1649 557 1681 sibi
573 1649 663 1681 basilicam
678 1660 716 1681 cum
731 1659 794 1689 magna
809 1648 847 1680 cleri

120 1716 138 1744 30
147 1699 236 1742 plebisque
250 1698 312 1738 leticia,
328 1699 355 1730 die
373 1705 389 1731 et
404 1709 450 1730 anno
465 1698 572 1740 supradictis,
588 1697 622 1730 iam
637 1698 674 1731 vice
693 1705 757 1740 quarta,
773 1705 789 1731 et
804 1704 848 1730 retro

147 1759 228 1790 magnum
236 1749 291 1782 altare
302 1750 385 1782 decenter
395 1748 497 1781 reconditur.
522 1749 580 1781 Primo
591 1758 666 1791 namque
679 1750 771 1782 translatus
782 1754 818 1782 erat
828 1748 848 1781 de

147 1800 215 1838 Hoxne,
223 1799 252 1831 vbi
260 1799 339 1832 occubuit
350 1798 431 1840 martirio,
440 1799 462 1831 ad
474 1797 639 1832 Beodricesuuorthe
651 1809 698 1831 anno
708 1810 719 1831 a
729 1798 810 1841 passione
819 1808 849 1831 sua

147 1848 233 1883 tricesimo
241 1855 288 1881 sexto
296 1861 299 1888 ;
311 1849 379 1890 deinde,
385 1856 455 1891 propter
463 1848 593 1881 infestacionem
601 1849 673 1882 Turkilli
679 1848 747 1882 comitis
754 1851 848 1889 Danorum,

147 1899 246 1932 Londonias
254 1899 276 1931 ab
284 1898 368 1931 Aielwino
378 1900 464 1931 monacho
475 1904 501 1931 est
511 1898 593 1931 aduectus
604 1908 650 1930 anno
661 1910 672 1931 a
682 1899 762 1941 passione
772 1899 848 1931 eiusdem

120 1963 138 1992 35
147 1947 241 1981 centesimo
253 1947 396 1991 quadragesimo3
409 1954 435 1980 set
445 1948 498 1981 tercio
505 1958 552 1980 anno
561 1954 643 1990 sequente
654 1949 676 1981 ad
686 1948 849 1982 Beodricesuuorthe

147 1998 169 2033 ab
184 1999 246 2032 eodeni
261 2003 288 2032 est
302 2004 391 2040 reuectus;
411 2004 472 2041 postea
486 1998 576 2033 transactis
589 2004 655 2042 septem
667 1998 716 2033 annis
731 2010 760 2033 rex
774 2000 849 2033 Canutus

147 2049 206 2083 eiectis
213 2049 278 2081 clericis
284 2050 378 2082 monachos
384 2049 448 2082 ibidem
456 2049 553 2088 introduxit,
560 2060 606 2082 anno
614 2050 693 2083 videlicet
701 2050 723 2083 ab
732 2049 850 2083 incarnacione

148 2100 213 2133 domini
224 2099 316 2132 Millesimo
325 2104 371 2140 .xx⁰.,
383 2110 455 2142 quorum
465 2100 487 2133 ab
499 2100 577 2141 ingressu
587 2100 650 2133 lxxv!⁰
660 2111 710 2141 anno,
721 2101 767 2133 facta
777 2100 808 2134 fuit
819 2100 850 2132 hec

148 2148 241 2183 translacio
249 2154 309 2192 quarta
317 2155 334 2181 et
341 2149 406 2190 vltima,
415 2150 437 2182 ad
445 2160 526 2191 magnam
534 2150 592 2191 populi
600 2150 675 2183 leticiam
682 2156 699 2182 et
710 2150 755 2183 beati
763 2148 850 2183 Edmundi

121 2214 141 2244 4⁰
149 2198 259 2241 omniumque
271 2205 369 2231 sanctorum
379 2199 456 2241 gloriam.
479 2199 565 2232 Translati
577 2205 616 2232 sunt
627 2199 748 2232 nichilominus
761 2210 800 2232 cum
811 2207 851 2239 rege

149 2249 249 2282 beatissimo
261 2255 278 2281 et
291 2249 366 2291 reliqniis
382 2250 439 2283 multis
454 2256 552 2283 sanctorum
568 2250 676 2284 deecclesia
687 2250 740 2283 veteri
756 2250 773 2283 in
788 2258 850 2283 nouam

150 2310 221 2341 corpora
229 2300 300 2331 duorum
308 2305 410 2340 sanctorum,
416 2300 496 2332 videlicet
503 2300 584 2342 Botulphi
592 2301 673 2343 episcopi,
680 2306 697 2333 et
706 2300 777 2333 Iurmini
785 2296 851 2333 clitonis

150 2356 167 2383 et
182 2355 241 2382 sancte
256 2349 326 2390 virginis
342 2350 447 2383 Ethcldrede
462 2350 546 2392 germani,
561 2351 652 2394 amboque,
667 2357 685 2385 ut
700 2351 809 2394 percipimus,
824 2348 851 2381 illo

151 2400 202 2434 delati
211 2406 287 2442 tempore
296 2399 382 2432 Leofstani
391 2399 464 2433 abbatis.
