1762 2803
240 122 286 178 Da
301 120 400 174 &anau
416 121 539 177 rosamo.
713 127 740 168 61

41 242 116 277 humani
131 243 234 289 quibusque
249 244 364 289 temporibus
378 243 397 278 in
413 254 434 279 se
448 248 570 279 reuertuntur.
597 243 655 278 Verbi
672 242 743 288 gratia:

40 297 99 330 Arant
107 296 196 339 homines,
204 297 301 338 seminant,
309 303 385 338 metunt,
393 297 469 340 molunt,
476 297 582 342 panificant,
590 297 694 331 comedunt.
715 296 743 330 En

41 349 136 383 circuitum
144 360 198 385 suum
206 351 254 385 mola
262 349 304 385 facit
311 353 314 385 l
323 350 413 395 repetitur
420 350 438 384 id
446 350 513 395 ipsum,
521 361 555 385 nec
564 349 667 394 requiescit.
686 348 744 384 Vides

41 401 91 437 enim
99 402 193 437 hominem
202 409 266 438 cuncta
273 413 331 448 opera
342 413 375 438 sua
385 413 420 447 pro
429 409 503 439 terreno
514 404 591 438 comodo
600 413 633 437 suo
641 402 744 444 facientem,

41 454 96 489 nichil
104 455 123 489 in
132 455 159 490 eis
166 455 202 490 nisi
212 456 337 491 transitorium
345 457 388 500 quid
397 456 544 491 desiderantem:
558 456 595 491 iste
603 455 678 500 quidem
687 455 743 495 molit,
752 466 761 495 5

41 507 84 552 quia
94 514 186 552 operatur,
197 510 231 543 sed
244 515 282 544 tota
293 509 352 543 farina
365 519 404 551 sua,
414 510 446 553 qui
459 510 528 544 fructus
540 514 568 544 est
579 508 647 553 operis,
658 519 669 543 a
682 507 744 550 fluuio,

42 560 59 594 id
72 565 106 603 est,
116 572 127 594 a
137 561 189 594 fluxu
200 561 288 595 secularis
297 561 390 604 desiderii,
399 562 470 607 rapitur
481 573 501 596 ac
513 561 642 607 precipitatur:
655 561 692 595 Hic
701 571 744 594 cum

42 613 61 647 in
75 613 113 648 fine
124 614 161 648 vite
175 624 208 648 sue
221 614 347 649 molendinum
362 624 455 658 egressus,
467 620 521 659 atque
533 615 551 649 in
563 616 639 649 domum
650 623 703 648 suam
715 623 744 647 re-

42 676 123 710 gressus,
131 677 208 711 operum
215 677 289 702 suorum
300 667 369 702 fructus
379 669 490 703 manducare
498 668 581 712 voluerit,
590 667 645 702 nichil
656 666 743 710 inueniet,

42 731 64 753 eo
76 720 125 762 quod
137 720 204 753 ssuuius
213 726 287 754 torrens
298 726 357 755 totum
368 721 474 756 absorbuit:
487 721 577 755 ieiunabit
589 731 639 765 ergo,
648 727 666 755 et
677 720 744 754 eritve
753 728 772 749 10

43 772 111 805 misero
118 772 137 806 in
146 778 235 807 eternum.
258 773 292 806 Est
302 773 348 807 alius
359 772 452 818 quisnam
460 784 497 807 non
505 774 580 807 omnino
591 773 669 806 farinam
679 772 744 816 perdit,

43 824 129 868 quoniam
144 836 193 859 nunc
208 825 287 869 aliquam
302 831 379 869 propter
393 826 448 860 deum
464 826 583 861 elemosinam
598 825 645 866 facit,
659 835 708 859 nunc
721 825 744 858 ad

43 877 140 912 ecclesiam
147 877 202 921 vadit,
210 878 304 912 infirmum
312 878 379 920 visitat,
387 883 405 912 et
413 878 453 913 aliis
461 878 515 913 bonis
525 877 614 913 intendit:
625 878 695 912 Verum
703 888 744 912 cum

43 930 59 964 is
70 929 111 973 ipse
123 930 247 975 voluptatibus
263 931 323 964 earnis
337 930 420 973 inseruit,
433 942 467 975 pro
479 930 538 965 illata¹
554 930 619 965 iniuria
633 941 668 975 per
683 930 745 964 odium

44 982 96 1024 seuit,
104 983 190 1017 humanis
197 983 281 1017 laudibus
289 983 374 1027 pascitur,
383 984 457 1027 crapula
465 988 483 1018 et
491 983 579 1018 ebrietate
589 983 665 1027 sopitur,
673 983 745 1018 horum·
755 995 773 1026 15

44 1046 80 1080 que
91 1035 181 1070 similibus
192 1041 296 1079 eneruatur,
307 1046 331 1070 ne
340 1037 398 1070 farine
406 1047 449 1081 pars
459 1036 540 1071 maxima
550 1041 619 1081 pereat,
630 1046 745 1081 nequaquam

44 1093 108 1123 cautus
115 1088 202 1133 inuigilat.
225 1089 273 1131 Quid
282 1089 305 1123 de
313 1088 348 1123 isto
356 1089 390 1124 erit
398 1089 417 1123 in
425 1090 499 1124 futuro?
510 1089 546 1124 nisi
554 1089 597 1134 quia
604 1089 680 1134 recipiet
692 1094 746 1133 prout

44 1140 106 1186 gessit.
129 1141 168 1176 Iam
182 1141 255 1176 tertium
270 1153 329 1187 genus
344 1142 363 1177 in
379 1142 443 1177 ordine
458 1143 590 1178 monachorum
605 1142 685 1177 intende.
713 1141 746 1177 Est

44 1194 99 1238 igitur
110 1194 212 1229 monachus
227 1196 262 1229 sub
277 1195 347 1229 abbatis
363 1195 392 1230 sui
407 1195 484 1239 imperio
500 1196 577 1239 positus,
592 1195 714 1230 obedientiam
726 1195 746 1229 in

44 1247 130 1281 omnibus
145 1257 181 1292 que
196 1249 298 1282 secundum
314 1248 369 1282 deum
386 1247 505 1292 iniunguntur
520 1248 621 1293 professus,
637 1259 675 1292 sua,
691 1246 709 1282 in
725 1258 774 1285 seso

44 1300 145 1345 quantum²
160 1305 193 1342 est,
208 1301 302 1335 voluntate
315 1311 409 1345 nunquam
422 1301 501 1336 claustra
514 1301 620 1336 monasterii
633 1312 668 1345 pro
680 1300 746 1345 quouis

45 1353 123 1387 seculari
132 1353 204 1397 negotio
214 1354 276 1397 egredi
286 1353 355 1387 volens.
379 1353 427 1387 Huic
435 1353 482 1389 sorte
492 1353 593 1398 precipitur
599 1358 619 1388 vt
628 1359 680 1388 extra
689 1353 745 1387 claus-

45 1411 99 1448 trum,
106 1412 126 1441 vt
133 1406 225 1451 prefatum
233 1412 267 1450 est,
274 1412 349 1451 pergat,
360 1412 378 1441 et
388 1417 425 1441 non
435 1407 505 1442 audens
517 1417 608 1449 recusare,
618 1411 675 1452 paret.
698 1406 746 1441 Eece

45 1460 96 1494 venit
115 1461 137 1494 ad
157 1460 230 1502 molam,
249 1461 354 1494 necessario
372 1460 423 1494 illurn
446 1460 516 1494 molere
539 1465 617 1504 oportet.
646 1460 747 1503 Insurguut

46 1511 132 1547 hincinde
144 1512 224 1557 querele,
238 1511 309 1556 placita,
324 1512 371 1547 lites.
394 1512 488 1547 Custodiat
500 1523 544 1557 ergo
558 1511 632 1557 sapiens
645 1511 747 1547 monachus
756 1528 774 1558 25

46 1565 124 1599 farinam
135 1575 192 1606 suam,
201 1575 279 1609 eamque
286 1564 305 1598 in
312 1576 345 1599 vas
353 1575 407 1599 suum
418 1565 515 1609 diligenter
524 1565 605 1610 recipiat,
613 1575 637 1599 ne
645 1565 663 1599 in
672 1564 748 1599 lluuium

46 1618 120 1652 dessuat.
143 1617 203 1651 Nichil
215 1628 250 1660 per
261 1617 335 1652 inanem
347 1618 451 1652 iactantiam
463 1623 510 1660 agat,
522 1618 578 1652 nichil
590 1619 639 1661 quod
650 1619 696 1652 deus
707 1627 748 1661 pro·

46 1670 102 1712 hibet,
110 1669 205 1704 cuiuslibet
214 1670 260 1704 lucri
271 1669 329 1713 gratia
341 1670 404 1713 faciat;
417 1670 525 1710 obedientie,
534 1681 570 1715 que
579 1669 614 1704 sibi
625 1670 705 1704 iniuncta
714 1675 748 1711 est,

47 1723 72 1757 ita
79 1724 152 1757 studeat
160 1727 180 1757 vt
190 1727 208 1757 et
217 1733 248 1756 res
258 1723 336 1756 ecclesie
346 1728 410 1757 contra
420 1733 485 1757 omnes
495 1723 572 1757 viriliter
582 1722 666 1767 iusteque
676 1729 749 1757 tueatur

47 1781 66 1810 et
76 1780 164 1819 protegat,
177 1779 195 1808 et
208 1776 232 1809 de
244 1775 304 1809 alieno
315 1786 350 1819 per
361 1775 471 1810 iniusticiam
484 1776 507 1809 ad
520 1775 621 1810 dominium
634 1775 712 1810 ecclesie
723 1775 777 1821 ni130

47 1828 123 1872 redigat.
139 1827 228 1870 Quamuis
235 1828 333 1872 aliquando
341 1840 375 1872 pro
383 1828 450 1862 talibus
456 1827 523 1863 missas
529 1830 600 1872 perdat,
606 1828 699 1872 loquatur³
707 1839 749 1863 cum

47 1880 112 1914 fratres
120 1884 185 1921 tacent,
193 1884 212 1913 et
219 1881 298 1923 quedam
307 1880 373 1914 similia
381 1880 434 1914 saciat
441 1881 471 1914 vel
479 1880 567 1922 dimittat,
576 1881 680 1915 obedientie
685 1880 749 1921 virtus,

47 1944 102 1978 quam
113 1937 192 1974 exercet,
202 1932 236 1966 hec
247 1937 312 1966 cuncta
320 1932 416 1974 consumit,
425 1937 444 1967 et
453 1943 487 1967 vas
497 1943 551 1968 suum
563 1932 654 1977 integrum
665 1943 748 1973 seruans,

47 1986 125 2022 farinam
136 1987 159 2021 de
171 1996 204 2020 sua
216 1985 264 2020 mola
277 1985 371 2029 ssuentem,
384 1997 420 2030 que
432 1985 483 2021 illum
495 1985 600 2021 eternaliter
611 1992 680 2031 pascat,
692 1991 748 2021 totam

47 2051 68 2074 ac
76 2050 141 2084 puram
149 2039 216 2083 colligit
227 2044 282 2083 atque
292 2040 387 2074 recondit:
400 2039 442 2073 Non
452 2039 502 2074 enim
512 2040 614 2074 secundum
624 2050 704 2081 carnem,
715 2040 748 2074 sed
757 2055 776 2086 35

48 2093 150 2127 secundum
158 2091 280 2126 obedientiam
288 2091 366 2126 incedit,¹
398 2084 494 2127 Secularia
502 2092 578 2135 negocia
583 2092 685 2126 Anselmus
693 2102 749 2136 equa·

48 2146 122 2180 nimiter
135 2146 184 2179 ferre
196 2144 288 2188 nequibat,
303 2145 337 2178 sed
349 2155 383 2188 pro
399 2156 455 2188 posse
472 2155 506 2179 suo
519 2145 579 2179 modis
594 2145 680 2178 omnibus
696 2155 749 2179 suam

48 2198 75 2233 eis
90 2198 203 2242 presentiam
220 2196 342 2231 subtrahebat.
369 2196 390 2231 Si
406 2202 467 2231 autem
483 2197 523 2231 talis
539 2207 594 2232 causa
610 2197 716 2241 emergebat
730 2203 750 2232 vt

48 2251 153 2285 necessario
161 2251 222 2295 ipsum
230 2250 319 2284 interesse
329 2255 428 2293 oporteret,
439 2250 474 2284 soli
484 2249 556 2284 veritati
564 2249 637 2291 studuit,
647 2249 691 2284 nulli
702 2249 750 2285 irau-

49 2304 97 2346 dem,
110 2303 155 2350 nulli
167 2302 289 2348 preiudicium
300 2301 403 2346 patiebatur
416 2302 485 2337 infern'.
508 2302 566 2345 ‘Quia
572 2304 584 2344 ⁴,
596 2302 659 2346 inquit,
675 2313 749 2338 omnem
758 2319 778 2349 40

48 2355 159 2390 secularium
170 2366 232 2389 rerum
244 2365 326 2389 amorem
337 2360 356 2389 et
369 2354 536 2399 concupiscentiam
548 2356 571 2389 ab
584 2355 645 2388 animo
658 2367 700 2389 meo
713 2356 750 2390 iam

49 2409 118 2444 dudum
128 2408 195 2454 pepuli,
208 2409 287 2454 qualiter
298 2408 317 2442 iu
329 2406 389 2443 causis
402 2416 465 2442 earum
478 2407 530 2442 sortis
541 2413 560 2442 et
571 2407 649 2452 diligens
660 2409 751 2445 existam?

50 2462 77 2496 Ita
92 2462 142 2496 enim
154 2472 208 2496 mens
221 2473 263 2497 mea
276 2462 348 2495 illarum
361 2462 437 2495 horrore
449 2460 556 2504 concutitur,
570 2460 617 2495 sieut
628 2462 695 2505 infans,
709 2474 751 2497 cum

49 2514 110 2559 aliqua
121 2514 207 2550 terribilis
217 2514 277 2559 imago
287 2514 345 2549 vultui
354 2514 394 2548 eius
405 2513 459 2548 luerit
468 2513 533 2548 oblata.
557 2514 595 2549 Nec
607 2514 626 2549 in
638 2526 702 2550 earum
715 2516 751 2551 dis-

131 2584 203 2625 ¹T.illa.
233 2583 348 2621 ²T.quantum
356 2584 401 2612 inse.
432 2583 552 2620 ³E.loquetur.
582 2583 667 2622 'Vitqui
