<?xml version="1.0" encoding="UTF-8"?>
<!DOCTYPE html PUBLIC "-//W3C//DTD XHTML 1.0 Transitional//EN"
    "http://www.w3.org/TR/xhtml1/DTD/xhtml1-transitional.dtd">
<html xmlns="http://www.w3.org/1999/xhtml" xml:lang="en" lang="en">
 <head>
  <title>
</title>
<meta http-equiv="Content-Type" content="text/html;charset=utf-8" />
  <meta name='ocr-system' content='tesseract 3.04.00' />
  <meta name='ocr-capabilities' content='ocr_page ocr_carea ocr_par ocr_line ocrx_word'/>
</head>
<body>
  <div class='ocr_page' id='page_1' title='image "./MN5111ucmf_0/MN5111ucmf_0_0813.png"; bbox 0 0 1762 2803; ppageno 0'>
   <div class='ocr_carea' id='block_1_1' title="bbox 253 83 767 150">
    <p class='ocr_par' dir='ltr' id='par_1_1' title="bbox 253 83 767 150">
     <span class='ocr_line' id='line_1_1' title="bbox 253 83 767 150; baseline -0.016 -12"><span class='ocrx_word' id='word_1_1' title='bbox 253 85 299 140; x_wconf 61' lang='lat' dir='ltr'>Di</span> <span class='ocrx_word' id='word_1_2' title='bbox 314 83 416 138; x_wconf 51' lang='lat' dir='ltr'>&amp;mitid</span> <span class='ocrx_word' id='word_1_3' title='bbox 432 84 564 150; x_wconf 62' lang='grc' dir='ltr'>Θῇίίῦϊῑῦθ.</span> <span class='ocrx_word' id='word_1_4' title='bbox 724 99 767 143; x_wconf 85' lang='grc' dir='ltr'>ι97</span> 
     </span>
    </p>
   </div>
   <div class='ocr_carea' id='block_1_2' title="bbox 64 204 799 1883">
    <p class='ocr_par' dir='ltr' id='par_1_2' title="bbox 64 204 799 1883">
     <span class='ocr_line' id='line_1_2' title="bbox 65 204 767 251; baseline 0.003 -11"><span class='ocrx_word' id='word_1_5' title='bbox 65 204 126 240; x_wconf 87' lang='lat' dir='ltr'>dantia</span> <span class='ocrx_word' id='word_1_6' title='bbox 132 207 203 241; x_wconf 77' lang='lat' dir='ltr'>vestra.¹</span> <span class='ocrx_word' id='word_1_7' title='bbox 227 206 298 249; x_wconf 86' lang='lat' dir='ltr'>Quibus</span> <span class='ocrx_word' id='word_1_8' title='bbox 306 217 317 240; x_wconf 92' lang='lat' dir='ltr'>a</span> <span class='ocrx_word' id='word_1_9' title='bbox 324 206 385 241; x_wconf 90' lang='lat' dir='ltr'>multis</span> <span class='ocrx_word' id='word_1_10' title='bbox 393 206 459 241; x_wconf 89' lang='lat' dir='ltr'>auditis</span> <span class='ocrx_word' id='word_1_11' title='bbox 467 207 529 251; x_wconf 90' lang='lat' dir='ltr'>open&#39;s</span> <span class='ocrx_word' id='word_1_12' title='bbox 535 207 686 242; x_wconf 90' lang='lat' dir='ltr'>consummationi</span> <span class='ocrx_word' id='word_1_13' title='bbox 691 207 767 242; x_wconf 88' lang='lat' dir='ltr'>sedule¹</span> 
     </span>
     <span class='ocr_line' id='line_1_3' title="bbox 64 258 765 305; baseline 0.003 -13"><span class='ocrx_word' id='word_1_14' title='bbox 64 258 178 294; x_wconf 83' lang='lat' dir='ltr'><strong>insistebant.</strong></span> <span class='ocrx_word' id='word_1_15' title='bbox 194 258 217 293; x_wconf 89' lang='lat' dir='ltr'>Et</span> <span class='ocrx_word' id='word_1_16' title='bbox 225 271 266 294; x_wconf 88' lang='lat' dir='ltr'>curn</span> <span class='ocrx_word' id='word_1_17' title='bbox 273 259 343 304; x_wconf 86' lang='lat' dir='ltr'>lignum</span> <span class='ocrx_word' id='word_1_18' title='bbox 351 260 425 301; x_wconf 82' lang='lat' dir='ltr'>trabale,</span> <span class='ocrx_word' id='word_1_19' title='bbox 430 260 450 294; x_wconf 91' lang='lat' dir='ltr'>in</span> <span class='ocrx_word' id='word_1_20' title='bbox 458 271 494 304; x_wconf 93' lang='lat' dir='ltr'>quo</span> <span class='ocrx_word' id='word_1_21' title='bbox 500 260 593 305; x_wconf 84' lang='lat' dir='ltr'>laquearia</span> <span class='ocrx_word' id='word_1_22' title='bbox 600 260 643 296; x_wconf 89' lang='lat' dir='ltr'>tecti</span> <span class='ocrx_word' id='word_1_23' title='bbox 649 261 749 305; x_wconf 86' lang='lat' dir='ltr'>figerentur</span> <span class='ocrx_word' id='word_1_24' title='bbox 753 261 765 303; x_wconf 72' lang='lat'>³,</span> 
     </span>
     <span class='ocr_line' id='line_1_4' title="bbox 64 312 767 358; baseline 0.004 -14"><span class='ocrx_word' id='word_1_25' title='bbox 64 312 122 345; x_wconf 88' lang='lat' dir='ltr'>tribus</span> <span class='ocrx_word' id='word_1_26' title='bbox 133 312 212 355; x_wconf 90' lang='lat' dir='ltr'>pedibus</span> <span class='ocrx_word' id='word_1_27' title='bbox 223 313 318 346; x_wconf 88' lang='lat' dir='ltr'>inuentum</span> <span class='ocrx_word' id='word_1_28' title='bbox 330 319 380 346; x_wconf 88' lang='lat' dir='ltr'>esset</span> <span class='ocrx_word' id='word_1_29' title='bbox 391 314 465 346; x_wconf 87' lang='lat' dir='ltr'>breuius</span> <span class='ocrx_word' id='word_1_30' title='bbox 476 315 551 357; x_wconf 87' lang='lat' dir='ltr'>pariete,</span> <span class='ocrx_word' id='word_1_31' title='bbox 563 314 591 347; x_wconf 91' lang='lat' dir='ltr'>cui</span> <span class='ocrx_word' id='word_1_32' title='bbox 607 319 767 358; x_wconf 86' lang='lat' dir='ltr'>superponeretur,</span> 
     </span>
     <span class='ocr_line' id='line_1_5' title="bbox 64 364 768 411; baseline 0.003 -13"><span class='ocrx_word' id='word_1_33' title='bbox 64 364 181 398; x_wconf 76' lang='lat' dir='ltr'>contristatus</span> <span class='ocrx_word' id='word_1_34' title='bbox 193 365 259 400; x_wconf 82' lang='lat' dir='ltr'>artifex</span> <span class='ocrx_word' id='word_1_35' title='bbox 274 366 326 400; x_wconf 90' lang='lat' dir='ltr'>beate</span> <span class='ocrx_word' id='word_1_36' title='bbox 342 365 432 399; x_wconf 89' lang='lat' dir='ltr'>Mildrede</span> <span class='ocrx_word' id='word_1_37' title='bbox 447 365 534 401; x_wconf 79' lang='lat' dir='ltr'>auxilium</span> <span class='ocrx_word' id='word_1_38' title='bbox 550 366 657 411; x_wconf 78' lang='lat' dir='ltr'>suppliciter</span> <span class='ocrx_word' id='word_1_39' title='bbox 671 366 768 401; x_wconf 88' lang='lat' dir='ltr'>inuocauit.</span> 
     </span>
     <span class='ocr_line' id='line_1_6' title="bbox 65 417 785 464; baseline 0.006 -14"><span class='ocrx_word' id='word_1_40' title='bbox 65 418 120 451; x_wconf 87' lang='lat' dir='ltr'>Mane</span> <span class='ocrx_word' id='word_1_41' title='bbox 128 422 189 451; x_wconf 89' lang='lat' dir='ltr'>autem</span> <span class='ocrx_word' id='word_1_42' title='bbox 197 417 249 460; x_wconf 86' lang='lat' dir='ltr'>sacto,</span> <span class='ocrx_word' id='word_1_43' title='bbox 256 418 307 452; x_wconf 84' lang='lat' dir='ltr'>iuxta</span> <span class='ocrx_word' id='word_1_44' title='bbox 316 428 421 452; x_wconf 88' lang='lat' dir='ltr'>mensuram</span> <span class='ocrx_word' id='word_1_45' title='bbox 433 418 483 463; x_wconf 91' lang='lat' dir='ltr'>operi</span> <span class='ocrx_word' id='word_1_46' title='bbox 494 424 561 463; x_wconf 82' lang='lat' dir='ltr'>aptam,</span> <span class='ocrx_word' id='word_1_47' title='bbox 569 419 627 454; x_wconf 89' lang='lat' dir='ltr'>tribus</span> <span class='ocrx_word' id='word_1_48' title='bbox 638 419 717 464; x_wconf 90' lang='lat' dir='ltr'>pedibus</span> <span class='ocrx_word' id='word_1_49' title='bbox 725 429 767 464; x_wconf 87' lang='lat' dir='ltr'>pro·</span> <span class='ocrx_word' id='word_1_50' title='bbox 776 431 785 462; x_wconf 83' lang='lat'><em>5</em></span> 
     </span>
     <span class='ocr_line' id='line_1_7' title="bbox 64 464 768 516; baseline 0.001 -11"><span class='ocrx_word' id='word_1_51' title='bbox 64 470 147 505; x_wconf 75' lang='lat' dir='ltr'>ductius³</span> <span class='ocrx_word' id='word_1_52' title='bbox 161 472 257 515; x_wconf 87' lang='lat' dir='ltr'>reperitur.</span> <span class='ocrx_word' id='word_1_53' title='bbox 302 464 372 507; x_wconf 86' lang='lat' dir='ltr'>Senior</span> <span class='ocrx_word' id='word_1_54' title='bbox 384 471 464 516; x_wconf 84' lang='lat' dir='ltr'>quidam,</span> <span class='ocrx_word' id='word_1_55' title='bbox 476 473 498 506; x_wconf 90' lang='lat' dir='ltr'>de</span> <span class='ocrx_word' id='word_1_56' title='bbox 510 473 563 507; x_wconf 88' lang='lat' dir='ltr'>beata</span> <span class='ocrx_word' id='word_1_57' title='bbox 575 472 672 514; x_wconf 86' lang='lat' dir='ltr'>Mildreda,</span> <span class='ocrx_word' id='word_1_58' title='bbox 685 473 733 516; x_wconf 94' lang='lat' dir='ltr'>quod</span> <span class='ocrx_word' id='word_1_59' title='bbox 748 472 768 507; x_wconf 90' lang='lat' dir='ltr'>in</span> 
     </span>
     <span class='ocr_line' id='line_1_8' title="bbox 65 523 768 569; baseline 0.001 -11"><span class='ocrx_word' id='word_1_60' title='bbox 65 523 143 558; x_wconf 86' lang='lat' dir='ltr'>ecclesia</span> <span class='ocrx_word' id='word_1_61' title='bbox 150 523 208 558; x_wconf 86' lang='lat' dir='ltr'>sancti</span> <span class='ocrx_word' id='word_1_62' title='bbox 220 524 303 568; x_wconf 84' lang='lat' dir='ltr'>Gregorii</span> <span class='ocrx_word' id='word_1_63' title='bbox 314 524 417 567; x_wconf 87' lang='lat' dir='ltr'>Cantuarie,</span> <span class='ocrx_word' id='word_1_64' title='bbox 424 525 455 559; x_wconf 92' lang='lat' dir='ltr'>vbi</span> <span class='ocrx_word' id='word_1_65' title='bbox 465 525 547 560; x_wconf 89' lang='lat' dir='ltr'>canonici</span> <span class='ocrx_word' id='word_1_66' title='bbox 557 531 600 560; x_wconf 90' lang='lat' dir='ltr'>sunt</span> <span class='ocrx_word' id='word_1_67' title='bbox 611 525 709 569; x_wconf 84' lang='lat' dir='ltr'>regulares,</span> <span class='ocrx_word' id='word_1_68' title='bbox 718 531 768 559; x_wconf 88' lang='lat' dir='ltr'>teue-</span> 
     </span>
     <span class='ocr_line' id='line_1_9' title="bbox 65 576 767 621; baseline 0.003 -12"><span class='ocrx_word' id='word_1_69' title='bbox 65 581 116 609; x_wconf 87' lang='lat' dir='ltr'>retur</span> <span class='ocrx_word' id='word_1_70' title='bbox 129 581 147 610; x_wconf 90' lang='lat' dir='ltr'>et</span> <span class='ocrx_word' id='word_1_71' title='bbox 160 588 227 620; x_wconf 91' lang='lat' dir='ltr'>corpus</span> <span class='ocrx_word' id='word_1_72' title='bbox 240 576 279 610; x_wconf 90' lang='lat' dir='ltr'>eius</span> <span class='ocrx_word' id='word_1_73' title='bbox 292 576 360 610; x_wconf 88' lang='lat' dir='ltr'>ibidem</span> <span class='ocrx_word' id='word_1_74' title='bbox 373 577 468 619; x_wconf 86' lang='lat' dir='ltr'>coleretur,</span> <span class='ocrx_word' id='word_1_75' title='bbox 480 588 549 619; x_wconf 86' lang='lat' dir='ltr'>errans,</span> <span class='ocrx_word' id='word_1_76' title='bbox 562 578 606 612; x_wconf 92' lang='lat' dir='ltr'>vidit</span> <span class='ocrx_word' id='word_1_77' title='bbox 618 578 636 612; x_wconf 93' lang='lat' dir='ltr'>in</span> <span class='ocrx_word' id='word_1_78' title='bbox 650 578 734 621; x_wconf 90' lang='lat' dir='ltr'>sompnis</span> <span class='ocrx_word' id='word_1_79' title='bbox 748 577 767 612; x_wconf 95' lang='lat' dir='ltr'>in</span> 
     </span>
     <span class='ocr_line' id='line_1_10' title="bbox 65 628 768 674; baseline 0.003 -12"><span class='ocrx_word' id='word_1_80' title='bbox 65 628 120 663; x_wconf 89' lang='lat' dir='ltr'>natali</span> <span class='ocrx_word' id='word_1_81' title='bbox 128 629 210 664; x_wconf 89' lang='lat' dir='ltr'>eiusdem</span> <span class='ocrx_word' id='word_1_82' title='bbox 220 629 296 673; x_wconf 87' lang='lat' dir='ltr'>virginis</span> <span class='ocrx_word' id='word_1_83' title='bbox 308 629 394 674; x_wconf 86' lang='lat' dir='ltr'>angelum</span> <span class='ocrx_word' id='word_1_84' title='bbox 407 629 475 664; x_wconf 91' lang='lat' dir='ltr'>domini</span> <span class='ocrx_word' id='word_1_85' title='bbox 486 630 521 665; x_wconf 87' lang='lat' dir='ltr'>sibi</span> <span class='ocrx_word' id='word_1_86' title='bbox 532 630 635 666; x_wconf 83' lang='lat' dir='ltr'>dicentem:</span> <span class='ocrx_word' id='word_1_87' title='bbox 648 630 718 674; x_wconf 89' lang='lat' dir='ltr'>‘Surge</span> <span class='ocrx_word' id='word_1_88' title='bbox 726 630 768 673; x_wconf 89' lang='lat' dir='ltr'>iam,</span> 
     </span>
     <span class='ocr_line' id='line_1_11' title="bbox 65 682 797 728; baseline 0 -12"><span class='ocrx_word' id='word_1_89' title='bbox 65 693 120 725; x_wconf 85' lang='lat' dir='ltr'>surge</span> <span class='ocrx_word' id='word_1_90' title='bbox 131 687 149 716; x_wconf 86' lang='lat' dir='ltr'>et</span> <span class='ocrx_word' id='word_1_91' title='bbox 160 683 183 716; x_wconf 89' lang='lat' dir='ltr'>ad</span> <span class='ocrx_word' id='word_1_92' title='bbox 195 682 269 726; x_wconf 82' lang='lat' dir='ltr'>nuptias</span> <span class='ocrx_word' id='word_1_93' title='bbox 281 689 344 717; x_wconf 90' lang='lat' dir='ltr'>sancte</span> <span class='ocrx_word' id='word_1_94' title='bbox 356 682 433 727; x_wconf 86' lang='lat' dir='ltr'>virginis</span> <span class='ocrx_word' id='word_1_95' title='bbox 447 683 536 718; x_wconf 90' lang='lat' dir='ltr'>Mildrede</span> <span class='ocrx_word' id='word_1_96' title='bbox 548 685 638 728; x_wconf 65' lang='lat' dir='ltr'>procede!</span> <span class='ocrx_word' id='word_1_97' title='bbox 661 684 702 726; x_wconf 83' lang='lat' dir='ltr'>Quo</span> <span class='ocrx_word' id='word_1_98' title='bbox 715 684 768 718; x_wconf 91' lang='lat' dir='ltr'>tertio</span> <span class='ocrx_word' id='word_1_99' title='bbox 778 695 797 717; x_wconf 88' lang='grc' dir='ltr'>ιο</span> 
     </span>
     <span class='ocr_line' id='line_1_12' title="bbox 65 734 768 780; baseline 0.004 -11"><span class='ocrx_word' id='word_1_100' title='bbox 65 734 130 777; x_wconf 89' lang='lat' dir='ltr'>audito,</span> <span class='ocrx_word' id='word_1_101' title='bbox 138 735 170 769; x_wconf 91' lang='lat' dir='ltr'>ille</span> <span class='ocrx_word' id='word_1_102' title='bbox 177 735 283 779; x_wconf 89' lang='lat' dir='ltr'>respondit:</span> <span class='ocrx_word' id='word_1_103' title='bbox 296 736 342 770; x_wconf 92' lang='lat' dir='ltr'>‘Vbi</span> <span class='ocrx_word' id='word_1_104' title='bbox 350 747 413 780; x_wconf 90' lang='lat' dir='ltr'>queso,</span> <span class='ocrx_word' id='word_1_105' title='bbox 422 737 451 777; x_wconf 92' lang='lat' dir='ltr'>ait,</span> <span class='ocrx_word' id='word_1_106' title='bbox 459 737 538 779; x_wconf 92' lang='lat' dir='ltr'>domine,</span> <span class='ocrx_word' id='word_1_107' title='bbox 546 748 587 772; x_wconf 91' lang='lat' dir='ltr'>eam</span> <span class='ocrx_word' id='word_1_108' title='bbox 598 747 640 772; x_wconf 90' lang='lat' dir='ltr'>esse</span> <span class='ocrx_word' id='word_1_109' title='bbox 648 737 757 772; x_wconf 79' lang='lat' dir='ltr'>credemus?</span> <span class='ocrx_word' id='word_1_110' title='bbox 764 739 768 753; x_wconf 84' lang='lat'>’</span> 
     </span>
     <span class='ocr_line' id='line_1_13' title="bbox 66 789 767 834; baseline 0.003 -12"><span class='ocrx_word' id='word_1_111' title='bbox 66 789 132 832; x_wconf 86' lang='lat' dir='ltr'>‘Apud</span> <span class='ocrx_word' id='word_1_112' title='bbox 149 794 232 823; x_wconf 89' lang='lat' dir='ltr'>sanctum</span> <span class='ocrx_word' id='word_1_113' title='bbox 247 789 382 833; x_wconf 85' lang='lat' dir='ltr'>Augustinum,¹</span> <span class='ocrx_word' id='word_1_114' title='bbox 398 789 456 833; x_wconf 90' lang='lat' dir='ltr'>inquit</span> <span class='ocrx_word' id='word_1_115' title='bbox 471 791 552 834; x_wconf 80' lang='lat' dir='ltr'>angelus.</span> <span class='ocrx_word' id='word_1_116' title='bbox 575 791 598 824; x_wconf 86' lang='lat' dir='ltr'>Et</span> <span class='ocrx_word' id='word_1_117' title='bbox 613 790 655 824; x_wconf 87' lang='lat' dir='ltr'>illc:</span> <span class='ocrx_word' id='word_1_118' title='bbox 675 790 715 824; x_wconf 85' lang='lat' dir='ltr'>‘An</span> <span class='ocrx_word' id='word_1_119' title='bbox 731 801 767 824; x_wconf 95' lang='lat' dir='ltr'>non</span> 
     </span>
     <span class='ocr_line' id='line_1_14' title="bbox 65 840 769 885; baseline 0.004 -11"><span class='ocrx_word' id='word_1_120' title='bbox 65 840 125 884; x_wconf 91' lang='lat' dir='ltr'>potius</span> <span class='ocrx_word' id='word_1_121' title='bbox 134 846 167 883; x_wconf 86' lang='lat' dir='ltr'>est,</span> <span class='ocrx_word' id='word_1_122' title='bbox 172 841 236 885; x_wconf 89' lang='lat' dir='ltr'>inquit,</span> <span class='ocrx_word' id='word_1_123' title='bbox 244 843 293 885; x_wconf 88' lang='lat' dir='ltr'>apud</span> <span class='ocrx_word' id='word_1_124' title='bbox 302 841 359 875; x_wconf 91' lang='lat' dir='ltr'>sancti</span> <span class='ocrx_word' id='word_1_125' title='bbox 368 840 450 885; x_wconf 86' lang='lat' dir='ltr'>Gregorii</span> <span class='ocrx_word' id='word_1_126' title='bbox 459 841 561 883; x_wconf 87' lang='lat' dir='ltr'>ecclesiam,</span> <span class='ocrx_word' id='word_1_127' title='bbox 567 848 585 877; x_wconf 91' lang='lat' dir='ltr'>vt</span> <span class='ocrx_word' id='word_1_128' title='bbox 594 853 628 877; x_wconf 90' lang='lat' dir='ltr'>nos</span> <span class='ocrx_word' id='word_1_129' title='bbox 636 842 746 877; x_wconf 88' lang='lat' dir='ltr'>arbitramur</span> <span class='ocrx_word' id='word_1_130' title='bbox 752 845 769 877; x_wconf 77' lang='lat' dir='ltr'>i&#39;</span> 
     </span>
     <span class='ocr_line' id='line_1_15' title="bbox 66 893 768 940; baseline 0.003 -13"><span class='ocrx_word' id='word_1_131' title='bbox 66 894 197 936; x_wconf 82' lang='lat' dir='ltr'>‘Nequaquam</span> <span class='ocrx_word' id='word_1_132' title='bbox 210 893 229 927; x_wconf 92' lang='lat' dir='ltr'>id</span> <span class='ocrx_word' id='word_1_133' title='bbox 242 895 317 935; x_wconf 88' lang='lat' dir='ltr'>credas,’</span> <span class='ocrx_word' id='word_1_134' title='bbox 328 894 353 928; x_wconf 89' lang='lat' dir='ltr'>ait</span> <span class='ocrx_word' id='word_1_135' title='bbox 366 894 407 936; x_wconf 90' lang='lat' dir='ltr'>ille;</span> <span class='ocrx_word' id='word_1_136' title='bbox 424 894 463 928; x_wconf 87' lang='lat' dir='ltr'>‘lbi</span> <span class='ocrx_word' id='word_1_137' title='bbox 476 894 525 929; x_wconf 89' lang='lat' dir='ltr'>enim</span> <span class='ocrx_word' id='word_1_138' title='bbox 538 906 632 940; x_wconf 88' lang='lat' dir='ltr'>nunquam</span> <span class='ocrx_word' id='word_1_139' title='bbox 643 894 687 939; x_wconf 68' lang='lat' dir='ltr'>suit,</span> <span class='ocrx_word' id='word_1_140' title='bbox 704 906 768 930; x_wconf 89' lang='lat' dir='ltr'>verum</span> 
     </span>
     <span class='ocr_line' id='line_1_16' title="bbox 65 947 796 992; baseline 0.001 -12"><span class='ocrx_word' id='word_1_141' title='bbox 65 947 188 981; x_wconf 86' lang='lat' dir='ltr'>indubitanter</span> <span class='ocrx_word' id='word_1_142' title='bbox 203 949 250 981; x_wconf 89' lang='lat' dir='ltr'>scias</span> <span class='ocrx_word' id='word_1_143' title='bbox 266 948 308 991; x_wconf 88' lang='lat' dir='ltr'>quia</span> <span class='ocrx_word' id='word_1_144' title='bbox 323 948 372 991; x_wconf 90' lang='lat' dir='ltr'>apud</span> <span class='ocrx_word' id='word_1_145' title='bbox 387 953 470 982; x_wconf 90' lang='lat' dir='ltr'>sanctum</span> <span class='ocrx_word' id='word_1_146' title='bbox 486 948 611 992; x_wconf 86' lang='lat' dir='ltr'>Augustinum</span> <span class='ocrx_word' id='word_1_147' title='bbox 625 949 664 982; x_wconf 67' lang='lat' dir='ltr'>est)</span> <span class='ocrx_word' id='word_1_148' title='bbox 687 947 711 982; x_wconf 88' lang='lat' dir='ltr'>Et</span> <span class='ocrx_word' id='word_1_149' title='bbox 725 959 768 983; x_wconf 87' lang='lat' dir='ltr'>ecce</span> <span class='ocrx_word' id='word_1_150' title='bbox 778 959 796 989; x_wconf 84' lang='lat'>15</span> 
     </span>
     <span class='ocr_line' id='line_1_17' title="bbox 66 998 768 1045; baseline 0.001 -11"><span class='ocrx_word' id='word_1_151' title='bbox 66 998 125 1034; x_wconf 91' lang='lat' dir='ltr'>subito</span> <span class='ocrx_word' id='word_1_152' title='bbox 137 999 187 1034; x_wconf 91' lang='lat' dir='ltr'>videt</span> <span class='ocrx_word' id='word_1_153' title='bbox 198 1000 264 1042; x_wconf 90' lang='lat' dir='ltr'>aulam,</span> <span class='ocrx_word' id='word_1_154' title='bbox 272 1000 291 1034; x_wconf 90' lang='lat' dir='ltr'>in</span> <span class='ocrx_word' id='word_1_155' title='bbox 303 1011 339 1044; x_wconf 92' lang='lat' dir='ltr'>qua</span> <span class='ocrx_word' id='word_1_156' title='bbox 350 1000 461 1044; x_wconf 85' lang='lat' dir='ltr'>quiescebat,</span> <span class='ocrx_word' id='word_1_157' title='bbox 472 1000 570 1045; x_wconf 90' lang='lat' dir='ltr'>splendore</span> <span class='ocrx_word' id='word_1_158' title='bbox 582 1000 639 1035; x_wconf 88' lang='lat' dir='ltr'>nimio</span> <span class='ocrx_word' id='word_1_159' title='bbox 650 1001 768 1043; x_wconf 86' lang='lat' dir='ltr'>choruscare;</span> 
     </span>
     <span class='ocr_line' id='line_1_18' title="bbox 66 1053 768 1098; baseline 0.001 -11"><span class='ocrx_word' id='word_1_160' title='bbox 66 1053 99 1087; x_wconf 91' lang='lat' dir='ltr'>celi</span> <span class='ocrx_word' id='word_1_161' title='bbox 107 1053 165 1096; x_wconf 87' lang='lat' dir='ltr'>aperti</span> <span class='ocrx_word' id='word_1_162' title='bbox 173 1059 221 1094; x_wconf 87' lang='lat' dir='ltr'>sunt,</span> <span class='ocrx_word' id='word_1_163' title='bbox 229 1059 247 1087; x_wconf 92' lang='lat' dir='ltr'>et</span> <span class='ocrx_word' id='word_1_164' title='bbox 254 1053 371 1088; x_wconf 87' lang='lat' dir='ltr'>inestimabili</span> <span class='ocrx_word' id='word_1_165' title='bbox 379 1054 420 1088; x_wconf 91' lang='lat' dir='ltr'>luce</span> <span class='ocrx_word' id='word_1_166' title='bbox 428 1053 491 1095; x_wconf 77' lang='lat' dir='ltr'>eflusa,</span> <span class='ocrx_word' id='word_1_167' title='bbox 499 1054 575 1098; x_wconf 84' lang='lat' dir='ltr'>angelos</span> <span class='ocrx_word' id='word_1_168' title='bbox 584 1060 638 1098; x_wconf 90' lang='lat' dir='ltr'>atque</span> <span class='ocrx_word' id='word_1_169' title='bbox 646 1064 768 1097; x_wconf 85' lang='lat' dir='ltr'>supernorum</span> 
     </span>
     <span class='ocr_line' id='line_1_19' title="bbox 66 1105 768 1147; baseline 0.001 -10"><span class='ocrx_word' id='word_1_170' title='bbox 66 1105 138 1147; x_wconf 82' lang='lat' dir='ltr'>agmina</span> <span class='ocrx_word' id='word_1_171' title='bbox 152 1116 193 1138; x_wconf 92' lang='lat' dir='ltr'>cum</span> <span class='ocrx_word' id='word_1_172' title='bbox 205 1105 296 1139; x_wconf 90' lang='lat' dir='ltr'>immensa</span> <span class='ocrx_word' id='word_1_173' title='bbox 308 1106 389 1139; x_wconf 85' lang='lat' dir='ltr'>claritate</span> <span class='ocrx_word' id='word_1_174' title='bbox 405 1107 524 1147; x_wconf 85' lang='lat' dir='ltr'>descendere,</span> <span class='ocrx_word' id='word_1_175' title='bbox 539 1111 557 1138; x_wconf 93' lang='lat' dir='ltr'>et</span> <span class='ocrx_word' id='word_1_176' title='bbox 572 1107 643 1139; x_wconf 88' lang='lat' dir='ltr'>beatam</span> <span class='ocrx_word' id='word_1_177' title='bbox 659 1106 768 1139; x_wconf 88' lang='lat' dir='ltr'>Mildredam</span> 
     </span>
     <span class='ocr_line' id='line_1_20' title="bbox 66 1157 768 1203; baseline 0.004 -13"><span class='ocrx_word' id='word_1_178' title='bbox 66 1157 116 1202; x_wconf 86' lang='lat' dir='ltr'>regio</span> <span class='ocrx_word' id='word_1_179' title='bbox 124 1158 226 1191; x_wconf 85' lang='lat' dir='ltr'>diademate</span> <span class='ocrx_word' id='word_1_180' title='bbox 236 1158 364 1203; x_wconf 80' lang='lat' dir='ltr'>presulgidam,</span> <span class='ocrx_word' id='word_1_181' title='bbox 373 1158 452 1203; x_wconf 88' lang='lat' dir='ltr'>gemmis</span> <span class='ocrx_word' id='word_1_182' title='bbox 460 1164 478 1192; x_wconf 90' lang='lat' dir='ltr'>et</span> <span class='ocrx_word' id='word_1_183' title='bbox 489 1159 539 1192; x_wconf 90' lang='lat' dir='ltr'>omni</span> <span class='ocrx_word' id='word_1_184' title='bbox 550 1164 615 1193; x_wconf 87' lang='lat' dir='ltr'>ornatu</span> <span class='ocrx_word' id='word_1_185' title='bbox 626 1158 683 1203; x_wconf 86' lang='lat' dir='ltr'>glorie</span> <span class='ocrx_word' id='word_1_186' title='bbox 695 1159 768 1193; x_wconf 88' lang='lat' dir='ltr'>decora·</span> 
     </span>
     <span class='ocr_line' id='line_1_21' title="bbox 66 1211 797 1256; baseline 0 -10"><span class='ocrx_word' id='word_1_187' title='bbox 66 1218 108 1252; x_wconf 87' lang='lat' dir='ltr'>tam,</span> <span class='ocrx_word' id='word_1_188' title='bbox 117 1222 189 1246; x_wconf 89' lang='lat' dir='ltr'>summo</span> <span class='ocrx_word' id='word_1_189' title='bbox 197 1212 278 1245; x_wconf 89' lang='lat' dir='ltr'>omnium</span> <span class='ocrx_word' id='word_1_190' title='bbox 287 1211 366 1256; x_wconf 88' lang='lat' dir='ltr'>tripudio</span> <span class='ocrx_word' id='word_1_191' title='bbox 374 1218 392 1246; x_wconf 90' lang='lat' dir='ltr'>et</span> <span class='ocrx_word' id='word_1_192' title='bbox 400 1217 489 1246; x_wconf 89' lang='lat' dir='ltr'>concentu</span> <span class='ocrx_word' id='word_1_193' title='bbox 494 1212 505 1252; x_wconf 81' lang='lat'>⁴,</span> <span class='ocrx_word' id='word_1_194' title='bbox 513 1212 597 1255; x_wconf 84' lang='lat' dir='ltr'>usquein</span> <span class='ocrx_word' id='word_1_195' title='bbox 606 1211 702 1246; x_wconf 83' lang='lat' dir='ltr'>ecclesiam</span> <span class='ocrx_word' id='word_1_196' title='bbox 709 1211 768 1246; x_wconf 86' lang='lat' dir='ltr'>sancti</span> <span class='ocrx_word' id='word_1_197' title='bbox 778 1224 797 1246; x_wconf 76' lang='lat' dir='ltr'>:o</span> 
     </span>
     <span class='ocr_line' id='line_1_22' title="bbox 66 1263 769 1309; baseline 0.001 -11"><span class='ocrx_word' id='word_1_198' title='bbox 66 1264 164 1309; x_wconf 84' lang='lat' dir='ltr'>Augustini</span> <span class='ocrx_word' id='word_1_199' title='bbox 174 1264 292 1308; x_wconf 88' lang='lat' dir='ltr'>tumbamque</span> <span class='ocrx_word' id='word_1_200' title='bbox 304 1274 357 1299; x_wconf 90' lang='lat' dir='ltr'>suam</span> <span class='ocrx_word' id='word_1_201' title='bbox 367 1264 485 1306; x_wconf 87' lang='lat' dir='ltr'>descendere,</span> <span class='ocrx_word' id='word_1_202' title='bbox 496 1264 545 1299; x_wconf 87' lang='lat' dir='ltr'>clare</span> <span class='ocrx_word' id='word_1_203' title='bbox 556 1263 769 1309; x_wconf 78' lang='lat' dir='ltr'>prospexit—inueni</span> 
     </span>
     <span class='ocr_line' id='line_1_23' title="bbox 66 1317 769 1362; baseline -0.001 -9"><span class='ocrx_word' id='word_1_204' title='bbox 66 1319 116 1353; x_wconf 88' lang='lat' dir='ltr'>enim</span> <span class='ocrx_word' id='word_1_205' title='bbox 134 1317 222 1361; x_wconf 89' lang='lat' dir='ltr'>scripturn</span> <span class='ocrx_word' id='word_1_206' title='bbox 240 1319 259 1351; x_wconf 94' lang='lat' dir='ltr'>in</span> <span class='ocrx_word' id='word_1_207' title='bbox 276 1318 352 1352; x_wconf 91' lang='lat' dir='ltr'>cenobio</span> <span class='ocrx_word' id='word_1_208' title='bbox 367 1318 425 1352; x_wconf 87' lang='lat' dir='ltr'>sancti</span> <span class='ocrx_word' id='word_1_209' title='bbox 441 1317 523 1362; x_wconf 87' lang='lat' dir='ltr'>Gregorii</span> <span class='ocrx_word' id='word_1_210' title='bbox 540 1317 642 1359; x_wconf 82' lang='lat' dir='ltr'>cantuarie,</span> <span class='ocrx_word' id='word_1_211' title='bbox 657 1318 706 1362; x_wconf 88' lang='lat' dir='ltr'>quod</span> <span class='ocrx_word' id='word_1_212' title='bbox 720 1329 769 1352; x_wconf 89' lang='lat' dir='ltr'>anno</span> 
     </span>
     <span class='ocr_line' id='line_1_24' title="bbox 67 1369 770 1414; baseline -0.001 -9"><span class='ocrx_word' id='word_1_213' title='bbox 67 1371 136 1405; x_wconf 89' lang='lat' dir='ltr'>domini</span> <span class='ocrx_word' id='word_1_214' title='bbox 151 1370 248 1404; x_wconf 89' lang='lat' dir='ltr'>millesimo</span> <span class='ocrx_word' id='word_1_215' title='bbox 260 1370 385 1414; x_wconf 88' lang='lat' dir='ltr'>octuagesimo</span> <span class='ocrx_word' id='word_1_216' title='bbox 397 1371 460 1413; x_wconf 93' lang='lat' dir='ltr'>quinto</span> <span class='ocrx_word' id='word_1_217' title='bbox 474 1369 608 1404; x_wconf 74' lang='lat' dir='ltr'>Lamrrancus³</span> <span class='ocrx_word' id='word_1_218' title='bbox 620 1370 770 1414; x_wconf 88' lang='lat' dir='ltr'>archiepiscopus</span> 
     </span>
     <span class='ocr_line' id='line_1_25' title="bbox 67 1422 770 1468; baseline -0.003 -10"><span class='ocrx_word' id='word_1_219' title='bbox 67 1434 143 1468; x_wconf 91' lang='lat' dir='ltr'>corpora</span> <span class='ocrx_word' id='word_1_220' title='bbox 151 1428 253 1457; x_wconf 86' lang='lat' dir='ltr'>sanctarum</span> <span class='ocrx_word' id='word_1_221' title='bbox 261 1422 352 1467; x_wconf 87' lang='lat' dir='ltr'>virginum</span> <span class='ocrx_word' id='word_1_222' title='bbox 362 1422 452 1457; x_wconf 89' lang='lat' dir='ltr'>Mildrede</span> <span class='ocrx_word' id='word_1_223' title='bbox 460 1428 478 1457; x_wconf 93' lang='lat' dir='ltr'>et</span> <span class='ocrx_word' id='word_1_224' title='bbox 487 1422 578 1466; x_wconf 89' lang='lat' dir='ltr'>Edburge‚</span> <span class='ocrx_word' id='word_1_225' title='bbox 586 1423 604 1457; x_wconf 93' lang='lat' dir='ltr'>in</span> <span class='ocrx_word' id='word_1_226' title='bbox 615 1422 699 1457; x_wconf 87' lang='lat' dir='ltr'>Thaneto</span> <span class='ocrx_word' id='word_1_227' title='bbox 709 1422 770 1457; x_wconf 89' lang='lat' dir='ltr'>insula</span> 
     </span>
     <span class='ocr_line' id='line_1_26' title="bbox 67 1474 797 1522; baseline 0 -11"><span class='ocrx_word' id='word_1_228' title='bbox 67 1477 144 1522; x_wconf 90' lang='lat' dir='ltr'>sepulta,</span> <span class='ocrx_word' id='word_1_229' title='bbox 152 1477 175 1510; x_wconf 92' lang='lat' dir='ltr'>de</span> <span class='ocrx_word' id='word_1_230' title='bbox 183 1482 232 1510; x_wconf 89' lang='lat' dir='ltr'>terra</span> <span class='ocrx_word' id='word_1_231' title='bbox 239 1475 312 1519; x_wconf 89' lang='lat' dir='ltr'>leuauit,</span> <span class='ocrx_word' id='word_1_232' title='bbox 320 1481 338 1510; x_wconf 92' lang='lat' dir='ltr'>et</span> <span class='ocrx_word' id='word_1_233' title='bbox 346 1475 364 1510; x_wconf 93' lang='lat' dir='ltr'>in</span> <span class='ocrx_word' id='word_1_234' title='bbox 373 1476 450 1510; x_wconf 88' lang='lat' dir='ltr'>ecclesia</span> <span class='ocrx_word' id='word_1_235' title='bbox 458 1475 506 1510; x_wconf 88' lang='lat' dir='ltr'>beati</span> <span class='ocrx_word' id='word_1_236' title='bbox 515 1475 597 1519; x_wconf 86' lang='lat' dir='ltr'>Gregorii</span> <span class='ocrx_word' id='word_1_237' title='bbox 606 1474 708 1516; x_wconf 84' lang='lat' dir='ltr'>Cantuarie,</span> <span class='ocrx_word' id='word_1_238' title='bbox 715 1486 770 1520; x_wconf 91' lang='lat' dir='ltr'>quam</span> <span class='ocrx_word' id='word_1_239' title='bbox 779 1490 797 1519; x_wconf 83' lang='lat'>²5</span> 
     </span>
     <span class='ocr_line' id='line_1_27' title="bbox 66 1528 769 1574; baseline -0.003 -10"><span class='ocrx_word' id='word_1_240' title='bbox 66 1531 89 1564; x_wconf 90' lang='lat' dir='ltr'>ad</span> <span class='ocrx_word' id='word_1_241' title='bbox 100 1540 201 1574; x_wconf 90' lang='lat' dir='ltr'>pauperum</span> <span class='ocrx_word' id='word_1_242' title='bbox 213 1530 301 1570; x_wconf 86' lang='lat' dir='ltr'>solamen,</span> <span class='ocrx_word' id='word_1_243' title='bbox 309 1529 364 1573; x_wconf 89' lang='lat' dir='ltr'>paulo</span> <span class='ocrx_word' id='word_1_244' title='bbox 375 1534 417 1563; x_wconf 91' lang='lat' dir='ltr'>ante</span> <span class='ocrx_word' id='word_1_245' title='bbox 428 1530 451 1563; x_wconf 91' lang='lat' dir='ltr'>de</span> <span class='ocrx_word' id='word_1_246' title='bbox 463 1530 519 1563; x_wconf 91' lang='lat' dir='ltr'>rebus</span> <span class='ocrx_word' id='word_1_247' title='bbox 530 1528 608 1563; x_wconf 90' lang='lat' dir='ltr'>ecclesie</span> <span class='ocrx_word' id='word_1_248' title='bbox 619 1528 647 1563; x_wconf 89' lang='lat' dir='ltr'>cui</span> <span class='ocrx_word' id='word_1_249' title='bbox 659 1528 769 1572; x_wconf 85' lang='lat' dir='ltr'>presidebat,</span> 
     </span>
     <span class='ocr_line' id='line_1_28' title="bbox 67 1581 770 1627; baseline -0.001 -9"><span class='ocrx_word' id='word_1_250' title='bbox 67 1583 160 1625; x_wconf 89' lang='lat' dir='ltr'>ditauerat,</span> <span class='ocrx_word' id='word_1_251' title='bbox 176 1594 217 1619; x_wconf 93' lang='lat' dir='ltr'>cum</span> <span class='ocrx_word' id='word_1_252' title='bbox 233 1593 300 1627; x_wconf 87' lang='lat' dir='ltr'>magno</span> <span class='ocrx_word' id='word_1_253' title='bbox 319 1583 388 1618; x_wconf 91' lang='lat' dir='ltr'>honore</span> <span class='ocrx_word' id='word_1_254' title='bbox 406 1582 521 1617; x_wconf 79' lang='lat' dir='ltr'>transferens</span> <span class='ocrx_word' id='word_1_255' title='bbox 539 1582 638 1617; x_wconf 90' lang='lat' dir='ltr'>collocauit.</span> <span class='ocrx_word' id='word_1_256' title='bbox 662 1581 689 1616; x_wconf 95' lang='lat' dir='ltr'>Ibi</span> <span class='ocrx_word' id='word_1_257' title='bbox 704 1592 770 1617; x_wconf 90' lang='lat' dir='ltr'>reuera</span> 
     </span>
     <span class='ocr_line' id='line_1_29' title="bbox 66 1634 770 1679; baseline -0.001 -10"><span class='ocrx_word' id='word_1_258' title='bbox 66 1636 153 1670; x_wconf 91' lang='lat' dir='ltr'>scrinium</span> <span class='ocrx_word' id='word_1_259' title='bbox 165 1636 210 1669; x_wconf 91' lang='lat' dir='ltr'>satis</span> <span class='ocrx_word' id='word_1_260' title='bbox 221 1636 325 1679; x_wconf 86' lang='lat' dir='ltr'>preciosum</span> <span class='ocrx_word' id='word_1_261' title='bbox 338 1635 480 1669; x_wconf 86' lang='lat' dir='ltr'>aduentantibus</span> <span class='ocrx_word' id='word_1_262' title='bbox 491 1634 602 1677; x_wconf 72' lang='lat' dir='ltr'>ostenditur,</span> <span class='ocrx_word' id='word_1_263' title='bbox 618 1634 652 1669; x_wconf 89' lang='lat' dir='ltr'>sed</span> <span class='ocrx_word' id='word_1_264' title='bbox 664 1640 682 1669; x_wconf 91' lang='lat' dir='ltr'>ct</span> <span class='ocrx_word' id='word_1_265' title='bbox 695 1634 770 1668; x_wconf 86' lang='lat' dir='ltr'>alterca-</span> 
     </span>
     <span class='ocr_line' id='line_1_30' title="bbox 67 1686 770 1732; baseline -0.003 -9"><span class='ocrx_word' id='word_1_266' title='bbox 67 1690 135 1723; x_wconf 88' lang='lat' dir='ltr'>tionem</span> <span class='ocrx_word' id='word_1_267' title='bbox 147 1688 195 1722; x_wconf 89' lang='lat' dir='ltr'>inter</span> <span class='ocrx_word' id='word_1_268' title='bbox 208 1688 308 1722; x_wconf 89' lang='lat' dir='ltr'>monachos</span> <span class='ocrx_word' id='word_1_269' title='bbox 320 1694 338 1722; x_wconf 92' lang='lat' dir='ltr'>et</span> <span class='ocrx_word' id='word_1_270' title='bbox 352 1687 450 1722; x_wconf 91' lang='lat' dir='ltr'>canonicos</span> <span class='ocrx_word' id='word_1_271' title='bbox 463 1699 497 1732; x_wconf 93' lang='lat' dir='ltr'>pro</span> <span class='ocrx_word' id='word_1_272' title='bbox 510 1699 586 1732; x_wconf 88' lang='lat' dir='ltr'>corpore</span> <span class='ocrx_word' id='word_1_273' title='bbox 598 1693 660 1722; x_wconf 89' lang='lat' dir='ltr'>sancte</span> <span class='ocrx_word' id='word_1_274' title='bbox 674 1686 770 1729; x_wconf 84' lang='lat' dir='ltr'>Mildrede,</span> 
     </span>
     <span class='ocr_line' id='line_1_31' title="bbox 67 1740 799 1787; baseline 0 -11"><span class='ocrx_word' id='word_1_275' title='bbox 67 1743 148 1776; x_wconf 90' lang='lat' dir='ltr'>nondum</span> <span class='ocrx_word' id='word_1_276' title='bbox 156 1748 240 1786; x_wconf 90' lang='lat' dir='ltr'>tempore</span> <span class='ocrx_word' id='word_1_277' title='bbox 248 1747 310 1775; x_wconf 89' lang='lat' dir='ltr'>nostro</span> <span class='ocrx_word' id='word_1_278' title='bbox 318 1741 407 1784; x_wconf 88' lang='lat' dir='ltr'>sedatam,</span> <span class='ocrx_word' id='word_1_279' title='bbox 415 1740 531 1786; x_wconf 86' lang='lat' dir='ltr'>peritioribus</span> <span class='ocrx_word' id='word_1_280' title='bbox 539 1741 673 1776; x_wconf 84' lang='lat' dir='ltr'>discutiendam</span> <span class='ocrx_word' id='word_1_281' title='bbox 681 1740 770 1787; x_wconf 86' lang='lat' dir='ltr'>relinquo,</span> <span class='ocrx_word' id='word_1_282' title='bbox 779 1752 799 1784; x_wconf 76' lang='lat'>30</span> 
     </span>
     <span class='ocr_line' id='line_1_32' title="bbox 67 1794 770 1840; baseline -0.003 -10"><span class='ocrx_word' id='word_1_283' title='bbox 67 1797 98 1840; x_wconf 93' lang='lat' dir='ltr'>qui</span> <span class='ocrx_word' id='word_1_284' title='bbox 110 1797 158 1840; x_wconf 89' lang='lat' dir='ltr'>quod</span> <span class='ocrx_word' id='word_1_285' title='bbox 171 1796 189 1829; x_wconf 92' lang='lat' dir='ltr'>in</span> <span class='ocrx_word' id='word_1_286' title='bbox 201 1800 278 1838; x_wconf 89' lang='lat' dir='ltr'>vtroque</span> <span class='ocrx_word' id='word_1_287' title='bbox 290 1796 329 1829; x_wconf 85' lang='lat' dir='ltr'>loco</span> <span class='ocrx_word' id='word_1_288' title='bbox 341 1795 429 1838; x_wconf 88' lang='lat' dir='ltr'>scriptum</span> <span class='ocrx_word' id='word_1_289' title='bbox 442 1794 522 1839; x_wconf 90' lang='lat' dir='ltr'>repperi,</span> <span class='ocrx_word' id='word_1_290' title='bbox 535 1795 558 1829; x_wconf 89' lang='lat' dir='ltr'>ad</span> <span class='ocrx_word' id='word_1_291' title='bbox 570 1794 672 1829; x_wconf 83' lang='lat' dir='ltr'>futurorum</span> <span class='ocrx_word' id='word_1_292' title='bbox 685 1794 770 1828; x_wconf 81' lang='lat' dir='ltr'>noticiam</span> 
     </span>
     <span class='ocr_line' id='line_1_33' title="bbox 67 1847 205 1883; baseline -0.007 0"><span class='ocrx_word' id='word_1_293' title='bbox 67 1848 131 1883; x_wconf 88' lang='lat' dir='ltr'>venire</span> <span class='ocrx_word' id='word_1_294' title='bbox 138 1848 188 1883; x_wconf 91' lang='lat' dir='ltr'>volui</span> <span class='ocrx_word' id='word_1_295' title='bbox 194 1847 205 1882; x_wconf 65' lang='grc' dir='ltr'>θ.</span> 
     </span>
    </p>
   </div>
   <div class='ocr_carea' id='block_1_3' title="bbox 91 1897 468 1966">
    <p class='ocr_par' dir='ltr' id='par_1_3' title="bbox 91 1897 468 1966">
     <span class='ocr_line' id='line_1_34' title="bbox 91 1897 468 1966; baseline -0.005 -10"><span class='ocrx_word' id='word_1_296' title='bbox 91 1921 251 1966; x_wconf 58' lang='lat' dir='ltr'>[usnimada</span> <span class='ocrx_word' id='word_1_297' title='bbox 365 1897 468 1954; x_wconf 56' lang='lat' dir='ltr'>Naba-0⁷.</span> 
     </span>
    </p>
   </div>
   <div class='ocr_carea' id='block_1_4' title="bbox 68 1987 799 2359">
    <p class='ocr_par' dir='ltr' id='par_1_4' title="bbox 68 1987 799 2359">
     <span class='ocr_line' id='line_1_35' title="bbox 89 1987 771 2036; baseline -0.004 -8"><span class='ocrx_word' id='word_1_298' title='bbox 89 1987 127 2028; x_wconf 89' lang='lat' dir='ltr'>Vir</span> <span class='ocrx_word' id='word_1_299' title='bbox 138 1992 167 2028; x_wconf 91' lang='lat' dir='ltr'>dei</span> <span class='ocrx_word' id='word_1_300' title='bbox 179 1992 254 2027; x_wconf 85' lang='lat' dir='ltr'>nomine</span> <span class='ocrx_word' id='word_1_301' title='bbox 265 1992 324 2027; x_wconf 88' lang='lat' dir='ltr'>Ysaac</span> <span class='ocrx_word' id='word_1_302' title='bbox 337 1992 366 2036; x_wconf 88' lang='lat' dir='ltr'>(de</span> <span class='ocrx_word' id='word_1_303' title='bbox 378 1991 432 2036; x_wconf 89' lang='lat' dir='ltr'>Syria</span> <span class='ocrx_word' id='word_1_304' title='bbox 443 1991 462 2025; x_wconf 94' lang='lat' dir='ltr'>in</span> <span class='ocrx_word' id='word_1_305' title='bbox 475 1991 602 2036; x_wconf 86' lang='lat' dir='ltr'>Spole)tanam</span> <span class='ocrx_word' id='word_1_306' title='bbox 611 1992 676 2026; x_wconf 91' lang='lat' dir='ltr'>urbem</span> <span class='ocrx_word' id='word_1_307' title='bbox 688 1991 771 2035; x_wconf 87' lang='lat' dir='ltr'>ueniens,</span> 
     </span>
     <span class='ocr_line' id='line_1_36' title="bbox 68 2045 771 2092; baseline -0.001 -11"><span class='ocrx_word' id='word_1_308' title='bbox 68 2047 123 2091; x_wconf 83' lang='lat' dir='ltr'>peciit</span> <span class='ocrx_word' id='word_1_309' title='bbox 139 2049 165 2091; x_wconf 80' lang='lat' dir='ltr'>(ut</span> <span class='ocrx_word' id='word_1_310' title='bbox 182 2053 270 2092; x_wconf 87' lang='lat' dir='ltr'>quantum</span> <span class='ocrx_word' id='word_1_311' title='bbox 286 2046 348 2089; x_wconf 88' lang='lat' dir='ltr'>uellet)</span> <span class='ocrx_word' id='word_1_312' title='bbox 364 2045 439 2079; x_wconf 87' lang='lat' dir='ltr'>licencia</span> <span class='ocrx_word' id='word_1_313' title='bbox 454 2046 489 2079; x_wconf 92' lang='lat' dir='ltr'>sibi</span> <span class='ocrx_word' id='word_1_314' title='bbox 507 2047 638 2079; x_wconf 88' lang='lat' dir='ltr'>concederetur</span> <span class='ocrx_word' id='word_1_315' title='bbox 652 2045 671 2079; x_wconf 94' lang='lat' dir='ltr'>in</span> <span class='ocrx_word' id='word_1_316' title='bbox 687 2046 771 2087; x_wconf 85' lang='lat' dir='ltr'>(ecclesia</span> 
     </span>
     <span class='ocr_line' id='line_1_37' title="bbox 68 2098 799 2144; baseline -0.003 -10"><span class='ocrx_word' id='word_1_317' title='bbox 68 2101 136 2135; x_wconf 87' lang='lat' dir='ltr'>orandi.</span> <span class='ocrx_word' id='word_1_318' title='bbox 159 2100 190 2144; x_wconf 88' lang='lat' dir='ltr'>Et)</span> <span class='ocrx_word' id='word_1_319' title='bbox 202 2111 244 2133; x_wconf 89' lang='lat' dir='ltr'>curn</span> <span class='ocrx_word' id='word_1_320' title='bbox 255 2110 303 2133; x_wconf 89' lang='lat' dir='ltr'>unus</span> <span class='ocrx_word' id='word_1_321' title='bbox 314 2110 338 2133; x_wconf 85' lang='lat' dir='ltr'>ex</span> <span class='ocrx_word' id='word_1_322' title='bbox 350 2098 455 2132; x_wconf 90' lang='lat' dir='ltr'>custodibus</span> <span class='ocrx_word' id='word_1_323' title='bbox 467 2109 509 2132; x_wconf 88' lang='lat' dir='ltr'>eum</span> <span class='ocrx_word' id='word_1_324' title='bbox 521 2108 556 2142; x_wconf 86' lang='lat' dir='ltr'>per</span> <span class='ocrx_word' id='word_1_325' title='bbox 566 2104 605 2133; x_wconf 85' lang='lat' dir='ltr'>tres</span> <span class='ocrx_word' id='word_1_326' title='bbox 615 2099 655 2132; x_wconf 89' lang='lat' dir='ltr'>dics</span> <span class='ocrx_word' id='word_1_327' title='bbox 663 2099 771 2141; x_wconf 76' lang='lat' dir='ltr'>(conitinuis</span> <span class='ocrx_word' id='word_1_328' title='bbox 780 2110 799 2140; x_wconf 77' lang='lat'>³5</span> 
     </span>
     <span class='ocr_line' id='line_1_38' title="bbox 69 2150 771 2196; baseline -0.001 -9"><span class='ocrx_word' id='word_1_329' title='bbox 69 2153 180 2188; x_wconf 88' lang='lat' dir='ltr'>orationibus</span> <span class='ocrx_word' id='word_1_330' title='bbox 192 2162 258 2187; x_wconf 86' lang='lat' dir='ltr'>uacare</span> <span class='ocrx_word' id='word_1_331' title='bbox 270 2151 390 2196; x_wconf 85' lang='lat' dir='ltr'>conspiceret,</span> <span class='ocrx_word' id='word_1_332' title='bbox 402 2151 488 2196; x_wconf 89' lang='lat' dir='ltr'>superbia</span> <span class='ocrx_word' id='word_1_333' title='bbox 499 2150 574 2186; x_wconf 84' lang='lat' dir='ltr'>inflatus</span> <span class='ocrx_word' id='word_1_334' title='bbox 585 2151 634 2185; x_wconf 90' lang='lat' dir='ltr'>hunc</span> <span class='ocrx_word' id='word_1_335' title='bbox 646 2150 771 2186; x_wconf 87' lang='lat' dir='ltr'>simulatorem</span> 
     </span>
     <span class='ocr_line' id='line_1_39' title="bbox 69 2204 772 2249; baseline -0.004 -9"><span class='ocrx_word' id='word_1_336' title='bbox 69 2207 120 2248; x_wconf 82' lang='lat' dir='ltr'>dixit,</span> <span class='ocrx_word' id='word_1_337' title='bbox 129 2212 147 2240; x_wconf 85' lang='lat' dir='ltr'>et</span> <span class='ocrx_word' id='word_1_338' title='bbox 155 2207 227 2249; x_wconf 88' lang='lat' dir='ltr'>alapam</span> <span class='ocrx_word' id='word_1_339' title='bbox 235 2205 290 2247; x_wconf 89' lang='lat' dir='ltr'>dedit,</span> <span class='ocrx_word' id='word_1_340' title='bbox 298 2206 349 2238; x_wconf 88' lang='lat' dir='ltr'>aede</span> <span class='ocrx_word' id='word_1_341' title='bbox 358 2204 436 2238; x_wconf 88' lang='lat' dir='ltr'>ecclesia</span> <span class='ocrx_word' id='word_1_342' title='bbox 443 2204 495 2238; x_wconf 83' lang='lat' dir='ltr'>exire</span> <span class='ocrx_word' id='word_1_343' title='bbox 502 2204 591 2247; x_wconf 89' lang='lat' dir='ltr'>precepit.</span> <span class='ocrx_word' id='word_1_344' title='bbox 614 2204 637 2237; x_wconf 85' lang='lat' dir='ltr'>Et</span> <span class='ocrx_word' id='word_1_345' title='bbox 645 2214 688 2238; x_wconf 90' lang='lat' dir='ltr'>ecce</span> <span class='ocrx_word' id='word_1_346' title='bbox 695 2210 772 2248; x_wconf 88' lang='lat' dir='ltr'>repente</span> 
     </span>
     <span class='ocr_line' id='line_1_40' title="bbox 69 2256 772 2303; baseline -0.003 -10"><span class='ocrx_word' id='word_1_347' title='bbox 69 2260 117 2293; x_wconf 89' lang='lat' dir='ltr'>ultor</span> <span class='ocrx_word' id='word_1_348' title='bbox 127 2258 202 2303; x_wconf 88' lang='lat' dir='ltr'>spiritus</span> <span class='ocrx_word' id='word_1_349' title='bbox 210 2258 261 2291; x_wconf 88' lang='lat' dir='ltr'>illum</span> <span class='ocrx_word' id='word_1_350' title='bbox 269 2257 341 2299; x_wconf 90' lang='lat' dir='ltr'>inuasit,</span> <span class='ocrx_word' id='word_1_351' title='bbox 350 2262 368 2290; x_wconf 89' lang='lat' dir='ltr'>et</span> <span class='ocrx_word' id='word_1_352' title='bbox 376 2267 410 2301; x_wconf 87' lang='lat' dir='ltr'>per</span> <span class='ocrx_word' id='word_1_353' title='bbox 418 2267 439 2291; x_wconf 91' lang='lat' dir='ltr'>os</span> <span class='ocrx_word' id='word_1_354' title='bbox 446 2256 495 2291; x_wconf 90' lang='lat' dir='ltr'>illius</span> <span class='ocrx_word' id='word_1_355' title='bbox 503 2257 583 2291; x_wconf 83' lang='lat' dir='ltr'>clamare</span> <span class='ocrx_word' id='word_1_356' title='bbox 591 2257 650 2300; x_wconf 90' lang='lat' dir='ltr'>cepit:</span> <span class='ocrx_word' id='word_1_357' title='bbox 663 2256 733 2291; x_wconf 82' lang='lat' dir='ltr'>‘Ysaac</span> <span class='ocrx_word' id='word_1_358' title='bbox 741 2266 772 2292; x_wconf 92' lang='lat' dir='ltr'>me</span> 
     </span>
     <span class='ocr_line' id='line_1_41' title="bbox 69 2309 772 2359; baseline -0.004 -13"><span class='ocrx_word' id='word_1_359' title='bbox 69 2311 146 2346; x_wconf 69' lang='lat' dir='ltr'>euertit!</span> <span class='ocrx_word' id='word_1_360' title='bbox 170 2311 211 2353; x_wconf 85' lang='lat' dir='ltr'>Quo</span> <span class='ocrx_word' id='word_1_361' title='bbox 220 2311 243 2344; x_wconf 89' lang='lat' dir='ltr'>ad</span> <span class='ocrx_word' id='word_1_362' title='bbox 253 2321 319 2354; x_wconf 89' lang='lat' dir='ltr'>preces</span> <span class='ocrx_word' id='word_1_363' title='bbox 327 2309 361 2343; x_wconf 91' lang='lat' dir='ltr'>uiri</span> <span class='ocrx_word' id='word_1_364' title='bbox 371 2309 401 2343; x_wconf 88' lang='lat' dir='ltr'>dei</span> <span class='ocrx_word' id='word_1_365' title='bbox 413 2315 487 2352; x_wconf 77' lang='lat' dir='ltr'>sanat03</span> <span class='ocrx_word' id='word_1_366' title='bbox 499 2309 629 2344; x_wconf 89' lang='lat' dir='ltr'>monasterium</span> <span class='ocrx_word' id='word_1_367' title='bbox 642 2310 742 2344; x_wconf 82' lang='lat' dir='ltr'>construxit</span> <span class='ocrx_word' id='word_1_368' title='bbox 754 2315 772 2359; x_wconf 80' lang='lat' dir='ltr'>et</span> 
     </span>
    </p>
   </div>
   <div class='ocr_carea' id='block_1_5' title="bbox 89 2412 772 2451">
    <p class='ocr_par' dir='ltr' id='par_1_5' title="bbox 89 2412 772 2451">
     <span class='ocr_line' id='line_1_42' title="bbox 89 2412 772 2451; baseline -0.003 -7"><span class='ocrx_word' id='word_1_369' title='bbox 89 2414 186 2445; x_wconf 89' lang='lat' dir='ltr'>¹r.sedulo.</span> <span class='ocrx_word' id='word_1_370' title='bbox 236 2412 374 2450; x_wconf 72' lang='lat' dir='ltr'>²Esugerentur.</span> <span class='ocrx_word' id='word_1_371' title='bbox 428 2413 485 2443; x_wconf 83' lang='lat' dir='ltr'>³Bon.</span> <span class='ocrx_word' id='word_1_372' title='bbox 494 2414 592 2451; x_wconf 85' lang='lat' dir='ltr'>productum.</span> <span class='ocrx_word' id='word_1_373' title='bbox 645 2412 679 2444; x_wconf 81' lang='lat' dir='ltr'>⁴T.</span> <span class='ocrx_word' id='word_1_374' title='bbox 687 2421 772 2443; x_wconf 87' lang='lat' dir='ltr'>concensu.</span> 
     </span>
    </p>
   </div>
   <div class='ocr_carea' id='block_1_6' title="bbox 69 2452 773 2572">
    <p class='ocr_par' dir='ltr' id='par_1_6' title="bbox 69 2452 773 2572">
     <span class='ocr_line' id='line_1_43' title="bbox 69 2452 773 2500; baseline -0.003 -16"><span class='ocrx_word' id='word_1_375' title='bbox 69 2453 75 2471; x_wconf 78' lang='lat'>⁵</span> <span class='ocrx_word' id='word_1_376' title='bbox 85 2455 103 2485; x_wconf 89' lang='lat' dir='ltr'>T.</span> <span class='ocrx_word' id='word_1_377' title='bbox 110 2455 204 2485; x_wconf 81' lang='lat' dir='ltr'>lanfrancus.</span> <span class='ocrx_word' id='word_1_378' title='bbox 230 2494 233 2500; x_wconf 37' lang='lat'>¹</span> <span class='ocrx_word' id='word_1_379' title='bbox 271 2452 277 2471; x_wconf 79' lang='lat'>⁶</span> <span class='ocrx_word' id='word_1_380' title='bbox 288 2454 311 2484; x_wconf 82' lang='lat' dir='ltr'>As</span> <span class='ocrx_word' id='word_1_381' title='bbox 321 2458 338 2483; x_wconf 92' lang='lat' dir='ltr'>to</span> <span class='ocrx_word' id='word_1_382' title='bbox 348 2454 380 2483; x_wconf 89' lang='lat' dir='ltr'>this</span> <span class='ocrx_word' id='word_1_383' title='bbox 391 2454 469 2499; x_wconf 76' lang='lat' dir='ltr'>question,</span> <span class='ocrx_word' id='word_1_384' title='bbox 480 2455 526 2483; x_wconf 86' lang='lat' dir='ltr'>there</span> <span class='ocrx_word' id='word_1_385' title='bbox 537 2454 550 2483; x_wconf 93' lang='lat' dir='ltr'>is</span> <span class='ocrx_word' id='word_1_386' title='bbox 560 2463 570 2483; x_wconf 82' lang='lat' dir='ltr'>a</span> <span class='ocrx_word' id='word_1_387' title='bbox 580 2453 641 2483; x_wconf 86' lang='lat' dir='ltr'>libellus</span> <span class='ocrx_word' id='word_1_388' title='bbox 651 2458 706 2484; x_wconf 85' lang='lat' dir='ltr'>contra</span> <span class='ocrx_word' id='word_1_389' title='bbox 716 2453 773 2499; x_wconf 80' lang='lat' dir='ltr'>inanes</span> 
     </span>
     <span class='ocr_line' id='line_1_44' title="bbox 70 2491 772 2572; baseline -0.001 -48"><span class='ocrx_word' id='word_1_390' title='bbox 70 2499 170 2564; x_wconf 54' lang='lat' dir='ltr'>igffipigquels</span> <span class='ocrx_word' id='word_1_391' title='bbox 179 2495 202 2572; x_wconf 66' lang='grc'>785.</span> <span class='ocrx_word' id='word_1_392' title='bbox 212 2494 312 2529; x_wconf 81' lang='lat' dir='ltr'>Mildrethae,</span> <span class='ocrx_word' id='word_1_393' title='bbox 322 2494 344 2531; x_wconf 76' lang='lat' dir='ltr'>by</span> <span class='ocrx_word' id='word_1_394' title='bbox 355 2493 435 2529; x_wconf 88' lang='lat' dir='ltr'>Goscehn,</span> <span class='ocrx_word' id='word_1_395' title='bbox 446 2502 462 2522; x_wconf 94' lang='grc' dir='ltr'>ιιι</span> <span class='ocrx_word' id='word_1_396' title='bbox 473 2493 507 2523; x_wconf 77' lang='lat' dir='ltr'>its.</span> <span class='ocrx_word' id='word_1_397' title='bbox 518 2493 566 2531; x_wconf 85' lang='lat' dir='ltr'>Vesp.</span> <span class='ocrx_word' id='word_1_398' title='bbox 575 2493 593 2523; x_wconf 87' lang='lat' dir='ltr'>B.</span> <span class='ocrx_word' id='word_1_399' title='bbox 602 2493 639 2524; x_wconf 81' lang='lat' dir='ltr'>XX.</span> <span class='ocrx_word' id='word_1_400' title='bbox 679 2492 685 2510; x_wconf 77' lang='lat'>¹</span> <span class='ocrx_word' id='word_1_401' title='bbox 696 2491 772 2560; x_wconf 77' lang='lat' dir='ltr'>Cs.Vrnc.</span> 
     </span>
    </p>
   </div>
   <div class='ocr_carea' id='block_1_7' title="bbox 0 0 892 2803">
    <p class='ocr_par' dir='ltr' id='par_1_7' title="bbox 0 0 892 2803">
     <span class='ocr_line' id='line_1_45' title="bbox 0 0 892 2803; baseline 0 0"><span class='ocrx_word' id='word_1_402' title='bbox 0 0 892 2803; x_wconf 95' lang='lat' dir='ltr'> </span> 
     </span>
    </p>
   </div>
  </div>
 </body>
</html>
