1762 2803
232 114 279 171 Do
291 112 392 168 &aucto
408 110 523 165 aruino.
685 124 728 169 353

29 237 114 284 precibus
122 234 161 270 suis
169 235 217 279 apud
225 234 276 269 illum
286 234 385 269 obtinuerit
392 239 411 268 vt
420 234 483 278 regina
490 243 557 278 sosper
564 238 583 268 et
590 233 660 277 absque
667 231 730 265 dolore

29 290 79 336 graui
94 288 177 323 sobolem
192 293 305 333 procrearet.
333 287 390 322 Cuius
404 287 467 322 verbis
481 287 582 322 delectatus
596 295 634 327 rex,
646 283 730 329 promisit

29 355 50 378 se
61 341 196 377 abrenunciatis
207 341 261 375 idolis
269 341 343 375 Christo
353 341 470 382 seruiturum,
478 340 494 373 si
501 340 558 374 vitam
568 339 602 373 sibi
610 345 628 373 et
635 338 729 372 victoriam

29 396 105 430 donaret
117 393 206 438 pugnanti
217 393 308 428 aduersus
319 402 382 436 regern
392 403 447 436 aquo
459 391 550 427 homicida
561 391 590 426 ille
598 390 629 435 qui
639 399 682 424 eum
689 388 729 422 vul·

30 452 126 483 nerauerat
137 445 206 481 missus
217 451 256 489 est;
268 450 286 480 et
297 445 316 480 in
327 446 395 490 pignus
405 445 500 490 implende
510 444 638 490 promissionis
650 442 729 478 eandem
740 450 749 482 5

30 502 85 536 filiam
93 510 145 534 suam
154 499 227 533 Christo
235 499 379 533 consecrandam
387 498 463 533 Paulino
471 498 558 543 episcopo
566 497 672 542 assignauit.
689 496 730 538 Que

30 552 121 599 baptizata
131 557 159 586 est
169 552 199 586 die
210 558 273 587 sancto
284 557 402 596 pentecostes
407 552 418 593 ¹,
426 552 486 597 prima
493 553 517 587 de
527 557 582 596 gente
593 549 730 585 Northanhum·

30 608 110 646 brorum,
118 615 160 639 cum
171 606 269 640 duodecim
278 605 318 640 aliis
330 606 353 639 de
362 604 430 640 samilia
439 605 494 649 regis.
516 605 558 648 Quo
565 611 649 648 tempore
657 608 731 638 curatus

30 658 128 693 avulnere
140 657 175 692 sibi
186 658 255 692 inilicto
266 668 304 700 rex,
316 658 392 692 collecto
405 659 492 699 exercitu,
502 658 553 692 venit
565 658 655 692 aduersus
666 665 730 700 regem

31 710 175 746 Occidentalium
190 711 292 752 Saxonum,
304 721 325 745 ac
340 711 388 745 bello
403 709 453 753 inito,
463 710 560 745 uniuersos
572 720 618 754 quos
631 710 650 744 in
665 719 729 744 necem
740 714 760 738 10

30 775 82 799 suam
96 764 213 807 conspirasse
226 763 320 806 didicerat,
332 768 363 797 aut
375 763 441 798 occidit
452 768 483 797 aut
496 764 515 798 in
527 763 639 798 deditionem
655 761 730 805 recepit.

31 818 99 861 Sicque
111 816 170 850 victor
182 816 200 849 in
214 817 292 860 patriam
302 826 394 857 reuersus,
406 827 443 850 non
455 816 516 850 statim
528 821 546 849 et
556 815 658 850 inconsulte
670 824 731 849 sacra·

31 874 92 904 menta
107 868 150 903 fidei
166 868 265 904 christiane
279 868 377 913 percipere
391 868 452 911 voluit,
468 867 553 912 quamuis
567 878 602 902 nec
617 867 670 902 idolis
684 867 732 902 vltra

31 921 106 957 seruiuit
121 932 145 956 ex
160 932 197 965 quo
212 932 233 956 se
248 920 322 956 Christo
337 921 448 956 seruiturum
464 932 506 956 esse
521 921 637 966 promiserat.
660 919 731 953 Verum

31 975 90 1020 primo
101 974 206 1019 diligentius
218 974 241 1008 ab
248 974 289 1019 ipso
300 974 377 1008 Paulino
387 974 475 1019 episcopo
483 974 572 1008 rationem
581 974 623 1008 fidei
632 972 732 1013 addiscere,
742 981 760 1013 15

32 1033 101 1063 etcum
113 1028 151 1062 suis
163 1027 272 1071 primatibus
285 1038 332 1072 quos
344 1027 466 1073 sapientiores
477 1032 553 1063 nouerat
567 1027 637 1062 curauit
648 1026 732 1062 conferre

31 1081 74 1124 quid
89 1081 113 1114 de
128 1080 157 1114 his
171 1081 263 1124 agendum
278 1080 415 1115 arbitrarentur.
438 1081 476 1115 Sed
491 1086 509 1115 et
524 1081 571 1124 ipse,
584 1090 626 1114 cum
641 1086 691 1114 esset
704 1080 734 1114 vir

32 1139 96 1168 natura
111 1132 247 1177 sagacissimus,
261 1143 306 1177 sepe
320 1132 351 1167 diu
366 1133 418 1168 solus
433 1133 523 1175 residens,
536 1144 568 1168 ore
582 1132 657 1177 quidem
672 1133 732 1173 tacito,

32 1187 64 1220 sed
75 1185 94 1220 in
104 1185 174 1220 intimis
185 1185 245 1221 cordis
256 1186 313 1220 multa
323 1196 386 1220 secum
394 1186 505 1230 colloquens,
514 1186 557 1230 quid
565 1186 600 1221 sibi
608 1191 658 1221 esset
666 1185 733 1221 sacien-

32 1239 81 1280 dum,
89 1249 125 1281 que
136 1238 200 1282 religio
211 1239 302 1272 seruanda
313 1240 407 1271 tractabat.
451 1232 496 1282 Quo
504 1244 588 1282 tempore
598 1238 732 1272 exhortatorias
742 1250 761 1271 ro

32 1291 55 1324 ad
66 1290 122 1324 fidem
133 1290 204 1324 litteras
215 1300 282 1335 apapa
293 1290 387 1325 Bonisacio
397 1291 474 1333 accepit,
482 1301 559 1335 quarum
567 1296 621 1326 tenor
628 1290 669 1325 talis
679 1295 731 1326 erat:

33 1336 89 1378 ‘Viro
100 1343 180 1388 glorioso
192 1343 270 1378 Edwino
281 1343 320 1388 regi
328 1343 436 1388 Anglorum,
444 1343 550 1379 Bonisacius
557 1343 655 1389 episcopus
666 1354 732 1379 seruus

32 1406 128 1430 seruorum
139 1396 174 1431 dei.
198 1397 249 1431 Licet
260 1407 333 1431 summe
343 1397 442 1431 diuinitatis
453 1398 534 1441 potentia
545 1397 626 1432 humane
637 1397 732 1431 locutionis

33 1449 96 1482 officiis
110 1449 204 1493 explanari
218 1460 255 1483 non
267 1449 332 1491 valeat,
341 1450 411 1494 quippe
424 1461 460 1494 que
473 1450 502 1484 sui
513 1449 638 1493 magnitudine
650 1450 675 1484 ita
685 1450 733 1484 inui-

33 1500 80 1534 sibili
95 1506 150 1545 atque
165 1500 287 1546 inuestigabili
302 1500 398 1535 eternitate
413 1501 502 1544 consistit,
517 1507 537 1536 vt
551 1502 586 1536 hec
600 1502 650 1536 nulla
664 1502 733 1547 ingenii
743 1511 761 1542 ²5

34 1553 127 1597 sagacitas,
141 1558 209 1597 quanta
224 1554 253 1597 sit,
268 1554 427 1598 comprehendere
441 1555 571 1598 disserereque
586 1554 674 1596 sufficiat;
691 1555 734 1599 quia

33 1609 94 1639 tamen
106 1607 146 1641 eius
157 1606 261 1641 humanitas
272 1606 295 1640 ad
306 1606 448 1641 insinuationem
460 1607 488 1642 sui
499 1607 586 1643 reseratis
597 1607 658 1643 cordis
668 1608 734 1650 ianuis,

33 1667 69 1700 que
80 1658 103 1692 dc
115 1660 215 1704 semetipsa
226 1659 359 1703 proferantur²,
371 1666 442 1694 secreta
453 1660 539 1694 humanis
552 1660 645 1695 mentibus
656 1660 735 1706 inspira·

34 1709 82 1745 tione
90 1711 285 1755 clementerinfundit;
296 1713 320 1748 ad
328 1713 544 1748 annunciandam³v0bis
552 1713 685 1759 plenitudinem
691 1714 735 1749 fidei

34 1764 136 1808 christiane,
155 1767 288 1800 sacerdotalem
307 1767 411 1800 curauimus
430 1766 572 1802 sollicitudinem
591 1777 696 1812 prerogare,
715 1774 764 1804 vt30

33 1817 110 1860 perinde
122 1817 190 1853 Christi
200 1818 321 1864 euangelium,
329 1820 378 1863 quod
390 1819 471 1854 saluatur
482 1825 545 1855 noster
556 1820 641 1856 omnibus
652 1821 734 1866 precepit

34 1871 118 1913 gentibus
125 1873 221 1917 predicari,
229 1872 296 1908 vestris
304 1883 377 1917 quoque
387 1873 473 1908 sensibus
483 1873 593 1916 inserentes,
601 1874 665 1909 salutis
672 1880 735 1910 vestre

34 1925 115 1959 remedia
133 1926 260 1969 propinentur.
283 1926 368 1970 Supeme
387 1926 442 1970 igitur
460 1926 560 1962 maiestatis
579 1927 682 1969 clementia,
697 1939 734 1972 que

34 1981 98 2011 cuncta
108 1978 148 2012 solo
159 1979 216 2013 verbo
227 1978 352 2023 preceptionis
363 1989 396 2013 sue
408 1978 488 2013 condidit
500 1985 518 2014 et
530 1982 603 2022 creauit,
615 1980 675 2014 celum
683 1980 733 2015 vide·

34 2027 75 2063 licet
87 2035 105 2063 et
115 2036 189 2074 terram,
197 2042 249 2066 mare
260 2037 279 2066 et
290 2031 395 2076 omniaque
407 2031 426 2066 in
438 2032 465 2067 eis
476 2038 525 2075 sunt,
533 2032 626 2077 dispositis
637 2033 732 2068 ordinibus
743 2040 762 2072 35

34 2082 100 2124 quibus
107 2084 234 2125 subsisterent,
243 2085 324 2119 coeterni
331 2085 384 2119 verbi
394 2084 422 2119 sui
430 2084 506 2119 consilio
517 2091 535 2120 et
544 2085 602 2120 sancti
611 2086 686 2130 spiritus
693 2086 734 2121 vni-

34 2136 70 2167 tate
84 2134 200 2180 dispensans,
210 2136 303 2171 hominem
317 2137 340 2170 ad
352 2136 451 2181 imaginem
463 2142 481 2171 et
493 2137 631 2172 similitudinem
645 2148 697 2172 suam
709 2149 734 2172 ex

34 2183 77 2220 limo
85 2192 134 2223 terre
145 2189 256 2232 plasmatum
268 2189 366 2232 constituit,
377 2190 431 2234 eique
443 2195 511 2225 tantam
523 2191 588 2235 premii
598 2191 732 2235 prerogatiuam

34 2236 114 2280 indulsit,
129 2246 148 2275 vt
163 2252 207 2275 eum
221 2242 292 2276 cunctis
307 2248 425 2287 preponeret,
440 2248 495 2287 atque
510 2249 584 2278 seruato
597 2243 675 2278 termino
690 2255 733 2288 pre-

35 2292 130 2335 ceptionis,
145 2294 247 2331 eternitatis
264 2296 382 2331 subsistentia
400 2296 519 2341 premuniret.
542 2296 597 2332 Hunc
615 2308 659 2342 ergo
678 2298 734 2333 deum
743 2305 765 2336 40

35 2349 110 2387 patrem,
121 2348 185 2391 filium,
197 2353 215 2382 et
226 2349 311 2393 spiritum
322 2356 412 2391 sanctum,
420 2351 469 2394 quod
481 2356 509 2384 est
520 2350 613 2384 indiuidua
624 2350 701 2393 trinitas,
712 2352 736 2385 ab

36 2401 75 2430 ortu
87 2400 131 2433 solis
139 2411 197 2444 vsque
208 2401 231 2435 ad
243 2412 328 2436 occasum
339 2402 440 2436 humanum
451 2413 515 2446 genus,
523 2401 593 2446 quippe
601 2407 621 2436 vt
633 2408 736 2437 creatorem

35 2449 117 2485 omnium
132 2458 186 2496 atque
199 2453 299 2488 factorem⁴
310 2465 370 2497 suum,
383 2454 477 2488 salutifera
490 2455 606 2489 consessione
620 2455 669 2490 fidel
681 2468 737 2492 vene·

35 2550 41 2569 ⁴
56 2514 61 2533 ¹
72 2515 91 2547 E.
98 2519 216 2554 penthecostes.
308 2520 314 2538 ²
324 2521 344 2552 al,
351 2521 445 2558 proferetur.
536 2521 541 2539 ³
552 2522 570 2553 T.
579 2522 596 2553 F..
604 2523 739 2555 annunciandum.

52 2554 159 2589 stauarum.
221 2560 227 2577 ⁵
237 2561 256 2591 E.
264 2560 311 2599 fidei,
321 2561 339 2591 T.
346 2561 383 2591 fide.

374 2620 406 2644 Aa
