1762 2803
120 81 163 149 isa
223 159 225 163 ,
311 107 392 159 nona
407 104 524 166 bronna
538 104 631 166 anglic.

118 227 195 262 dextre:
207 226 249 271 quia
261 227 357 271 perillum
369 227 442 261 duceris
453 227 472 260 in
484 226 614 261 labirintheas¹
623 225 736 260 infernorum
748 231 822 271 penas.'’

120 281 161 315 Hoc
180 281 227 314 dicto
246 281 336 325 precessit
354 292 384 315 me
403 280 490 315 velociter
507 280 635 324 ²distorquens
654 279 705 313 filum
724 279 823 324 lucifluum,

119 334 222 379 duxit[que]
227 335 233 354 ³
238 346 268 368 me
273 334 292 368 in
297 333 450 379 profundissimas
455 333 512 368 valles
517 333 580 377 igneas
585 333 597 375 ⁴,
603 344 638 378 que
643 339 695 367 erant
702 333 757 377 plene
763 336 823 378 puteis

119 388 229 428 ardentibus,
236 388 277 430 pice
285 393 303 421 et
311 388 404 430 sulphure,
412 388 493 429 plumbo,
500 397 542 421 cera
550 393 567 421 et
576 387 634 430 adipe.
658 386 685 420 Ibi
693 386 755 420 inueni
763 390 822 430 ponti·

103 444 110 473 5
120 440 164 473 tices
172 439 229 484 patris
239 438 275 473 mei
283 444 301 473 et
309 440 440 473 auunculorum
448 449 536 473 meorum.
559 439 610 480 Quos
618 448 659 472 cum
668 448 739 482 pauens
747 439 823 475 interro·

119 484 183 538 garem
192 498 269 526 curtam
278 492 341 536 grauia
351 498 459 537 paterentur
466 497 562 535 tormenta,
573 492 718 535 responderunt:
731 491 822 527 “Fuimus

120 545 202 589 episcopi
210 545 267 588 patris
275 546 301 580 tui
311 551 329 580 et
339 545 470 580 auunculorum
478 550 556 587 tuorum,
568 550 586 578 et
598 546 642 578 dum
650 545 747 579 debuimus
757 546 797 579 illos
805 553 823 581 et

120 600 208 643 populum
221 598 321 643 [illorum]⁶
333 599 356 631 de
372 610 417 643 pace
430 603 448 632 et
463 597 560 632 concordia
575 598 680 639 admonere,
692 597 823 634 seminauimus

120 651 221 686 discordias
233 656 251 686 et
263 650 331 686 fuimus
342 652 446 687 incentores
458 652 553 693 malorum,
565 650 606 685 ideo
618 661 666 685 nunc
677 651 793 685 incendimur
804 653 822 687 in

94 719 112 742 ιο
121 705 160 739 istis
172 705 257 739 tartareis
269 705 369 749 suppliciis,
382 710 400 739 et
412 716 446 739 nos
459 710 478 739 et
491 705 521 739 alii
534 704 673 739 homicidiorum
687 710 705 738 et
717 706 822 749 rapinarum

120 763 217 792 amatores.
240 757 282 790 Huc
294 758 349 791 etiam
360 758 387 790 tui
398 757 481 801 episcopi
492 763 510 790 et
522 758 609 790 satellites
620 757 706 790 venient⁶
716 758 747 799 qui
758 758 823 791 similia

121 810 170 845 nunc
181 809 241 844 facere
253 811 331 844 amant?
355 810 378 844 Et
389 811 433 844 dum
445 811 479 844 hec
490 810 622 844 tremebundus
634 810 755 844 auscultarem
761 810 773 851 ⁷,
782 820 823 845 ecce

121 861 216 907 nigerrimi
231 863 320 897 demones
335 863 443 897 aduolantes
458 874 500 897 cum
515 863 567 897 uncis
582 862 642 906 igneis
656 863 742 897 volebant
758 873 824 906 appre-

122 917 204 952 hendere
219 917 270 951 filum
285 916 304 951 in
322 927 378 951 manu
393 927 446 951 mea:
466 917 498 951 sed
514 916 684 951 reuerberantibus⁸
699 916 755 951 radiis
771 916 824 959 illius,

95 981 113 1011 15
123 971 166 1004 illud
177 970 267 1013 attingere
275 981 312 1004 non
320 970 411 1004 valebant.
434 970 505 1004 Deinde
516 976 557 1013 post
568 975 640 1013 tergum
651 980 713 1003 meum
724 975 824 1011 currentes,

122 1023 218 1058 voluerunt
226 1033 256 1057 me
264 1023 355 1057 aduncare
362 1028 380 1057 et
388 1022 406 1056 in
414 1022 465 1067 ipsos
471 1028 536 1066 puteos
544 1022 654 1066 sulphureos
661 1022 779 1066 precipitare:
791 1024 824 1057 sed

122 1077 186 1109 ductor
194 1085 246 1108 meus
254 1075 285 1118 qui
293 1076 376 1119 portabat
387 1076 516 1119 glomicellum,
524 1076 596 1108 iactauit
607 1086 663 1118 super
673 1075 765 1118 spatulas⁹
773 1086 824 1109 meas

122 1129 173 1162 filum
182 1132 199 1161 et
207 1127 310 1170 duplicauit,
319 1133 337 1161 et
345 1127 400 1161 traxit
411 1138 441 1161 me
449 1133 491 1171 post
502 1138 522 1161 se
532 1127 606 1161 fortiter.
629 1127 697 1170 Sicque
708 1127 824 1162 ascendimus

123 1190 179 1226 super
194 1185 266 1215 montes
280 1179 345 1226 igneos
360 1179 465 1222 altissimos,
479 1181 503 1216 de
518 1179 584 1225 quibus
599 1179 704 1215 oriebantur
717 1180 794 1225 paludes
807 1185 824 1215 et

96 1235 199 1270 20ssumina
210 1234 300 1268 feruentia
313 1239 331 1268 et
345 1234 406 1269 omnia
419 1235 534 1269 metallorum
549 1244 618 1278 genera
633 1234 737 1269 bullientia:
753 1234 784 1269 vbi
799 1235 825 1269 in-

122 1298 209 1323 numeras
217 1288 288 1321 animas
296 1288 370 1332 repperi
378 1288 473 1322 hominum
479 1293 497 1322 et
505 1287 610 1333 principum
616 1287 673 1333 patris
681 1287 718 1322 mei
724 1293 742 1322 et
749 1287 824 1322 fratrum

123 1351 212 1380 meorum,
225 1346 243 1374 et
258 1341 375 1384 precipitatas
388 1341 450 1374 alias¹⁰
463 1352 521 1384 vsque
534 1343 557 1374 ad
572 1347 660 1381 mentum,
673 1341 718 1375 alias
729 1352 787 1384 vsque
802 1341 824 1374 ad

122 1394 234 1435 umbilicum,
242 1398 260 1427 et
271 1394 396 1428 clamauerunt
406 1395 429 1427 ad
440 1404 470 1426 me
481 1394 577 1427 eiulando:
589 1394 655 1427 “Dum
666 1394 751 1435 viximus,
760 1393 825 1427 amaui-

124 1457 165 1480 mus
173 1451 234 1479 tecum
242 1451 260 1480 et
268 1456 309 1480 cum
317 1451 369 1490 patre
376 1451 408 1480 tuo
416 1452 434 1480 et
445 1456 486 1480 cum
495 1446 581 1481 fratribus
592 1451 610 1480 et
620 1446 715 1481 auunculis
723 1447 759 1481 tuis
766 1446 825 1480 facere

98 1513 115 1543 ²5
124 1501 182 1544 prelia
194 1505 212 1532 et
222 1498 319 1533 homicidia
330 1505 348 1533 et
359 1499 433 1543 rapinas
445 1511 479 1543 pro
490 1499 589 1543 cupiditate
601 1501 697 1542 terrena¹¹,
709 1500 750 1534 ideo
761 1500 780 1533 in
791 1499 825 1533 ista

124 1551 219 1587 bullientia
227 1551 302 1586 flumina
310 1557 328 1585 et
336 1552 451 1586 metallorum
458 1552 531 1586 diuersa
539 1563 607 1596 genera
613 1554 735 1596 torquemur.¹¹
754 1553 777 1586 Et
785 1563 825 1586 cum

124 1607 148 1640 ad
164 1607 198 1640 hec
213 1604 287 1639 timidus
302 1606 439 1648 attenderem¹²,
455 1605 516 1640 audiui
531 1611 580 1640 retro
598 1617 627 1641 me
647 1606 718 1640 animas
737 1606 825 1641 clamare:

125 1659 229 1690 “Potentes
240 1662 325 1700 potenter
332 1663 423 1690 tormenta
433 1658 525 1700 patientur
530 1658 557 1691 ¹³3¹
581 1659 604 1690 Et
612 1660 692 1701 respexi,
700 1664 718 1691 et
725 1659 763 1691 vidi
771 1668 826 1700 super

125 1710 175 1755 ripas
183 1709 263 1744 fluminis
271 1709 364 1744 bullientis
372 1709 455 1744 fornaces
464 1709 525 1754 piceas
533 1715 551 1745 et
560 1710 675 1754 sulphureas,
683 1711 748 1756 plenas
756 1709 826 1754 magnis

98 1777 117 1807 30
126 1762 235 1800 draconibus
240 1761 253 1782 ¹⁴
259 1767 277 1798 et
283 1761 411 1809 scorpionibus
418 1768 436 1798 et
442 1763 557 1808 serpentibus
566 1763 634 1799 diuersi
642 1764 725 1809 genens:
734 1764 764 1799 vbi
772 1763 825 1798 etiam

125 1818 163 1853 vidi
172 1817 242 1861 aliquos
251 1817 307 1861 patris
318 1816 354 1851 mei
362 1817 455 1861 principes
463 1822 480 1850 et
488 1818 564 1852 fratrum
573 1823 591 1852 et
599 1819 730 1853 auunculorum
739 1827 825 1858 meorum,

126 1871 209 1905 dicentes
222 1869 277 1904 mihi:
294 1870 353 1903 “Heu
364 1870 422 1911 nobis,
435 1871 510 1904 Carole!
525 1870 577 1905 vides
593 1882 648 1914 quam
662 1871 726 1914 grauia
739 1872 826 1905 habemus

126 1929 218 1958 tormenta
229 1928 306 1967 propter
315 1928 397 1957 nostram
409 1922 500 1957 maliciam
511 1929 529 1957 et
541 1925 647 1967 superbiam
659 1929 676 1958 et
688 1924 736 1958 mala
747 1922 826 1963 consilia,

126 1987 162 2020 que
172 1974 241 2009 nostris
253 1974 327 2018 regibus
338 1979 356 2008 et
367 1974 400 2008 tibi
410 1975 493 2008 dedimus
504 1981 580 2018 propter
590 1976 722 2019 cupiditatem.’¹
746 1976 827 2018 Cumque

99 2040 117 2070 35
126 2029 206 2063 dolendo
220 2027 382 2071 congemiscerem,
394 2027 417 2061 ad
431 2038 461 2061 me
475 2028 577 2062 drachones
589 2028 658 2072 apertis
671 2028 752 2062 faucibus
767 2026 826 2072 plenis

126 2082 174 2126 igne,
187 2080 275 2125 sulphure
288 2087 306 2115 et
319 2080 365 2125 pice,
374 2080 475 2116 ¹⁵volentes
490 2093 520 2115 me
533 2080 624 2127 inglutire,
636 2081 782 2117 accesseruntll:
794 2079 827 2114 sed

127 2136 192 2168 ductor
206 2145 258 2168 meus
274 2134 370 2178 triplicauit
385 2145 442 2178 super
456 2145 487 2169 me
502 2136 558 2178 filum,
576 2146 586 2169 a
602 2136 653 2170 cuius
668 2136 724 2170 radiis
743 2133 827 2169 claritatis

113 2195 115 2197 ’
128 2191 214 2230 superata
227 2192 269 2219 sunt
281 2197 313 2219 ora
325 2197 389 2219 eorum
394 2186 406 2206 ¹⁷
417 2187 475 2230 ignea,
486 2193 504 2220 et
517 2188 606 2230 pertraxit
617 2200 647 2221 me
659 2188 741 2221 validius.
763 2187 787 2219 Et
797 2187 827 2219 de-

128 2238 234 2274 scendimus
242 2238 260 2272 in
268 2249 323 2273 vuam
331 2239 403 2280 vallem,
410 2250 445 2283 que
454 2245 492 2273 erat
499 2251 523 2273 ex
528 2251 564 2274 vna
572 2246 622 2284 parte
630 2241 728 2274 tenebrosa
737 2245 755 2274 et
762 2239 828 2273 ardens

100 2310 119 2341 4⁰
127 2292 177 2327 velut
185 2290 267 2325 clibanus
277 2290 330 2334 ignis,
338 2302 362 2325 ex
369 2292 426 2326 altera
433 2302 477 2326 vero
485 2298 536 2337 parte
544 2298 581 2327 tam
592 2294 710 2327 amenissima
720 2298 738 2327 et
748 2289 828 2336 splendi-

127 2345 209 2386 dissima,
216 2351 235 2378 vt
245 2345 295 2378 nulla
305 2344 374 2379 ratione
382 2345 443 2379 dicere
451 2357 522 2389 queam.
544 2346 595 2381 Verti
604 2359 634 2382 me
643 2353 705 2381 contra
713 2347 828 2380 tenebrosam

147 2405 153 2423 ¹
164 2405 181 2434 E.
190 2403 320 2440 lamberlntheas5
331 2404 348 2433 T.
356 2405 466 2434 laberintheas.
498 2406 504 2423 ²
514 2406 532 2435 E.
540 2411 556 2435 et
563 2407 588 2442 d,;
599 2415 629 2437 om.
638 2407 654 2435 in
661 2406 679 2437 T.
711 2406 717 2423 ³
729 2406 746 2436 E.
756 2405 773 2434 T.
779 2401 827 2432 duxit.

127 2444 287 2481 ⁴T.E.igneasque.
328 2443 430 2474 meorum.
470 2443 504 2474 ⁶E.
512 2446 581 2475 veniant.
619 2445 758 2475 'Tascultarem
795 2440 828 2469 ⁸T·

128 2483 260 2514 reuerberatibus.
314 2483 448 2520 ⁹VB.scapu1as.
499 2485 510 2502 ¹⁰
520 2485 538 2515 T.
546 2486 585 2515 illas.
606 2486 640 2516 VB.
648 2486 696 2516 adds:
707 2478 828 2520 aliasvsquead

128 2524 198 2561 capillos.
244 2523 255 2541 ¹¹
266 2522 283 2552 E.
292 2526 360 2553 terrene.
405 2522 416 2541 ¹²
426 2524 444 2553 T.
452 2524 548 2555 accederem.
595 2523 607 2541 ¹³
616 2525 650 2555 VB.
660 2525 745 2561 patiuntur.
791 2518 828 2547 “T-

128 2562 238 2595 drachonibus
279 2562 290 2579 ¹⁵
300 2563 317 2593 T.
325 2566 341 2592 et
349 2571 362 2594 v.
404 2561 416 2579 ¹³
426 2564 443 2595 E.
451 2568 559 2594 accerserunt.
601 2562 612 2581 Π
623 2565 640 2595 Τ.
650 2564 667 2595 E.
676 2572 733 2594 earum.
785 2585 786 2588 η
