1762 2803
163 109 209 165 Bt
224 107 325 162 &ancta
341 108 474 161 manuue
490 108 608 171 totatuta.
694 125 734 167 321

36 234 126 274 temptare
134 230 178 272 vult,
186 240 228 263 cum
239 229 292 263 diues
302 239 344 263 sum
354 233 373 263 et
383 229 451 263 nullius
458 240 514 273 egeo;
527 229 569 274 qui¹
577 230 621 263 dum
629 239 700 274 pauper
707 228 738 270 sui,

36 291 66 318 me
79 282 165 326 decipere
177 292 214 317 non
226 281 289 326 potuit
312 282 373 326 Spero
384 293 418 326 per
430 282 460 317 dei
472 282 617 318 misericordiam
629 282 677 326 quod
693 292 738 316 nun-

36 345 92 379 quam
103 346 133 368 me
144 334 222 379 decipiet
233 345 268 379 per
275 334 322 368 hanc
329 333 384 369 viam.
407 335 443 369 Per
451 335 499 369 dona
507 334 598 381 siquidem
606 346 642 380 que
654 345 688 368 nec
696 335 740 368 data

36 399 71 423 nec
82 393 156 432 accepta
167 393 211 422 sunt
222 389 324 423 secundum
335 388 396 431 deum,
408 393 493 433 corrupta
504 394 533 423 est
544 388 668 423 christianitas
679 387 739 429 hodie,

36 440 162 485 deficietquel,
178 441 285 485 priusquam
304 441 338 476 hec
353 442 450 476 aduertant
468 442 567 483 christiani,
586 442 622 477 nisi
635 452 656 476 se
674 448 756 478 curare5

36 494 140 528 studuerint
151 494 174 527 ab
186 494 220 528 hac
231 495 294 538 peste.¹
338 486 412 528 Volens
423 495 473 529 enim
484 495 552 530 athleta
561 494 592 530 dei
603 505 624 530 se
634 498 693 529 totum
704 504 739 539 pro

37 547 96 580 salute
109 546 211 581 animarum
225 551 244 581 et
257 546 371 582 libertatibus
384 547 462 583 ecclesie
475 558 526 583 more
539 548 692 592 predecessorum
706 558 739 582 ex-

37 608 111 640 ponere,
123 599 277 632 contradictiones
289 600 356 633 multas
369 610 380 632 a
394 599 446 643 regni
460 600 559 633 maioribus
571 605 590 633 et
601 611 612 633 a
625 611 669 643 rege
681 600 739 643 patie-

38 650 95 692 batur,
110 650 220 695 ipsumque³
235 651 363 686 cantuariense
380 651 477 697 collegium
494 652 554 687 eidem
573 652 663 687 obuiabat.
694 652 739 687 Eius

36 703 140 744 familiares,
151 704 273 739 aduersitates
288 715 331 739 suas
343 704 453 748 plangentes
467 710 486 739 et
498 705 579 745 iniurias,
592 704 706 750 compescuit
720 710 739 740 et
748 712 767 735 ¹0

37 756 130 800 redarguit
144 756 218 792 dicens:
235 756 302 798 ‘Sicut
316 768 358 791 cum
371 757 462 802 egrotanti
477 758 514 792 filio
529 758 615 802 poculum
630 757 740 802 propinatur

37 818 125 850 amarum,
133 808 175 843 dicit
183 815 251 845 mater:
264 810 303 844 “ad
313 810 410 845 sanitatem
418 810 487 854 ebibe,¹’
494 811 519 845 ita
530 811 563 845 hec
573 810 635 845 omnia
642 821 678 855 que
686 810 739 845 nobis

37 862 139 896 offeruntur
146 864 230 905 aduersa,
235 864 258 898 ad
266 865 344 898 salutem
352 864 436 909 cupimus
446 870 526 909 epotare.
543 864 675 898 Inundationes
682 864 740 898 maris

37 915 90 958 quasi
104 916 132 950 lac
144 916 233 951 debemus
246 928 312 962 sugere
318 918 330 959 ¹,
343 923 361 952 et
376 928 418 952 curn
429 928 539 963 precursore
551 917 620 951 domini
633 917 652 951 in
666 917 740 952 deserto

38 968 102 1002 mundi
117 970 215 1004 comedere
229 970 266 1004 mel
281 970 376 1006 siluestre.¹
399 970 421 1005 In
436 970 488 1015 ipsos
503 976 564 1005 autem
576 970 607 1014 qui
621 980 664 1005 eum
680 970 740 1005 acrius
749 979 768 1010 15

38 1021 182 1065 insequebantur
189 1029 207 1057 et
214 1024 234 1057 in
242 1034 284 1057 eum
292 1024 392 1058 atrociores
400 1024 478 1066 fuerant,
483 1034 574 1057 summam
582 1023 680 1057 exercebat
685 1023 740 1058 mise·

38 1073 140 1117 ricordiam,
148 1076 233 1119 quotiens
240 1076 313 1111 veniam
321 1076 443 1120 postulabant.
466 1076 547 1121 Apertos
557 1081 686 1120 persecutores
696 1086 740 1111 suos

38 1127 61 1158 ad
74 1127 125 1169 pacis
136 1128 218 1161 osculum
230 1133 248 1162 et
260 1128 304 1162 alias
315 1128 447 1163 familiaritates
458 1129 537 1162 admisit.
560 1128 584 1161 Et
596 1139 638 1161 curn
650 1128 678 1161 sui
692 1128 741 1162 dice-

38 1183 85 1218 rent,
98 1179 145 1212 hanc
157 1180 253 1215 remissam
268 1181 324 1215 animi
338 1181 366 1215 sui
377 1181 537 1215 mansuetudinem
549 1180 589 1215 aliis
602 1186 666 1215 contra
679 1180 740 1224 ipsum

38 1229 145 1275 insurgendi
168 1232 273 1277 exemplum
296 1234 379 1277 prebere,
397 1233 433 1268 ait:
456 1233 530 1267 ‘Sinite
552 1233 583 1266 An
604 1232 679 1267 nescitis
698 1233 740 1277 quia
749 1243 769 1264 ao

38 1283 124 1319 dominus
137 1290 200 1320 noster
212 1290 290 1320 mortem
303 1286 337 1321 sibi
350 1285 471 1321 inferentibus
484 1297 522 1321 non
534 1285 607 1326 restitit,
619 1286 652 1321 sed
666 1286 740 1330 procis

39 1337 146 1380 suppliciter
165 1338 282 1373 intercessit?
310 1338 378 1383 Vtique
397 1340 437 1381 deo,
456 1349 493 1373 non
512 1338 583 1373 homini
601 1339 693 1373 seruanda
711 1344 740 1374 est

39 1390 121 1432 potentia
127 1390 236 1426 vindicandi.
259 1392 313 1426 Absit
321 1403 332 1426 a
339 1402 369 1426 me
377 1397 396 1426 vt
405 1402 449 1437 erga
456 1403 488 1426 eos
496 1397 527 1426 ant
535 1392 606 1426 trabem
613 1396 643 1426 aut
651 1391 740 1426 festucam

39 1448 110 1485 portem
124 1443 144 1477 in
157 1444 214 1485 oculo,
227 1450 368 1488 quantocunque
382 1455 412 1478 me
423 1445 521 1479 videantur
535 1444 609 1478 afficere
624 1443 740 1479 detrimento.

39 1493 99 1536 Certe,
108 1495 124 1529 si
136 1496 198 1530 oculos
209 1496 273 1540 capitis
284 1497 320 1530 mei
332 1503 419 1530 eruerent
429 1496 459 1530 vel
472 1502 570 1540 utrumque
583 1496 678 1530 brachium
690 1502 740 1531 trun·
750 1507 768 1537 ²5

39 1552 107 1589 carent,
119 1548 223 1583 nullatenus
235 1559 267 1583 eos
279 1549 340 1584 minus
352 1548 453 1593 diligerem,
465 1559 499 1583 nec
511 1549 572 1583 minus
584 1549 692 1583 exhiberem
702 1549 742 1583 dili-

39 1600 100 1642 gentis
119 1600 201 1634 animum
219 1601 259 1635 siue
277 1602 354 1635 vultum.
385 1601 432 1635 Nolo
450 1601 495 1634 mihi
514 1602 537 1635 de
556 1600 621 1635 alienis
640 1600 742 1636 defectibus

39 1651 156 1696 dispendium
170 1655 282 1698 propagare)
306 1654 403 1689 Libentius
416 1664 502 1698 namque,
513 1660 533 1688 vt
548 1654 619 1688 dicebat
634 1653 666 1688 in⁵
679 1654 741 1698 ignem

39 1703 74 1738 iret
86 1706 240 1749 ardentissimum,
252 1717 307 1752 quam
321 1707 394 1752 aliquod
407 1712 502 1752 peccatum
517 1706 640 1742 committeret
655 1718 679 1741 ex
692 1712 742 1742 certa

40 1758 116 1793 scientia
124 1765 188 1794 contra
196 1761 256 1795 deum.
300 1753 421 1796 ‘conuocato
427 1761 500 1795 tandem
507 1760 619 1805 prelatorum
627 1760 708 1801 consilio,
714 1761 742 1795 in·
750 1771 770 1801 30

40 1810 114 1854 quisiuit
122 1814 213 1857 quomodo
224 1813 319 1849 ecclesiam
328 1813 364 1848 iam
375 1813 479 1848 ancillatam
491 1813 574 1848 releuare
582 1818 649 1857 posset.
673 1812 742 1848 Decer-

40 1865 90 1896 nitur
103 1865 164 1898 statim
176 1876 239 1909 regem
253 1876 294 1899 curn
306 1866 372 1900 ceteris
386 1865 485 1900 rebellibus
497 1866 624 1899 admonendos
637 1864 682 1905 sore,
695 1866 741 1900 etsi

40 1925 77 1949 non
96 1917 236 1961 corrigerentur,
252 1917 375 1953 ecclesiastice
394 1927 472 1951 censure
487 1916 577 1951 seueritas
594 1927 631 1950 non
647 1917 741 1951 dormiret.

41 1966 96 2003 Paret
106 1969 135 2003 vir
146 1975 221 2005 sanctus
230 1969 259 2004 his
270 1970 329 2013 dictis,
337 1981 400 2014 regem
411 1968 467 2010 adiit;
478 1975 496 2004 et
508 1980 541 2003 rex
553 1968 691 2003 deliberandum
702 1969 742 2004 fore

40 2022 158 2057 asseuerauit.
181 2024 271 2068 Expectat
278 2024 306 2057 vir
314 2023 386 2067 patiens
394 2033 428 2067 per
435 2028 538 2066 temporum
546 2022 646 2064 curricula;
660 2023 741 2064 tandem,
750 2032 769 2063 35

41 2074 74 2107 soli
88 2076 127 2120 regi
136 2076 227 2120 deferens,
241 2076 351 2111 sententiam
363 2075 381 2110 in
395 2081 467 2111 ceteros
480 2075 525 2110 iuris
538 2073 657 2110 ecclesiastici
670 2079 741 2118 pertur-

41 2126 113 2162 batores
128 2131 256 2174 promulgauit.
279 2131 303 2164 Et
321 2140 363 2164 cum
382 2140 416 2164 nec
434 2129 470 2163 hiis
485 2129 558 2172 quidem
574 2134 742 2171 compungerentur

41 2184 194 2225 transgressores,
207 2183 310 2217 cedendum
324 2181 383 2226 magis
395 2180 477 2216 censuit⁷
490 2180 572 2221 maliolis,
585 2192 639 2224 quam
651 2179 742 2215 inseruire

41 2230 107 2277 litigiis.
127 2233 254 2270 Considerauit
262 2234 316 2269 etiam
323 2235 377 2280 quod,
385 2234 401 2269 si
408 2240 464 2269 totam
474 2233 591 2268 seueritatem
599 2231 742 2269 ecclesiasticam

41 2284 157 2329 impenderet
164 2288 183 2322 in
191 2288 275 2330 rebelles,
283 2288 344 2323 forsan
356 2288 427 2332 legatus
437 2298 491 2331 pape,
499 2293 542 2321 tunc
550 2297 634 2331 presens,
643 2285 661 2320 in
669 2286 742 2322 irritum
750 2300 771 2329 40

41 2337 116 2374 duceret
124 2351 224 2386 regemque
232 2342 255 2375 ad
263 2342 355 2375 deteriora
362 2345 476 2384 prouocaret.
493 2340 514 2373 Si
521 2349 565 2374 vcro
572 2349 652 2383 presens
659 2339 743 2374 existens

42 2400 105 2426 eorum
120 2399 181 2428 errata
195 2405 233 2429 non
248 2393 352 2438 corrigeret,
363 2392 458 2427 videretur
470 2403 493 2426 ea
505 2403 539 2437 per
552 2391 644 2436 quandam
656 2391 744 2428 dissimu-

39 2442 114 2480 lationis
129 2447 245 2481 tolerantiam
260 2447 368 2491 approbare.
398 2446 428 2480 Ob
440 2445 474 2479 hoc
489 2455 565 2490 corpore
580 2444 669 2489 preelegit
684 2457 705 2481 se
720 2448 744 2482 ad

41 2501 157 2558 '‘¹·¹Vitquia.
183 2519 218 2552 ²13.
226 2520 336 2558 deficientquc.
360 2518 490 2558 'alicunque
516 2518 550 2550 ¹T.
558 2528 631 2558 suggere.
657 2519 743 2552 *uniat

41 2555 47 2572 ⁶
57 2558 80 2588 Cf.
88 2558 125 2590 Vita
131 2561 163 2590 and
171 2561 241 2599 Higden.
281 2560 287 2578 ³
298 2561 316 2592 E.
324 2560 390 2591 sensuit.

385 2619 399 2643 Y
