1762 2803
82 91 139 142 ¹550
361 72 484 134 {intimuit
502 73 533 119 ll.

94 210 144 233 suam
152 198 252 241 opulentam
260 196 326 240 parauit
334 203 351 230 et
358 198 439 239 vberen1;
451 196 497 230 intus
504 196 564 238 religio
575 196 669 238 augebatur
676 196 723 229 omni
731 195 773 230 hora
781 206 798 233 et

96 250 183 283 crescebat
198 248 267 290 cotidie,
282 248 304 281 de
319 247 359 281 foris
374 257 415 281 vero
430 246 549 290 possessiones
565 246 725 290 augmentabantur.
750 248 799 284 Deus

96 301 142 334 enim
150 305 186 333 erat
194 300 211 333 in
220 300 271 332 domo
281 298 315 339 illa,
320 304 337 331 et
345 298 426 331 dominus
434 309 474 331 eam
481 298 595 332 benedicebat
601 298 658 330 valde.
679 297 695 333 ii
703 299 746 330 Erat
754 300 799 333 enim

96 351 114 383 in
122 349 182 382 eodem
192 349 264 382 cenobio
277 349 299 381 de
312 348 392 389 Reuesby
402 348 498 381 monachus
508 347 578 389 quidam
590 346 708 380 mutabilitatis
720 347 799 381 incendio

79 401 215 445 5conflagratus,
225 408 235 432 a
246 397 351 432 monasterio
363 398 443 432 recedere
455 398 525 431 volens:
543 397 572 439 qui
585 396 670 439 (v)eniens
683 398 706 430 ad
719 397 799 434 abbatem

96 450 190 484 Aelredmn
203 448 254 482 dixit:
271 448 338 489 ‘Paten
352 448 455 491 grauitatem
469 448 535 482 ordinis
550 448 611 481 leuitas
624 459 663 482 mea
675 459 710 481 non
722 449 799 492 sustinet,

96 511 123 533 res
135 511 195 533 omnes
209 498 294 532 contrarie
311 506 351 533 sunt
363 499 417 532 milri:
437 500 507 532 diurnos
518 499 586 532 labores
598 508 633 531 non
648 498 689 540 iero,
702 497 768 532 crucior
783 507 800 533 et

97 561 151 593 angor
158 551 175 583 in
183 561 231 583 mora
238 550 290 592 longa
297 550 398 591 vigiliarum,
406 550 492 583 laboribus
502 550 599 591 frequenter
606 550 700 582 succumbo
707 560 799 590 manuum,

97 611 136 633 esce
144 600 230 634 absinthio
238 600 256 631 in
264 610 293 632 ore
301 600 361 632 herent
369 600 467 640 amariores,
475 599 616 631 vestimentorum
624 599 709 642 asperitas
720 605 776 632 cutem
784 606 800 633 et

72 668 89 687 10
98 661 168 683 carnem
180 656 272 691 penetrans
285 651 359 683 adessa
372 660 426 692 vsque
441 650 488 682 nuda
500 649 585 691 pertingit.
608 649 665 692 Super
677 649 709 682 hec
723 649 800 684 voluntas

98 701 121 735 ad
129 701 163 735 alia
171 711 239 743 semper
247 699 306 741 inhiat,
314 700 384 733 delicias
392 700 458 743 appetit
465 706 482 733 et
491 700 513 733 ad
524 700 584 732 mnndi
592 700 689 743 voluptates
700 700 738 734 sine
749 701 801 735 inter-

98 751 180 786 missione
193 750 277 794 suspirat.’
300 751 332 784 Cui
343 751 398 784 abbas
410 751 503 791 Aelredus:
517 750 550 783 ‘Et
560 761 597 792 ego,
608 751 668 792 inquit,
678 752 801 784 esculenciores

99 803 146 835 cibos
162 808 179 833 et
196 801 287 833 blandiora
301 800 404 832 vestimenta
417 800 449 833 tibi
464 810 536 842 prepare
555 805 572 833 et
590 799 648 833 omnia
667 809 699 841 que
717 800 801 833 monacho

99 852 183 884 debentur
190 850 301 892 portabiliora
309 850 395 891 indulgeo,
403 849 497 883 dummodo
506 849 630 882 monasterium
641 860 699 882 meum
707 849 802 884 inhabitare

72 918 90 949 15
99 906 228 944 perseueranter
240 899 335 934 sustineas?
359 900 420 942 ‘Nola
434 899 489 943 inquit
501 899 534 940 ille,
546 900 586 933 licet
598 900 651 933 michi
662 900 730 934 dederis
742 911 801 934 omnes

99 952 171 985 diuicias
186 952 247 984 domus
262 951 322 983 huius!
345 950 378 983 Cui
391 950 475 984 Alredus:
492 950 542 984 ‘Nec
556 960 589 992 ego
604 956 655 993 gusto
670 951 733 991 cibum,
747 951 801 985 donec

99 1002 171 1036 inuitum
181 1007 211 1034 aut
221 1002 307 1034 volentem
317 1006 334 1033 te
344 1001 415 1034 reducat
424 1001 515 1034 dominus.y
539 1000 585 1043 Quid
595 1001 657 1043 plura?
679 1002 735 1035 Currit
743 1012 802 1035 mona-

99 1055 141 1086 chus
159 1053 182 1085 ad
200 1058 268 1093 portam
283 1057 301 1084 vt
315 1052 390 1090 recedat,
406 1052 490 1084 Aelredus
505 1052 523 1083 in
542 1051 639 1083 cubiculum
655 1052 707 1085 intrat
722 1058 740 1084 vt
755 1057 801 1092 oret3

99 1104 203 1135 lamentatur
214 1100 301 1143 piissimus
313 1106 362 1142 pater
373 1100 431 1139 filium,
443 1105 460 1133 et
471 1100 548 1143 suspiriis
561 1100 617 1133 cordis
629 1111 719 1135 erroneum
732 1100 802 1145 plangit.

73 1164 92 1185 ao
100 1152 190 1195 Fugitiuus
200 1157 258 1185 autem
270 1151 293 1185 ad
305 1156 373 1193 portam
383 1150 454 1184 veniens
465 1151 510 1184 exire
520 1151 624 1185 festinabat:
637 1157 662 1186 set
672 1152 737 1195 apertis
748 1151 803 1186 ianuis

100 1203 149 1245 quasi
157 1213 224 1235 murum
232 1202 304 1235 ferreum
312 1202 366 1235 sensit
376 1202 442 1235 aeriam
449 1202 549 1235 vanitatem.
572 1204 650 1236 Conatur
656 1203 712 1244 magis
720 1214 740 1236 ac
748 1202 803 1245 magis

100 1254 159 1295 egredi
172 1253 263 1296 sepiusque
275 1251 362 1295 inceptatl
369 1253 415 1285 fores
426 1252 530 1296 irrumpere:
544 1258 571 1286 set
583 1258 650 1287 cassato
661 1252 752 1287 conamine
763 1252 803 1286 velit

100 1304 143 1337 nolit
156 1313 191 1337 non
206 1303 288 1344 procedit.
316 1304 396 1335 Tandem
411 1303 464 1335 iratus
482 1303 544 1335 acriter
559 1303 591 1335 sibi
607 1303 645 1346 ipsi,
660 1304 739 1336 cardines
754 1303 803 1335 ianne

101 1359 172 1396 vtraqne
184 1363 237 1385 manu
247 1352 366 1395 apprehendit,
374 1359 391 1385 et
402 1353 465 1395 pedem
472 1364 525 1386 vnum
536 1353 619 1395 producta
629 1352 672 1386 tibia
682 1354 775 1387 extendens
787 1352 804 1385 in

74 1413 92 1443 25
101 1405 177 1446 longum,
189 1403 236 1436 nullo
249 1403 301 1435 modo
314 1403 362 1435 illurn
372 1403 400 1435 vel
413 1403 436 1435 ad
447 1403 524 1436 medium
537 1403 600 1436 liminis
614 1404 687 1446 dirigere
700 1404 804 1447 preualebat.

101 1456 151 1489 Tunc
162 1464 222 1488 omnes
235 1453 264 1497 qui
275 1454 347 1488 aderant
361 1454 468 1488 detestantur
481 1453 621 1496 ingratitudinem
635 1454 680 1488 illius
693 1466 734 1497 erga
747 1456 804 1495 deum,

102 1512 119 1539 et
131 1504 185 1547 patris
197 1504 266 1538 Aelredi
276 1503 387 1546 magnificant
397 1504 491 1545 caritatem,
504 1504 532 1547 qui
543 1505 623 1538 oracione
634 1515 665 1538 sua
676 1505 731 1539 ianuis
741 1505 804 1548 apertis

102 1561 162 1589 contra
170 1554 218 1588 illum
226 1565 283 1588 aerem
290 1555 379 1595 clauserat,
387 1556 507 1597 volentemque
518 1555 535 1588 in
545 1556 633 1589 baratrum
641 1556 735 1598 iniquitatis
743 1557 804 1589 cadere

102 1617 138 1638 non
149 1604 263 1646 permittebat.
288 1605 317 1636 Set
327 1611 344 1635 et
355 1605 383 1636 ille
395 1610 507 1645 compunctus
518 1605 563 1637 redit
575 1605 598 1637 ad
610 1610 681 1646 patrem,
692 1606 735 1646 petit
746 1603 805 1637 remis·

74 1667 95 1695 30
103 1656 175 1693 sionem,
180 1660 196 1686 et
202 1653 313 1686 stabilitatem
318 1653 407 1696 promittit.
418 1653 433 1689 ll
441 1655 510 1688 Mortuo
515 1653 602 1688 Willelmo
608 1655 663 1697 primo
669 1655 731 1689 abbate
736 1654 804 1689 Rieual-

104 1706 130 1748 lie,
139 1705 221 1740 successit
233 1704 327 1739 Mauricius
335 1705 361 1738 vir
371 1715 434 1747 magne
444 1705 541 1739 sanctitatis
552 1712 569 1739 et
580 1706 678 1748 prudencie,
686 1713 745 1750 vtpote
756 1707 784 1750 qui
794 1717 805 1739 a

103 1767 155 1799 puero
170 1756 188 1788 in
203 1756 276 1788 claustro
292 1755 400 1788 dunelmensi
415 1756 498 1789 educatus
513 1762 590 1789 creuerat
605 1757 622 1789 in
637 1757 710 1800 sublimi,
724 1757 748 1790 ita
762 1763 780 1789 vt
795 1766 805 1788 a

102 1806 154 1839 sociis
159 1806 244 1839 secundus
250 1806 298 1838 Beda
305 1806 458 1847 cognominaretur.
470 1806 505 1838 Hic
509 1807 581 1838 moleste
585 1807 642 1838 serens
647 1817 699 1838 onera
705 1817 744 1838 cure
749 1811 805 1848 pasto-

103 1856 142 1889 ralis
150 1861 222 1898 portare,
228 1854 330 1888 villicationi
335 1854 461 1888 abrenuncians
469 1861 509 1897 post
517 1856 560 1889 duos
567 1855 636 1898 [annos]
643 1856 660 1888 in
667 1856 741 1889 claustro
747 1855 805 1888 maluit

75 1906 183 1949 35residere.
211 1904 243 1939 Cui
254 1905 338 1939 Aelredus
354 1917 365 1938 a
380 1906 461 1939 iratribus
477 1906 585 1949 subrogatus,
598 1907 673 1949 amplius
688 1907 739 1940 solito
751 1908 806 1939 lucere

103 1956 138 1990 iam
146 1955 191 2000 cepit
199 1962 216 1989 et
224 1955 272 1999 quasi
281 1956 306 1989 sol
314 1955 332 1989 in
338 1962 396 1990 centro
404 1957 481 1990 eleuatus
489 1956 585 1991 claritatem
593 1967 623 1990 sue
631 1956 673 1991 lucis
681 1957 735 1991 lacius
741 1955 805 1991 effudit.

104 2008 138 2049 Qui
150 2013 208 2041 tamen
221 2007 279 2049 plures
291 2007 356 2040 emulos
370 2006 430 2040 habuit
443 2006 507 2040 cotidie
520 2007 553 2041 sibi
570 2007 686 2048 detrahentes,
699 2014 716 2041 et
730 2008 805 2041 dicentes

104 2069 143 2091 eum
159 2068 197 2091 esse
212 2068 297 2097 voracem,
313 2057 348 2090 vini
363 2063 465 2100 potatorem,
480 2064 497 2091 et
512 2058 579 2091 balneis
593 2068 655 2100 corpus
668 2068 718 2091 suum
731 2059 806 2091 dantem.

104 2109 171 2149 Quibus
186 2108 324 2149 respondendum
336 2113 373 2139 est:
392 2108 509 2140 manducabat
524 2108 571 2140 enim
584 2109 630 2150 quod
645 2107 661 2140 ei
676 2105 807 2151 apponebaturt

76 2171 96 2202 40
104 2156 169 2191 licitum
178 2163 195 2189 et
205 2157 287 2200 regulare,
296 2163 321 2190 set
330 2156 355 2190 ita
363 2167 420 2200 parce,
428 2162 446 2191 vt
453 2157 531 2191 videntes
540 2163 558 2191 et
569 2163 653 2198 amantes,
660 2168 696 2191 non
703 2169 742 2191 eum
750 2156 805 2190 homi·

104 2219 145 2241 nem
152 2213 179 2240 set
186 2207 269 2240 infantem
279 2207 348 2240 credere
357 2207 458 2249 potuissent.
481 2208 554 2241 Bibebat
564 2207 656 2251 aliquando
667 2208 727 2242 vinum
736 2213 806 2252 propter

104 2264 179 2292 veterem
192 2258 272 2290 morbum
283 2257 342 2290 calculi
354 2268 387 2300 quo
399 2257 470 2300 singulis
481 2258 570 2292 mensibus
581 2259 689 2292 cruciabatur
699 2258 805 2302 grauissime.

104 2308 119 2344 il
128 2310 186 2350 Quam
193 2307 291 2350 passionem
299 2307 323 2341 ita
331 2307 392 2340 durana
401 2308 486 2349 sustinuit,
494 2314 512 2341 vt
521 2307 612 2350 sepissime
622 2308 639 2342 in
647 2309 696 2342 vrina
705 2309 806 2352 produceret

104 2359 201 2400 fragmenta
209 2367 261 2389 saxea
268 2357 291 2389 ad
299 2357 431 2397 grossitudinem
439 2357 482 2397 fabe,
491 2367 562 2399 qnorum
571 2357 625 2391 exitus
633 2364 669 2391 tam
676 2364 713 2392 erat
721 2358 806 2392 intollera-

77 2416 96 2447 45
105 2409 144 2441 bilis
153 2413 170 2441 vt
178 2406 254 2449 paciens
262 2406 295 2439 nisi
303 2407 365 2439 balneo
374 2412 477 2450 temperaret
487 2413 504 2441 et
515 2408 599 2442 emolliret
609 2408 722 2442 infistulatum
732 2407 806 2451 lapidem

105 2459 186 2502 quatinus
194 2458 248 2491 leuius
258 2458 393 2500 pertunderetur,
401 2457 458 2491 subito
469 2464 557 2501 cogeretur
567 2457 584 2492 in
595 2464 671 2493 mortem.
694 2460 745 2494 Vnde
756 2458 807 2492 fiebat

212 2527 217 2545 ¹
228 2526 261 2556 MS.
270 2531 345 2566 acceptat.
491 2525 497 2543 ²
509 2526 540 2557 MS.
549 2536 584 2565 app.
592 2528 638 2565 suple
644 2527 708 2557 licitum.
