1762 2803
49 189 183 229 assarna
214 173 678 236 vemttumuauuttacctmettatc.
703 184 746 232 575

51 302 113 349 Incipit
124 303 159 336 vita
170 308 187 335 et
198 300 256 344 passio
267 308 307 332 cum
317 296 404 331 miraculis
416 296 471 331 sancti
482 296 570 330 Edmundi
582 296 627 339 regis
638 303 655 331 et
668 295 748 336 martiris,

91 358 170 395 excerpta
182 352 204 383 de
217 348 291 382 cronicis
304 354 321 380 et
335 347 407 380 diuersis
421 346 496 380 historiis
508 357 538 380 seu
551 347 635 389 legendis,
648 347 670 379 de
687 346 748 380 eodem

90 402 164 437 breuiter
171 407 188 434 et
196 401 228 432 sub
236 397 338 441 compendio
346 396 443 440 compilata.

224 489 255 520 Da
266 493 384 520 unriuruaru
395 492 462 520 snucrr
473 486 575 519 Eouuunr.

50 560 180 599 i,Excronicis.
239 558 273 590 Rat
288 555 375 600 quondam
390 556 408 590 in
424 555 497 590 Saxonia
512 556 582 600 quidam
597 566 626 590 rex
640 556 748 590 Alkmundus

260 607 334 647 nomine,
342 617 416 648 magnus
428 606 496 649 quidem
508 607 575 639 diuiciis
586 611 603 639 et
614 607 692 648 potencia
702 612 719 639 et
730 607 748 639 in

50 662 93 696 bello
101 670 131 703 per
138 658 197 692 onmia
205 663 285 690 strenuus
292 661 310 689 et
318 656 423 696 victoriosus,
429 655 457 698 qui
466 655 544 698 quamuis
552 654 629 697 egregius
637 662 654 688 et
661 654 723 688 nobilis
731 656 748 688 in

49 711 100 755 regali
111 707 219 743 successione
230 707 327 747 haberetur,
339 705 357 739 in
368 704 465 739 cerimoniis
475 712 533 738 tamen
545 705 628 739 catholice
639 705 749 748 professionis

50 764 74 796 sic
81 758 171 803 principaii
179 757 227 790 nouit
237 767 288 798 super
297 755 375 789 homines
386 762 404 788 ut
416 766 451 788 non
462 755 591 789 obliuisceretur
602 757 670 799 qualem
682 756 766 801 subiec-5

51 813 115 845 cionem
120 807 192 842 creatori
197 817 228 839 suo
234 807 310 846 deberet,
315 812 341 840 set
347 806 405 839 omnia
411 816 444 849 que
452 806 474 839 ad
482 805 510 839 dei
519 806 582 839 cultum
590 806 699 848 pertinebant
704 805 750 840 iuxta

50 864 141 895 humanam
147 857 276 900 possibilitatem
283 856 376 890 studiosius
381 857 448 898 agebat.
468 855 550 889 Habebat
558 866 631 898 namque
637 855 726 898 coniugem
732 856 750 889 in

50 909 170 945 benediccione
178 907 248 941 seminis
253 907 324 940 Abrahe
332 906 409 947 reginam
417 905 565 947 pulcher[r]imam
573 905 590 938 in
598 915 673 944 vxorern,
680 905 750 938 nomine

51 961 136 996 Silvaram.
149 957 167 989 iu
182 955 258 989 moribus
273 961 291 989 et
305 954 346 988 fidei
358 955 415 988 calore
427 954 460 988 sibi
473 954 585 988 consimilem.
607 955 635 988 Ex
647 954 684 988 istis
700 953 751 996 igitur

50 1008 134 1043 radicibus
141 1005 229 1049 v[i]rentes
239 1005 331 1039 ramusculi
341 1005 457 1047 procedebant
468 1009 486 1038 et
496 1015 528 1038 suo
539 1015 587 1038 more
597 1003 641 1038 sicut
652 1004 706 1037 lilium
717 1006 749 1038 fra·
758 1020 778 1042 10

51 1058 135 1101 granciam
150 1056 246 1089 sanctitatis
262 1056 378 1098 expandentes
393 1055 500 1098 pululabant,
511 1065 584 1097 quorum
595 1055 664 1097 quidam
676 1054 749 1089 terram¹

51 1108 111 1148 Anglie
125 1107 178 1147 signis
194 1111 211 1138 et
225 1105 313 1137 miraculis
331 1104 446 1146 multipliciter
466 1104 578 1137 illustrabant.
608 1105 684 1147 Contigit
699 1104 751 1147 igitur

51 1157 121 1191 eundem
135 1165 199 1197 regem,
213 1155 327 1198 premonitum
345 1160 403 1188 tamen
422 1155 439 1187 in
457 1153 534 1197 sompnis
552 1155 574 1187 ab
592 1155 660 1196 angelo,
673 1155 750 1199 quodam

51 1214 125 1248 tempore
136 1216 195 1238 versus
207 1207 281 1237 Romam
295 1215 347 1237 causa
358 1204 457 1237 deuocionis
469 1210 485 1237 et
497 1205 581 1237 oracionis
593 1200 626 1238 i'ter
639 1205 719 1248 arripere,
731 1210 749 1239 et

51 1256 113 1289 ibidem
124 1262 194 1298 peracta
205 1256 294 1290 oblacione
305 1266 345 1289 cum
355 1255 429 1299 quadam
440 1261 519 1288 matrona
528 1255 588 1298 spiritu
598 1255 690 1298 prophecie
697 1256 749 1290 deco·
758 1268 776 1301 ¹⁵

51 1313 86 1340 rata
94 1306 211 1349 pernoctando
219 1317 268 1339 sacra
275 1305 390 1339 familiaritate
398 1305 485 1339 delectari.
502 1305 555 1339 Cuius
562 1305 647 1349 colloquio
654 1306 695 1339 dum
703 1305 749 1340 idem

52 1368 79 1389 rex
86 1362 163 1396 vteretur,
171 1357 233 1398 globus
240 1356 300 1389 solaris
312 1357 329 1389 in
340 1362 413 1398 quatuor
420 1362 477 1398 partes
485 1356 579 1389 extendens
586 1356 643 1389 radios
650 1357 673 1389 de
680 1362 750 1398 pectore

51 1405 93 1447 regis
105 1406 149 1438 exire
161 1406 206 1439 dicte
217 1412 295 1438 matrone
306 1405 410 1448 apparebat:
421 1405 466 1438 vnde
478 1411 495 1438 et
506 1404 614 1438 coniciebat¹
625 1405 681 1447 ipsum
692 1415 750 1447 regem

52 1465 62 1487 a
69 1465 108 1488 vero
115 1456 151 1489 sole
158 1456 292 1497 sublimandum,
299 1456 327 1489 vel
334 1455 405 1498 stirpem
413 1454 496 1488 diuinitus
503 1454 603 1497 insignitam
611 1466 621 1489 a
628 1466 660 1489 suo
667 1455 750 1497 sanguine

51 1515 166 1546 processuram
176 1511 193 1539 et
203 1506 279 1539 humana
289 1506 342 1540 corda
353 1505 370 1539 in
383 1504 445 1539 Christi
457 1515 533 1539 amorem
545 1504 677 1549 circumquaque
688 1516 749 1539 accen·
759 1514 778 1537 ao

52 1565 111 1588 suram.
138 1555 241 1590 Valedicens
257 1556 307 1597 igitur
322 1556 416 1590 reuerende
434 1562 512 1590 matrone
531 1555 602 1589 domum
620 1567 698 1589 reuersus
713 1563 750 1590 est:

52 1605 140 1647 paucisque
154 1606 215 1639 diebus
230 1607 303 1639 euolutis
318 1606 377 1647 regina
391 1606 476 1647 concepit,
488 1612 506 1639 et
521 1616 596 1647 congruo
610 1612 693 1648 tempore,
705 1616 751 1639 anno

52 1654 128 1687 videlicet
139 1655 162 1688 ab
175 1655 295 1689 incarnacione
307 1655 372 1689 domini
383 1655 487 1699 nccc⁰xlj⁰.,
498 1655 516 1688 in
531 1655 606 1698 quadam
620 1655 667 1698 regia
682 1655 751 1689 ciuitate

52 1703 122 1739 Saxonie
128 1715 161 1748 que
168 1706 306 1749 Norhemberges
312 1712 424 1749 nuncupatur¹
430 1705 494 1749 peperit
501 1704 627 1741 filiumnomine
633 1706 751 1748 Edmundum,

52 1754 100 1787 adeo
107 1756 210 1798 preelectum
220 1762 237 1790 et
246 1757 293 1791 omni
304 1756 395 1791 sanctitate
406 1756 544 1798 sublimandum
556 1756 602 1800 quod
611 1755 680 1801 quidem
688 1768 751 1792 nomen
760 1765 779 1796 ²5

52 1804 115 1844 anglice
122 1812 139 1838 et
146 1806 199 1839 latine
207 1807 292 1848 significat
300 1807 376 1840 ‘felicem
384 1814 401 1841 et
408 1807 501 1840 mundum.¹
517 1808 579 1840 Postea
586 1818 628 1840 vern
635 1814 751 1841 succrescente

52 1858 95 1886 etate
102 1856 156 1897 magis
167 1868 187 1890 ae
197 1857 253 1899 magis
265 1857 282 1890 in
294 1857 321 1890 dei
333 1867 392 1890 amore
403 1857 507 1899 proficiebat,
515 1862 532 1889 et
543 1856 558 1890 ei
570 1857 592 1890 de
604 1858 650 1890 bono
661 1857 678 1890 in
690 1858 751 1892 melius

52 1903 116 1942 placere
124 1906 214 1946 gestiebat.
257 1907 297 1939 Fuit
308 1912 366 1939 autem
375 1906 431 1939 fonna
442 1905 538 1948 precipuus,
546 1916 616 1948 corpore
624 1912 686 1945 castus,
694 1913 752 1940 mente

53 1950 126 1994 deuotus,
135 1955 219 1998 colloquio
227 1955 305 1996 affabilis,
313 1961 383 1998 aspectu
393 1954 477 1996 amabilis,
485 1954 578 1999 prudencia
588 1955 671 1999 egregius,
679 1962 696 1990 et
706 1963 751 1989 tem-

52 2003 130 2042 perancia
137 2005 197 2039 clarus.
216 2008 239 2040 Et
247 2007 288 2050 quia
295 2007 354 2040 diuina
362 2006 491 2050 dispensacione
499 2006 554 2049 agitur
561 2013 580 2039 ut
588 2017 631 2050 quos
637 2013 686 2040 vocat
694 2009 726 2040 hos
733 2013 750 2041 et
759 2016 779 2046 30

53 2050 140 2089 iustificat:
152 2056 187 2090 iam
195 2068 234 2090 eum
242 2057 259 2090 in
267 2057 314 2090 omni
321 2057 384 2090 virtute
392 2063 408 2090 et
416 2066 474 2090 amore
482 2056 574 2089 christiane
582 2056 692 2099 professionis
700 2057 751 2090 talem

53 2102 115 2181 {licem
130 2106 187 2148 voluit,
203 2108 271 2149 qualem
286 2112 346 2149 postea
360 2116 391 2148 per
405 2105 494 2148 sanguinis
509 2105 534 2139 sui
549 2105 651 2139 effusionem
665 2104 752 2149 suscipere

65 2159 128 2192 1gnatus
136 2161 167 2188 est.

60 2231 158 2272 QUALITER
166 2243 251 2270 ELECTUS
259 2244 305 2270 FUIT
312 2243 337 2270 ET
344 2242 480 2271 CONSECRATUS
488 2243 509 2269 IN
517 2243 585 2270 REGEM
595 2243 744 2271 ESTANGLORUM.

54 2300 143 2344 Galfridus
164 2307 208 2340 libro
231 2307 251 2340 de
273 2307 352 2350 infizna'a
374 2308 431 2340 sancti
490 2308 516 2339 Er
534 2307 580 2340 idem
598 2312 667 2350 tempus
681 2306 752 2350 quidam

73 2351 166 2389 Edmundi.
506 2356 562 2390 sancti
567 2356 656 2390 Edmuudi
664 2356 752 2398 predeces-

53 2408 118 2436 surrex
130 2407 251 2448 Estanglorum
262 2413 279 2440 et
290 2406 360 2440 nomine
372 2407 417 2446 Offa,
424 2406 477 2439 multo
488 2412 566 2448 ternpore
577 2406 614 2439 sine
624 2406 688 2439 herede
699 2407 752 2439 vitam
761 2414 780 2444 35

53 2452 151 2495 transigens,
158 2458 217 2490 crebra
223 2457 337 2490 meditacione
342 2455 429 2499 proposuit
435 2461 495 2489 sancta
499 2457 537 2489 loca
544 2455 649 2490 lerosolimis
654 2456 728 2489 inuisere
734 2462 751 2489 et

53 2501 752 2551 sepulcrumChristiadorare,heredemqueabeosecundumeiusnutumsiuiim-

52 2554 121 2588 terrare.
134 2555 224 2600 Disposuit
232 2558 287 2591 eciam
295 2568 314 2592 se
321 2558 437 2602 profecturum
442 2568 473 2601 per
477 2557 596 2592 Alkmundum
602 2563 694 2599 cognatum
702 2566 751 2589 suum

168 2629 174 2646 ¹
186 2631 219 2661 MS.
227 2632 290 2662 tiranni.
469 2630 475 2648 ²
486 2630 521 2661 MS.
528 2629 631 2660 conuiciebat.
