1762 2803
113 105 158 159 436
297 102 384 155 mota
399 99 515 162 icauna
531 99 624 162 unctio.

114 223 192 269 iugauit3
204 225 253 258 vnde
261 234 294 257 nec
302 223 351 267 loqui
359 222 415 257 voluit
425 222 478 256 alicui
487 222 522 256 nisi
531 222 554 256 de
564 223 651 256 mandato
661 221 817 265 prioris—frustra

115 278 157 310 illue
171 277 248 310 veniens
263 277 356 309 laborabat
371 275 482 318 quicumque
497 274 570 318 signum
585 285 596 308 a
611 275 672 318 priore
688 285 726 308 non
742 273 817 307 ferebat.

116 330 198 372 Quatuor
213 329 278 362 diebus
294 328 313 361 in
329 328 431 362 ebdomada
446 327 551 362 continebat
564 337 585 361 se
600 338 677 371 prorsus
692 338 703 361 a
718 325 817 370 colloquiis,

115 383 199 417 videlicet
208 381 237 415 die
248 380 345 423 dominica,
356 379 401 415 feria
412 381 498 422 secunda,
507 379 566 423 tertia,
579 385 596 414 et
608 386 672 423 sexta3
683 381 716 415 sed
727 380 818 414 dominica

98 448 106 476 5
116 446 190 480 semper
200 434 313 468 orationibus
323 439 363 468 erat
373 433 460 468 intentus
483 434 506 468 Et
516 434 589 478 quando
601 433 661 478 aliqua
673 433 763 468 festiuitas
773 438 817 474 erat,

115 488 207 524 silentium
216 489 329 522 obseruabat.
352 487 370 522 Α
378 486 437 532 prima
445 498 518 532 qnoque
525 487 622 522 Aduentus
630 487 722 522 dominica
728 498 786 532 vsque
795 487 818 521 ad

115 543 199 587 quintum
209 541 278 575 Natalis
290 541 345 583 diem,
354 541 438 575 similiter
449 552 459 575 a
471 540 612 584 Septuagesima
623 552 681 584 vsque
693 545 734 584 post
743 540 818 580 Pascha,

115 601 134 630 et
143 596 162 629 in
173 594 220 630 festo
229 595 348 628 Pentecostes
353 594 364 635 ¹,
374 604 384 627 a
396 593 490 637 colloquiis
502 593 609 627 abstinebat.
654 586 705 628 Cum
717 599 766 627 esset
777 597 819 636 post
849 604 851 606 ·

116 647 211 682 meridiem
223 647 242 680 in
254 657 304 689 agro,
314 646 359 680 vidit
370 646 452 690 speciem
464 645 544 680 hominis
555 645 658 680 venientis²
668 647 691 680 ad
702 657 727 687 se,
738 656 775 679 non
786 655 820 689 per

90 707 184 735 roterram
198 710 269 743 gressu,
281 700 314 733 sed
330 709 364 743 per
377 709 439 733 aerem
453 699 489 732 leui
502 704 557 733 motu.
581 698 682 732 Videbatur
695 704 755 732 autem
768 697 820 742 quasi

116 754 198 788 vestibus
213 751 348 786 candidissimis
360 757 457 795 cooperta3
470 757 488 785 et
500 762 542 785 cum
554 752 663 786 accessisset
676 752 699 786 ad
711 752 772 786 virum
784 751 820 793 dei,

116 805 201 841 salutauit
217 816 259 840 eum
274 805 350 840 dicens:
363 804 454 849 ‘Spiritus
467 811 541 839 sanctus
555 810 616 839 tecum
631 805 665 839 sit)
688 805 722 839 Cui
734 815 778 839 mox
789 804 820 838 ille

117 859 224 903 respondit:
236 859 314 900 ‘Amen,
327 869 387 901 amen,
400 859 440 892 dico
451 857 493 892 tibi!
516 857 591 892 Etcum
604 863 670 893 neuter
682 858 734 903 plura
746 858 821 898 diceret,

117 912 202 957 cognouit
217 912 235 946 in
249 911 314 956 spiritu
327 912 376 955 quod
388 917 438 945 esset
450 911 511 945 anima
523 911 558 945 sibi
571 911 664 946 familiaris
677 911 719 945 olim
732 916 820 951 matrone,

92 978 152 1010 15pro
169 976 205 1010 qua
223 966 278 999 deum
295 964 370 998 intentis
386 964 472 1006 precibus
487 965 579 997 exorabat.
602 964 627 998 At
646 964 677 998 illa
695 964 821 1009 pertransiens

119 1017 218 1062 disparuit:
231 1024 248 1052 et
262 1016 351 1050 intellexit
365 1016 393 1050 vir
405 1017 435 1050 dei
450 1028 492 1050 eam
507 1028 549 1051 esse
564 1029 575 1052 a
590 1018 698 1053 eruciatibus
713 1017 822 1057 liberatam

118 1077 136 1106 et
155 1072 251 1116 ingressus
270 1071 374 1110 oratorium,
393 1070 462 1114 gratias
481 1069 517 1114 egit
537 1071 576 1105 deo.
622 1064 674 1106 Cum
693 1081 745 1105 soror
764 1070 822 1114 ipsius

118 1126 204 1159 vniuerse
227 1123 287 1158 carnis
306 1122 366 1157 viam³
385 1128 435 1157 esset
457 1123 547 1166 ingressa,
565 1124 665 1167 plurimum
688 1123 822 1165 contristatus⁴,

119 1183 195 1222 propter
207 1176 341 1210 absolutionem
352 1175 411 1219 ipsius
422 1176 514 1210 orationes
524 1181 542 1210 et
554 1176 659 1221 lachrymas
668 1176 776 1220 impendere
785 1186 822 1210 non

92 1245 111 1265 ro
119 1230 202 1265 cessauit.
226 1229 302 1263 Beatam
317 1239 390 1272 quoque
403 1228 494 1272 virginem
508 1228 586 1263 Mariam
601 1229 688 1264 attentius
703 1230 791 1263 exorabat
803 1235 823 1263 vt

119 1284 167 1317 illius
184 1282 245 1316 anime
260 1281 342 1325 propicia
357 1281 468 1315 subueniret.
497 1281 581 1323 Quadam
596 1293 640 1327 ergo
656 1289 709 1316 nocte
724 1282 823 1324 dormiens,

119 1336 169 1376 vidit,
181 1335 292 1380 precedente
304 1335 358 1368 beata
368 1334 446 1378 virgine,
458 1335 504 1369 duos
516 1334 566 1369 viros
578 1335 625 1369 albis
638 1337 713 1370 amictos
724 1335 823 1369 oratorium

120 1394 183 1424 sancte
192 1387 250 1422 Marie
258 1388 357 1431 ingressos.
366 1387 397 1431 qui
404 1387 489 1431 spiritum
500 1399 533 1422 sue
544 1389 614 1422 sororis
621 1388 708 1430 ferentes,
717 1399 758 1422 eam
767 1398 824 1431 super

119 1443 182 1476 altaris
194 1441 307 1485 crepidinem
321 1445 428 1474 statuerunt.
452 1440 475 1474 Et
486 1451 527 1474 cum
541 1451 598 1485 super
609 1441 643 1475 hac
654 1441 725 1476 visione
736 1441 824 1485 gauderet

94 1507 111 1537 ²5
121 1495 216 1536 Godricus‚
228 1494 258 1529 illa
270 1493 373 1529 consistens
385 1492 404 1528 in
416 1493 476 1527 medio
488 1494 555 1536 altaris,
568 1494 602 1528 hec
613 1494 662 1528 dulci
673 1495 752 1529 melodia
762 1496 825 1529 verbis

121 1546 209 1591 anglicis⁶
221 1552 294 1580 cantare
308 1546 366 1590 cepit:
379 1546 474 1580 ‘Christus
487 1553 505 1580 et
519 1552 581 1581 sancta
596 1547 654 1581 Maria
665 1558 695 1581 me
709 1549 825 1582 deduxerunt

121 1602 144 1635 ad
156 1601 213 1636 vitam
219 1599 230 1640 Β,
244 1609 268 1633 ne
281 1598 299 1633 in
312 1599 345 1633 hac
358 1604 407 1633 terra
421 1599 470 1633 nudo
483 1600 531 1644 pede
546 1599 652 1634 calcareml.
674 1600 726 1634 Tunc
738 1602 774 1635 duo
786 1601 825 1642 viri,

64 1685 67 1692 ,
122 1654 162 1688 siue
178 1651 244 1695 angeli,
255 1662 300 1685 voce
312 1652 357 1685 sua¹3
367 1657 462 1686 cantantes
474 1654 610 1696 responderunt
622 1653 744 1697 Kyrieleison‚
756 1654 825 1688 Christ-

123 1707 197 1747 eleison,
207 1704 330 1748 Kyrieleison.
353 1705 388 1746 Qui
400 1705 471 1738 libellos
483 1706 570 1739 tenebant
582 1705 727 1749 opertos⁹quasi
739 1707 762 1740 de
773 1706 826 1751 pelli-

96 1772 115 1800 30
124 1761 158 1794 bus
169 1757 269 1799 rubricatis,
282 1763 300 1791 et
312 1762 400 1792 canentes
411 1768 477 1791 manus
490 1758 594 1801 plaudendo
606 1758 696 1793 iactabant
708 1765 726 1793 et
737 1760 826 1795 librorum

123 1812 165 1847 folia
178 1812 314 1856 dispergebant.
337 1811 421 1854 Cumque
433 1811 459 1845 sic
473 1811 576 1846 diutissime
591 1812 706 1854 cecinissent,
718 1814 827 1848 recedentes

123 1868 142 1901 in
155 1876 199 1900 aera
212 1865 363 1898 conscenderunt
386 1863 420 1898 Vir
431 1864 466 1906 dei,
477 1864 590 1907 iocundatus,
603 1865 671 1899 Christi
683 1866 827 1900 misericordiam

124 1918 242 1958 collaudauit;
255 1918 304 1960 quod
317 1917 377 1950 anima
389 1917 457 1951 sororis
471 1918 553 1952 absoluta
566 1921 616 1952 esset
629 1929 640 1951 a
651 1917 705 1962 penis
717 1917 826 1962 intelligens
864 1927 867 1935 ⁴

126 1965 193 2008 Frater
206 1970 284 2013 Godrici,
296 1969 333 2004 vite
344 1970 437 2012 secularis,
449 1970 538 2014 nauigans
554 1971 573 2004 in
584 1970 642 2004 Wero
656 1970 732 2006 flumine
747 1977 828 2016 tempes-

98 2033 115 2073 35
124 2024 166 2060 tatis
185 2021 270 2059 violentia
288 2022 396 2057 submersus
415 2023 488 2058 interiit.
519 2024 609 2059 Godricus
630 2035 674 2068 ergo
693 2025 744 2068 graui
764 2026 828 2059 dolore

124 2079 207 2119 afflictus,
222 2087 257 2120 per
271 2076 339 2118 aliquot
353 2087 412 2110 annos
427 2077 477 2111 velut
493 2077 636 2112 inconsolabiles
651 2078 752 2121 penitentie
768 2079 828 2113 luctus

125 2132 160 2166 sibi
173 2130 243 2171 indixit,
256 2134 275 2163 et
286 2134 373 2172 tanquam
387 2130 404 2163 ei
417 2135 492 2173 peccata
505 2130 565 2164 fratris
580 2130 713 2173 incumberent,
725 2131 829 2167 durissimis

126 2183 235 2220 cruciatibus
245 2193 266 2216 se
275 2182 398 2223 macerantem,
406 2183 481 2217 loricam
491 2184 612 2218 recentiorem
625 2189 642 2217 et
654 2183 731 2217 cilicium
744 2186 828 2228 asperius

126 2237 189 2279 induit,
200 2235 292 2269 orationes
303 2234 435 2278 multiplicauit,
445 2235 515 2279 vigilias
527 2236 624 2279 protelauit
635 2242 654 2270 et
665 2237 719 2270 solito
729 2238 829 2273 vehemen-

146 2322 302 2361 ¹E.penthecostes.
330 2319 464 2351 “Evenientem
495 2323 587 2353 ³0m.inT.
619 2322 829 2361 ⁴T.contristatur,E.con-

127 2364 221 2394 tristabatur.
263 2362 268 2379 s
278 2362 296 2392 T.
305 2362 322 2391 E.
331 2362 411 2398 angelicis.
452 2362 458 2379 ⁶
469 2363 489 2393 H.
498 2364 514 2391 in
521 2372 590 2399 scamno,
599 2363 639 2400 Reg.
647 2373 695 2401 super
700 2365 759 2394 scamni
767 2365 822 2395 sedile.

127 2404 132 2421 ⁷
144 2404 183 2441 Reg.
191 2412 235 2439 ags:
246 2402 288 2431 Crist
293 2402 324 2431 and
332 2401 387 2431 Seinte
395 2401 445 2431 llarie
451 2403 476 2432 sio
482 2404 508 2433 tal.
513 2404 553 2440 swa)
562 2412 582 2432 on
589 2403 647 2433 scamel
654 2413 679 2434 me
687 2403 780 2443 iledde,baet
787 2405 801 2435 ic
809 2415 830 2435 on

128 2445 150 2482 bis
158 2443 238 2473 lii-herthe
245 2452 266 2471 nc
273 2442 327 2471 sculde
334 2442 367 2471 uuit
375 2442 417 2471 mine
423 2442 461 2472 bare
469 2443 491 2472 fot
498 2444 559 2472 itrede.

148 2482 221 2512 Galirid’s
228 2482 273 2511 Vita:
295 2482 320 2511 Ne
330 2482 372 2519 pede
382 2481 458 2511 calcarent
469 2485 520 2511 terrae
530 2482 602 2519 contagia
611 2483 677 2519 mundo,

297 2522 324 2551 Sic
334 2531 370 2551 mea
380 2530 405 2550 me
416 2521 484 2551 Domina
494 2522 560 2551 deduxit
571 2522 629 2552 Sancta
640 2522 694 2553 Maria

129 2563 133 2579 ¹
145 2562 166 2591 H.
175 2560 271 2591 suauissima.
333 2560 339 2578 ⁰
349 2561 366 2591 E.
374 2565 443 2599 apertos.
504 2560 515 2579 ¹⁰
527 2561 548 2591 H.
555 2562 634 2591 mactauit.
