<?xml version="1.0" encoding="UTF-8"?>
<!DOCTYPE html PUBLIC "-//W3C//DTD XHTML 1.0 Transitional//EN"
    "http://www.w3.org/TR/xhtml1/DTD/xhtml1-transitional.dtd">
<html xmlns="http://www.w3.org/1999/xhtml" xml:lang="en" lang="en">
 <head>
  <title>
</title>
<meta http-equiv="Content-Type" content="text/html;charset=utf-8" />
  <meta name='ocr-system' content='tesseract 3.04.00' />
  <meta name='ocr-capabilities' content='ocr_page ocr_carea ocr_par ocr_line ocrx_word'/>
</head>
<body>
  <div class='ocr_page' id='page_1' title='image "./MN5111ucmf_0/MN5111ucmf_0_0975.png"; bbox 0 0 1762 2803; ppageno 0'>
   <div class='ocr_carea' id='block_1_1' title="bbox 275 68 788 151">
    <p class='ocr_par' dir='ltr' id='par_1_1' title="bbox 275 68 788 151">
     <span class='ocr_line' id='line_1_1' title="bbox 275 68 788 151; baseline 0.006 -5"><span class='ocrx_word' id='word_1_1' title='bbox 275 68 321 147; x_wconf 73' lang='lat' dir='ltr'><strong>Do</strong></span> <span class='ocrx_word' id='word_1_2' title='bbox 336 89 436 144; x_wconf 54' lang='lat' dir='ltr'><strong>&amp;aaut</strong></span> <span class='ocrx_word' id='word_1_3' title='bbox 451 90 597 149; x_wconf 54' lang='lat' dir='ltr'><strong>stultitius.</strong></span> <span class='ocrx_word' id='word_1_4' title='bbox 744 106 788 151; x_wconf 79' lang='lat'><strong>359</strong></span> 
     </span>
    </p>
   </div>
   <div class='ocr_carea' id='block_1_2' title="bbox 86 209 788 257">
    <p class='ocr_par' dir='ltr' id='par_1_2' title="bbox 86 209 788 257">
     <span class='ocr_line' id='line_1_2' title="bbox 86 209 788 257; baseline 0.004 -15"><span class='ocrx_word' id='word_1_5' title='bbox 86 209 217 254; x_wconf 85' lang='lat' dir='ltr'><strong>impletionem,</strong></span> <span class='ocrx_word' id='word_1_6' title='bbox 225 210 258 245; x_wconf 94' lang='lat' dir='ltr'><strong>sed</strong></span> <span class='ocrx_word' id='word_1_7' title='bbox 267 212 291 245; x_wconf 91' lang='lat' dir='ltr'><strong>ad</strong></span> <span class='ocrx_word' id='word_1_8' title='bbox 301 211 453 246; x_wconf 83' lang='lat' dir='ltr'><strong>sustentationem</strong></span> <span class='ocrx_word' id='word_1_9' title='bbox 463 211 492 246; x_wconf 89' lang='lat' dir='ltr'><strong>sui</strong></span> <span class='ocrx_word' id='word_1_10' title='bbox 503 222 558 257; x_wconf 93' lang='lat' dir='ltr'><strong>parce</strong></span> <span class='ocrx_word' id='word_1_11' title='bbox 567 216 586 245; x_wconf 92' lang='lat' dir='ltr'><strong>et</strong></span> <span class='ocrx_word' id='word_1_12' title='bbox 596 212 689 246; x_wconf 86' lang='lat' dir='ltr'><strong>moderate</strong></span> <span class='ocrx_word' id='word_1_13' title='bbox 698 212 788 246; x_wconf 81' lang='lat' dir='ltr'><strong>sumebat.</strong></span> 
     </span>
    </p>
   </div>
   <div class='ocr_carea' id='block_1_3' title="bbox 85 262 817 2426">
    <p class='ocr_par' dir='ltr' id='par_1_3' title="bbox 85 262 816 1474">
     <span class='ocr_line' id='line_1_3' title="bbox 86 262 788 309; baseline 0.003 -12"><span class='ocrx_word' id='word_1_14' title='bbox 86 262 131 297; x_wconf 92' lang='lat' dir='ltr'><strong>Post</strong></span> <span class='ocrx_word' id='word_1_15' title='bbox 139 264 205 298; x_wconf 87' lang='lat' dir='ltr'><strong>multas</strong></span> <span class='ocrx_word' id='word_1_16' title='bbox 212 263 289 308; x_wconf 89' lang='lat' dir='ltr'><strong>vigilias,</strong></span> <span class='ocrx_word' id='word_1_17' title='bbox 296 269 339 309; x_wconf 93' lang='lat' dir='ltr'><strong>post</strong></span> <span class='ocrx_word' id='word_1_18' title='bbox 350 265 418 300; x_wconf 85' lang='lat' dir='ltr'><strong>multos</strong></span> <span class='ocrx_word' id='word_1_19' title='bbox 428 265 506 307; x_wconf 89' lang='lat' dir='ltr'><strong>labores,</strong></span> <span class='ocrx_word' id='word_1_20' title='bbox 514 275 538 300; x_wconf 91' lang='lat' dir='ltr'><strong>ne</strong></span> <span class='ocrx_word' id='word_1_21' title='bbox 546 265 633 301; x_wconf 84' lang='lat' dir='ltr'><strong>deficeret</strong></span> <span class='ocrx_word' id='word_1_22' title='bbox 642 265 717 309; x_wconf 87' lang='lat' dir='ltr'><strong>sompni</strong></span> <span class='ocrx_word' id='word_1_23' title='bbox 724 265 788 309; x_wconf 91' lang='lat' dir='ltr'><strong>paulu·</strong></span> 
     </span>
     <span class='ocr_line' id='line_1_4' title="bbox 85 315 789 364; baseline 0.004 -15"><span class='ocrx_word' id='word_1_24' title='bbox 85 315 123 349; x_wconf 92' lang='lat' dir='ltr'><strong>lum</strong></span> <span class='ocrx_word' id='word_1_25' title='bbox 136 316 249 359; x_wconf 81' lang='lat' dir='ltr'><strong>admittebat,</strong></span> <span class='ocrx_word' id='word_1_26' title='bbox 261 317 339 363; x_wconf 88' lang='lat' dir='ltr'><strong>psalmis</strong></span> <span class='ocrx_word' id='word_1_27' title='bbox 351 322 369 352; x_wconf 92' lang='lat' dir='ltr'><strong>et</strong></span> <span class='ocrx_word' id='word_1_28' title='bbox 384 317 459 353; x_wconf 86' lang='lat' dir='ltr'><strong>canticis</strong></span> <span class='ocrx_word' id='word_1_29' title='bbox 471 317 597 364; x_wconf 84' lang='lat' dir='ltr'><strong>spiritualibus</strong></span> <span class='ocrx_word' id='word_1_30' title='bbox 612 327 688 364; x_wconf 89' lang='lat' dir='ltr'><strong>semper</strong></span> <span class='ocrx_word' id='word_1_31' title='bbox 702 317 789 353; x_wconf 90' lang='lat' dir='ltr'><strong>intentus.</strong></span> 
     </span>
     <span class='ocr_line' id='line_1_5' title="bbox 86 369 788 416; baseline 0.006 -14"><span class='ocrx_word' id='word_1_32' title='bbox 86 369 173 404; x_wconf 85' lang='lat' dir='ltr'><strong>Proximo</strong></span> <span class='ocrx_word' id='word_1_33' title='bbox 186 380 263 415; x_wconf 84' lang='lat' dir='ltr'><strong>semper</strong></span> <span class='ocrx_word' id='word_1_34' title='bbox 277 376 364 415; x_wconf 87' lang='lat' dir='ltr'><strong>tanquam</strong></span> <span class='ocrx_word' id='word_1_35' title='bbox 379 372 413 406; x_wconf 92' lang='lat' dir='ltr'><strong>sibi</strong></span> <span class='ocrx_word' id='word_1_36' title='bbox 429 373 477 416; x_wconf 90' lang='lat' dir='ltr'><strong>quod</strong></span> <span class='ocrx_word' id='word_1_37' title='bbox 490 372 538 414; x_wconf 90' lang='lat' dir='ltr'><strong>vtile,</strong></span> <span class='ocrx_word' id='word_1_38' title='bbox 550 373 599 416; x_wconf 92' lang='lat' dir='ltr'><strong>quod</strong></span> <span class='ocrx_word' id='word_1_39' title='bbox 615 372 718 414; x_wconf 89' lang='lat' dir='ltr'><strong>honestum,</strong></span> <span class='ocrx_word' id='word_1_40' title='bbox 730 371 788 416; x_wconf 91' lang='lat' dir='ltr'><strong>pium,</strong></span> 
     </span>
     <span class='ocr_line' id='line_1_6' title="bbox 85 417 806 464; baseline 0.006 -8"><span class='ocrx_word' id='word_1_41' title='bbox 85 428 169 457; x_wconf 87' lang='lat' dir='ltr'><strong>sanctum</strong></span> <span class='ocrx_word' id='word_1_42' title='bbox 180 428 214 464; x_wconf 89' lang='lat' dir='ltr'><strong>est,</strong></span> <span class='ocrx_word' id='word_1_43' title='bbox 222 424 306 458; x_wconf 88' lang='lat' dir='ltr'><strong>modesto</strong></span> <span class='ocrx_word' id='word_1_44' title='bbox 317 430 335 458; x_wconf 93' lang='lat' dir='ltr'><strong>et</strong></span> <span class='ocrx_word' id='word_1_45' title='bbox 347 424 411 459; x_wconf 91' lang='lat' dir='ltr'><strong>humili</strong></span> <span class='ocrx_word' id='word_1_46' title='bbox 424 435 510 459; x_wconf 88' lang='lat' dir='ltr'><strong>sermone</strong></span> <span class='ocrx_word' id='word_1_47' title='bbox 522 425 618 459; x_wconf 83' lang='lat' dir='ltr'><strong>referebat.</strong></span> <span class='ocrx_word' id='word_1_48' title='bbox 663 417 716 458; x_wconf 81' lang='lat' dir='ltr'><strong>Vixit</strong></span> <span class='ocrx_word' id='word_1_49' title='bbox 727 430 806 462; x_wconf 83' lang='lat' dir='ltr'><strong>anteros</strong></span> 
     </span>
     <span class='ocr_line' id='line_1_7' title="bbox 86 475 789 522; baseline 0.004 -13"><span class='ocrx_word' id='word_1_50' title='bbox 86 475 150 509; x_wconf 87' lang='lat' dir='ltr'><strong>beatus</strong></span> <span class='ocrx_word' id='word_1_51' title='bbox 158 475 187 510; x_wconf 92' lang='lat' dir='ltr'><strong>dei</strong></span> <span class='ocrx_word' id='word_1_52' title='bbox 196 486 262 510; x_wconf 88' lang='lat' dir='ltr'><strong>seruus</strong></span> <span class='ocrx_word' id='word_1_53' title='bbox 270 476 402 521; x_wconf 80' lang='lat' dir='ltr'><strong>Swit[h]unus¹</strong></span> <span class='ocrx_word' id='word_1_54' title='bbox 411 488 470 522; x_wconf 86' lang='lat' dir='ltr'><strong>vsque</strong></span> <span class='ocrx_word' id='word_1_55' title='bbox 478 478 501 511; x_wconf 93' lang='lat' dir='ltr'><strong>ad</strong></span> <span class='ocrx_word' id='word_1_56' title='bbox 509 478 578 512; x_wconf 83' lang='lat' dir='ltr'><strong>exitum</strong></span> <span class='ocrx_word' id='word_1_57' title='bbox 586 477 623 512; x_wconf 89' lang='lat' dir='ltr'><strong>vite</strong></span> <span class='ocrx_word' id='word_1_58' title='bbox 630 477 649 512; x_wconf 89' lang='lat' dir='ltr'><strong>in</strong></span> <span class='ocrx_word' id='word_1_59' title='bbox 660 478 789 512; x_wconf 87' lang='lat' dir='ltr'><strong>obseruatione</strong></span> 
     </span>
     <span class='ocr_line' id='line_1_8' title="bbox 85 529 787 573; baseline 0.004 -12"><span class='ocrx_word' id='word_1_60' title='bbox 85 538 130 562; x_wconf 87' lang='lat' dir='ltr'><strong>vera</strong></span> <span class='ocrx_word' id='word_1_61' title='bbox 141 529 270 563; x_wconf 85' lang='lat' dir='ltr'><strong>mandatorum</strong></span> <span class='ocrx_word' id='word_1_62' title='bbox 278 530 313 573; x_wconf 92' lang='lat' dir='ltr'><strong>dei,</strong></span> <span class='ocrx_word' id='word_1_63' title='bbox 321 530 371 564; x_wconf 89' lang='lat' dir='ltr'><strong>omni</strong></span> <span class='ocrx_word' id='word_1_64' title='bbox 380 530 463 564; x_wconf 90' lang='lat' dir='ltr'><strong>custodia</strong></span> <span class='ocrx_word' id='word_1_65' title='bbox 474 541 587 565; x_wconf 87' lang='lat' dir='ltr'><strong>conseruans</strong></span> <span class='ocrx_word' id='word_1_66' title='bbox 598 540 695 565; x_wconf 90' lang='lat' dir='ltr'><strong>corsuum</strong></span> <span class='ocrx_word' id='word_1_67' title='bbox 706 530 725 564; x_wconf 94' lang='lat' dir='ltr'><strong>in</strong></span> <span class='ocrx_word' id='word_1_68' title='bbox 737 530 787 564; x_wconf 93' lang='lat' dir='ltr'><strong>omni</strong></span> 
     </span>
     <span class='ocr_line' id='line_1_9' title="bbox 85 581 788 627; baseline 0.004 -13"><span class='ocrx_word' id='word_1_69' title='bbox 85 581 175 615; x_wconf 87' lang='lat' dir='ltr'><strong>munditia</strong></span> <span class='ocrx_word' id='word_1_70' title='bbox 182 587 200 615; x_wconf 92' lang='lat' dir='ltr'><strong>et</strong></span> <span class='ocrx_word' id='word_1_71' title='bbox 207 582 286 625; x_wconf 90' lang='lat' dir='ltr'><strong>puritate</strong></span> <span class='ocrx_word' id='word_1_72' title='bbox 293 583 399 627; x_wconf 57' lang='lat' dir='ltr'><strong>spirituali‘ss</strong></span> <span class='ocrx_word' id='word_1_73' title='bbox 407 583 495 618; x_wconf 89' lang='lat' dir='ltr'><strong>catholice</strong></span> <span class='ocrx_word' id='word_1_74' title='bbox 503 589 521 617; x_wconf 94' lang='lat' dir='ltr'><strong>et</strong></span> <span class='ocrx_word' id='word_1_75' title='bbox 528 583 628 627; x_wconf 91' lang='lat' dir='ltr'><strong>apostolice</strong></span> <span class='ocrx_word' id='word_1_76' title='bbox 636 583 718 618; x_wconf 77' lang='lat' dir='ltr'><strong>doctrine</strong></span> <span class='ocrx_word' id='word_1_77' title='bbox 726 588 788 617; x_wconf 89' lang='lat' dir='ltr'><strong>custos</strong></span> 
     </span>
     <span class='ocr_line' id='line_1_10' title="bbox 86 633 788 680; baseline 0.006 -14"><span class='ocrx_word' id='word_1_78' title='bbox 86 633 162 677; x_wconf 87' lang='lat' dir='ltr'><strong>integer,</strong></span> <span class='ocrx_word' id='word_1_79' title='bbox 174 633 253 668; x_wconf 89' lang='lat' dir='ltr'><strong>filiorum</strong></span> <span class='ocrx_word' id='word_1_80' title='bbox 267 635 385 679; x_wconf 85' lang='lat' dir='ltr'><strong>spiritualiter</strong></span> <span class='ocrx_word' id='word_1_81' title='bbox 396 635 574 680; x_wconf 78' lang='lat' dir='ltr'><strong>regenerator[um]³</strong></span> <span class='ocrx_word' id='word_1_82' title='bbox 585 636 604 670; x_wconf 93' lang='lat' dir='ltr'><strong>in</strong></span> <span class='ocrx_word' id='word_1_83' title='bbox 616 640 679 671; x_wconf 87' lang='lat' dir='ltr'><strong>sancte</strong></span> <span class='ocrx_word' id='word_1_84' title='bbox 690 645 788 670; x_wconf 86' lang='lat' dir='ltr'><strong>conuersa-</strong></span> 
     </span>
     <span class='ocr_line' id='line_1_11' title="bbox 86 685 816 733; baseline 0.001 -13"><span class='ocrx_word' id='word_1_85' title='bbox 86 685 140 721; x_wconf 86' lang='lat' dir='ltr'><strong>tionis</strong></span> <span class='ocrx_word' id='word_1_86' title='bbox 159 687 219 722; x_wconf 92' lang='lat' dir='ltr'><strong>studio</strong></span> <span class='ocrx_word' id='word_1_87' title='bbox 235 687 315 722; x_wconf 81' lang='lat' dir='ltr'><strong>eruditor</strong></span> <span class='ocrx_word' id='word_1_88' title='bbox 333 688 411 732; x_wconf 85' lang='lat' dir='ltr'><strong>peruigil</strong></span> <span class='ocrx_word' id='word_1_89' title='bbox 429 694 448 723; x_wconf 86' lang='lat' dir='ltr'><strong>et</strong></span> <span class='ocrx_word' id='word_1_90' title='bbox 466 688 559 733; x_wconf 86' lang='lat' dir='ltr'><strong>magister.</strong></span> <span class='ocrx_word' id='word_1_91' title='bbox 588 688 690 724; x_wconf 88' lang='lat' dir='ltr'><strong>Humilitati</strong></span> <span class='ocrx_word' id='word_1_92' title='bbox 705 689 755 723; x_wconf 92' lang='lat' dir='ltr'><strong>enim</strong></span> <span class='ocrx_word' id='word_1_93' title='bbox 770 693 788 723; x_wconf 94' lang='lat' dir='ltr'><strong>et</strong></span> <span class='ocrx_word' id='word_1_94' title='bbox 797 697 816 720; x_wconf 82' lang='lat'><strong>10</strong></span> 
     </span>
     <span class='ocr_line' id='line_1_12' title="bbox 86 739 788 787; baseline 0.004 -15"><span class='ocrx_word' id='word_1_95' title='bbox 86 739 221 775; x_wconf 87' lang='lat' dir='ltr'><strong>mansuetudini</strong></span> <span class='ocrx_word' id='word_1_96' title='bbox 229 740 319 775; x_wconf 88' lang='lat' dir='ltr'><strong>curiosius</strong></span> <span class='ocrx_word' id='word_1_97' title='bbox 329 741 434 784; x_wconf 71' lang='lat' dir='ltr'><strong>inherebat,</strong></span> <span class='ocrx_word' id='word_1_98' title='bbox 446 752 511 786; x_wconf 81' lang='lat' dir='ltr'><strong>paoem</strong></span> <span class='ocrx_word' id='word_1_99' title='bbox 523 746 541 776; x_wconf 88' lang='lat' dir='ltr'><strong>et</strong></span> <span class='ocrx_word' id='word_1_100' title='bbox 552 741 690 776; x_wconf 82' lang='lat' dir='ltr'><strong>sanctimoniam</strong></span> <span class='ocrx_word' id='word_1_101' title='bbox 702 752 788 787; x_wconf 86' lang='lat' dir='ltr'><strong>sequens,</strong></span> 
     </span>
     <span class='ocr_line' id='line_1_13' title="bbox 86 793 788 840; baseline 0.006 -14"><span class='ocrx_word' id='word_1_102' title='bbox 86 793 155 827; x_wconf 91' lang='lat' dir='ltr'><strong>fontem</strong></span> <span class='ocrx_word' id='word_1_103' title='bbox 163 794 200 828; x_wconf 90' lang='lat' dir='ltr'><strong>vite</strong></span> <span class='ocrx_word' id='word_1_104' title='bbox 208 799 226 828; x_wconf 91' lang='lat' dir='ltr'><strong>et</strong></span> <span class='ocrx_word' id='word_1_105' title='bbox 234 794 350 830; x_wconf 89' lang='lat' dir='ltr'><strong>beatitudinis</strong></span> <span class='ocrx_word' id='word_1_106' title='bbox 358 801 421 831; x_wconf 90' lang='lat' dir='ltr'><strong>eterne</strong></span> <span class='ocrx_word' id='word_1_107' title='bbox 429 795 505 831; x_wconf 85' lang='lat' dir='ltr'><strong>sitiebat.</strong></span> <span class='ocrx_word' id='word_1_108' title='bbox 528 795 614 840; x_wconf 85' lang='lat' dir='ltr'><strong>Migrauit</strong></span> <span class='ocrx_word' id='word_1_109' title='bbox 621 796 644 830; x_wconf 89' lang='lat' dir='ltr'><strong>ab</strong></span> <span class='ocrx_word' id='word_1_110' title='bbox 652 795 686 831; x_wconf 89' lang='lat' dir='ltr'><strong>hoe</strong></span> <span class='ocrx_word' id='word_1_111' title='bbox 694 795 756 830; x_wconf 85' lang='lat' dir='ltr'><strong>seculo</strong></span> <span class='ocrx_word' id='word_1_112' title='bbox 765 796 788 830; x_wconf 91' lang='lat' dir='ltr'><strong>ad</strong></span> 
     </span>
     <span class='ocr_line' id='line_1_14' title="bbox 86 847 789 893; baseline 0.004 -13"><span class='ocrx_word' id='word_1_113' title='bbox 86 847 169 881; x_wconf 91' lang='lat' dir='ltr'><strong>sidereas</strong></span> <span class='ocrx_word' id='word_1_114' title='bbox 182 847 287 882; x_wconf 89' lang='lat' dir='ltr'><strong>mansiones</strong></span> <span class='ocrx_word' id='word_1_115' title='bbox 300 852 353 882; x_wconf 82' lang='lat' dir='ltr'><strong>sexto</strong></span> <span class='ocrx_word' id='word_1_116' title='bbox 366 859 425 882; x_wconf 90' lang='lat' dir='ltr'><strong>nonas</strong></span> <span class='ocrx_word' id='word_1_117' title='bbox 439 849 483 891; x_wconf 86' lang='lat' dir='ltr'><strong>iulii,</strong></span> <span class='ocrx_word' id='word_1_118' title='bbox 494 859 543 882; x_wconf 89' lang='lat' dir='ltr'><strong>anno</strong></span> <span class='ocrx_word' id='word_1_119' title='bbox 555 849 624 884; x_wconf 90' lang='lat' dir='ltr'><strong>domini</strong></span> <span class='ocrx_word' id='word_1_120' title='bbox 637 848 789 893; x_wconf 88' lang='lat' dir='ltr'><strong>octingentesimo</strong></span> 
     </span>
     <span class='ocr_line' id='line_1_15' title="bbox 86 899 789 945; baseline 0.006 -14"><span class='ocrx_word' id='word_1_121' title='bbox 86 899 202 942; x_wconf 80' lang='lat' dir='ltr'><strong>sexagesimo</strong></span> <span class='ocrx_word' id='word_1_122' title='bbox 213 901 299 934; x_wconf 89' lang='lat' dir='ltr'><strong>secundo.</strong></span> <span class='ocrx_word' id='word_1_123' title='bbox 327 900 369 934; x_wconf 91' lang='lat' dir='ltr'><strong>Non</strong></span> <span class='ocrx_word' id='word_1_124' title='bbox 381 901 430 935; x_wconf 92' lang='lat' dir='ltr'><strong>enim</strong></span> <span class='ocrx_word' id='word_1_125' title='bbox 440 900 488 935; x_wconf 87' lang='lat' dir='ltr'><strong>intra</strong></span> <span class='ocrx_word' id='word_1_126' title='bbox 499 900 576 935; x_wconf 85' lang='lat' dir='ltr'><strong>ecclesie</strong></span> <span class='ocrx_word' id='word_1_127' title='bbox 588 906 646 945; x_wconf 87' lang='lat' dir='ltr'><strong>septa,</strong></span> <span class='ocrx_word' id='word_1_128' title='bbox 654 901 687 936; x_wconf 92' lang='lat' dir='ltr'><strong>sed</strong></span> <span class='ocrx_word' id='word_1_129' title='bbox 698 905 751 935; x_wconf 84' lang='lat' dir='ltr'><strong>extra</strong></span> <span class='ocrx_word' id='word_1_130' title='bbox 759 910 789 935; x_wconf 88' lang='lat' dir='ltr'><strong>ec-</strong></span> 
     </span>
     <span class='ocr_line' id='line_1_16' title="bbox 86 944 815 997; baseline 0.005 -14"><span class='ocrx_word' id='word_1_131' title='bbox 86 950 162 984; x_wconf 88' lang='lat' dir='ltr'><strong>clesiam</strong></span> <span class='ocrx_word' id='word_1_132' title='bbox 169 951 188 985; x_wconf 92' lang='lat' dir='ltr'><strong>in</strong></span> <span class='ocrx_word' id='word_1_133' title='bbox 196 950 271 995; x_wconf 87' lang='lat' dir='ltr'><strong>indigno</strong></span> <span class='ocrx_word' id='word_1_134' title='bbox 279 951 319 986; x_wconf 86' lang='lat' dir='ltr'><strong>ioco</strong></span> <span class='ocrx_word' id='word_1_135' title='bbox 329 957 347 987; x_wconf 91' lang='lat' dir='ltr'><strong>et</strong></span> <span class='ocrx_word' id='word_1_136' title='bbox 354 951 385 987; x_wconf 89' lang='lat' dir='ltr'><strong>vili</strong></span> <span class='ocrx_word' id='word_1_137' title='bbox 395 963 416 987; x_wconf 91' lang='lat' dir='ltr'><strong>se</strong></span> <span class='ocrx_word' id='word_1_138' title='bbox 424 952 521 987; x_wconf 85' lang='lat' dir='ltr'><strong>tumulari⁴</strong></span> <span class='ocrx_word' id='word_1_139' title='bbox 527 944 708 997; x_wconf 80' lang='lat' dir='ltr'><strong>precepit—Post</strong></span> <span class='ocrx_word' id='word_1_140' title='bbox 719 952 788 987; x_wconf 88' lang='lat' dir='ltr'><strong>obitum</strong></span> <span class='ocrx_word' id='word_1_141' title='bbox 798 962 815 992; x_wconf 81' lang='lat'><strong>15</strong></span> 
     </span>
     <span class='ocr_line' id='line_1_17' title="bbox 86 1003 788 1051; baseline 0.004 -14"><span class='ocrx_word' id='word_1_142' title='bbox 86 1014 141 1037; x_wconf 92' lang='lat' dir='ltr'><strong>suum</strong></span> <span class='ocrx_word' id='word_1_143' title='bbox 153 1003 214 1038; x_wconf 89' lang='lat' dir='ltr'><strong>multis</strong></span> <span class='ocrx_word' id='word_1_144' title='bbox 225 1003 317 1039; x_wconf 89' lang='lat' dir='ltr'><strong>miraculis</strong></span> <span class='ocrx_word' id='word_1_145' title='bbox 329 1005 455 1040; x_wconf 83' lang='lat' dir='ltr'><strong>choruscauit:</strong></span> <span class='ocrx_word' id='word_1_146' title='bbox 467 1005 515 1040; x_wconf 89' lang='lat' dir='ltr'><strong>inter</strong></span> <span class='ocrx_word' id='word_1_147' title='bbox 522 1017 558 1051; x_wconf 90' lang='lat' dir='ltr'><strong>que</strong></span> <span class='ocrx_word' id='word_1_148' title='bbox 569 1005 653 1051; x_wconf 75' lang='lat' dir='ltr'><strong>apparuit</strong></span> <span class='ocrx_word' id='word_1_149' title='bbox 663 1006 734 1040; x_wconf 89' lang='lat' dir='ltr'><strong>cuidam</strong></span> <span class='ocrx_word' id='word_1_150' title='bbox 742 1006 788 1048; x_wconf 90' lang='lat' dir='ltr'><strong>viro,</strong></span> 
     </span>
     <span class='ocr_line' id='line_1_18' title="bbox 86 1057 788 1105; baseline 0.004 -14"><span class='ocrx_word' id='word_1_151' title='bbox 86 1057 188 1092; x_wconf 87' lang='lat' dir='ltr'><strong>incredibili</strong></span> <span class='ocrx_word' id='word_1_152' title='bbox 202 1057 307 1093; x_wconf 90' lang='lat' dir='ltr'><strong>infirmitate</strong></span> <span class='ocrx_word' id='word_1_153' title='bbox 322 1069 356 1104; x_wconf 92' lang='lat' dir='ltr'><strong>per</strong></span> <span class='ocrx_word' id='word_1_154' title='bbox 371 1059 433 1093; x_wconf 92' lang='lat' dir='ltr'><strong>omnia</strong></span> <span class='ocrx_word' id='word_1_155' title='bbox 448 1060 531 1094; x_wconf 88' lang='lat' dir='ltr'><strong>membra</strong></span> <span class='ocrx_word' id='word_1_156' title='bbox 546 1070 640 1105; x_wconf 87' lang='lat' dir='ltr'><strong>percusso,</strong></span> <span class='ocrx_word' id='word_1_157' title='bbox 652 1059 754 1094; x_wconf 87' lang='lat' dir='ltr'><strong>admonens</strong></span> <span class='ocrx_word' id='word_1_158' title='bbox 769 1064 788 1094; x_wconf 88' lang='lat' dir='ltr'><strong>vt</strong></span> 
     </span>
     <span class='ocr_line' id='line_1_19' title="bbox 87 1110 788 1156; baseline 0.003 -12"><span class='ocrx_word' id='word_1_159' title='bbox 87 1110 222 1145; x_wconf 88' lang='lat' dir='ltr'><strong>Ethelwoldum</strong></span> <span class='ocrx_word' id='word_1_160' title='bbox 233 1110 328 1146; x_wconf 90' lang='lat' dir='ltr'><strong>Wintonie</strong></span> <span class='ocrx_word' id='word_1_161' title='bbox 340 1111 447 1156; x_wconf 90' lang='lat' dir='ltr'><strong>episcopum</strong></span> <span class='ocrx_word' id='word_1_162' title='bbox 459 1112 523 1155; x_wconf 91' lang='lat' dir='ltr'><strong>adiret,</strong></span> <span class='ocrx_word' id='word_1_163' title='bbox 534 1112 623 1155; x_wconf 91' lang='lat' dir='ltr'><strong>referens,</strong></span> <span class='ocrx_word' id='word_1_164' title='bbox 637 1111 698 1147; x_wconf 89' lang='lat' dir='ltr'><strong>diuina</strong></span> <span class='ocrx_word' id='word_1_165' title='bbox 712 1112 788 1147; x_wconf 91' lang='lat' dir='ltr'><strong>misera-</strong></span> 
     </span>
     <span class='ocr_line' id='line_1_20' title="bbox 86 1163 788 1208; baseline 0.006 -12"><span class='ocrx_word' id='word_1_166' title='bbox 86 1163 135 1197; x_wconf 88' lang='lat' dir='ltr'><strong>tione</strong></span> <span class='ocrx_word' id='word_1_167' title='bbox 150 1163 250 1207; x_wconf 90' lang='lat' dir='ltr'><strong>prouisum,</strong></span> <span class='ocrx_word' id='word_1_168' title='bbox 265 1163 326 1208; x_wconf 91' lang='lat' dir='ltr'><strong>ipsum</strong></span> <span class='ocrx_word' id='word_1_169' title='bbox 341 1175 352 1199; x_wconf 92' lang='lat' dir='ltr'><strong>a</strong></span> <span class='ocrx_word' id='word_1_170' title='bbox 366 1165 405 1199; x_wconf 89' lang='lat' dir='ltr'><strong>loco</strong></span> <span class='ocrx_word' id='word_1_171' title='bbox 419 1165 450 1199; x_wconf 92' lang='lat' dir='ltr'><strong>vbi</strong></span> <span class='ocrx_word' id='word_1_172' title='bbox 465 1165 534 1200; x_wconf 88' lang='lat' dir='ltr'><strong>iacebat</strong></span> <span class='ocrx_word' id='word_1_173' title='bbox 547 1166 615 1200; x_wconf 89' lang='lat' dir='ltr'><strong>debere</strong></span> <span class='ocrx_word' id='word_1_174' title='bbox 628 1164 685 1200; x_wconf 89' lang='lat' dir='ltr'><strong>leuari</strong></span> <span class='ocrx_word' id='word_1_175' title='bbox 697 1164 728 1199; x_wconf 76' lang='lat' dir='ltr'><strong>et⁵</strong></span> <span class='ocrx_word' id='word_1_176' title='bbox 741 1165 788 1200; x_wconf 88' lang='lat' dir='ltr'><strong>intra</strong></span> 
     </span>
     <span class='ocr_line' id='line_1_21' title="bbox 86 1216 816 1261; baseline 0.004 -12"><span class='ocrx_word' id='word_1_177' title='bbox 86 1216 183 1250; x_wconf 88' lang='lat' dir='ltr'><strong>ecclesiam</strong></span> <span class='ocrx_word' id='word_1_178' title='bbox 197 1216 237 1250; x_wconf 89' lang='lat' dir='ltr'><strong>loco</strong></span> <span class='ocrx_word' id='word_1_179' title='bbox 248 1217 326 1261; x_wconf 84' lang='lat' dir='ltr'><strong>digniori</strong></span> <span class='ocrx_word' id='word_1_180' title='bbox 337 1218 487 1252; x_wconf 81' lang='lat' dir='ltr'><strong>honorificentius</strong></span> <span class='ocrx_word' id='word_1_181' title='bbox 500 1218 632 1252; x_wconf 90' lang='lat' dir='ltr'><strong>tumulandum.</strong></span> <span class='ocrx_word' id='word_1_182' title='bbox 651 1219 672 1253; x_wconf 91' lang='lat' dir='ltr'><strong>Si</strong></span> <span class='ocrx_word' id='word_1_183' title='bbox 685 1218 761 1260; x_wconf 84' lang='lat' dir='ltr'><strong>diffidat,</strong></span> <span class='ocrx_word' id='word_1_184' title='bbox 771 1218 788 1252; x_wconf 93' lang='lat' dir='ltr'><strong>si</strong></span> <span class='ocrx_word' id='word_1_185' title='bbox 797 1227 816 1249; x_wconf 78' lang='lat'><strong>10</strong></span> 
     </span>
     <span class='ocr_line' id='line_1_22' title="bbox 87 1268 789 1313; baseline 0.004 -11"><span class='ocrx_word' id='word_1_186' title='bbox 87 1268 158 1312; x_wconf 89' lang='lat' dir='ltr'><strong>hesitet,</strong></span> <span class='ocrx_word' id='word_1_187' title='bbox 166 1269 239 1313; x_wconf 86' lang='lat' dir='ltr'><strong>signum</strong></span> <span class='ocrx_word' id='word_1_188' title='bbox 247 1280 281 1313; x_wconf 92' lang='lat' dir='ltr'><strong>pro</strong></span> <span class='ocrx_word' id='word_1_189' title='bbox 288 1269 392 1304; x_wconf 89' lang='lat' dir='ltr'><strong>testimonio</strong></span> <span class='ocrx_word' id='word_1_190' title='bbox 401 1269 511 1313; x_wconf 85' lang='lat' dir='ltr'><strong>habiturum,</strong></span> <span class='ocrx_word' id='word_1_191' title='bbox 520 1270 623 1305; x_wconf 88' lang='lat' dir='ltr'><strong>molestiam</strong></span> <span class='ocrx_word' id='word_1_192' title='bbox 633 1270 745 1305; x_wconf 83' lang='lat' dir='ltr'><strong>infirmitatis</strong></span> <span class='ocrx_word' id='word_1_193' title='bbox 754 1281 789 1305; x_wconf 89' lang='lat' dir='ltr'><strong>sue</strong></span> 
     </span>
     <span class='ocr_line' id='line_1_23' title="bbox 86 1322 789 1368; baseline 0.006 -13"><span class='ocrx_word' id='word_1_194' title='bbox 86 1333 123 1365; x_wconf 90' lang='lat' dir='ltr'><strong>qua</strong></span> <span class='ocrx_word' id='word_1_195' title='bbox 131 1322 220 1357; x_wconf 87' lang='lat' dir='ltr'><strong>hactenus</strong></span> <span class='ocrx_word' id='word_1_196' title='bbox 228 1323 348 1366; x_wconf 86' lang='lat' dir='ltr'><strong>detinebatur,</strong></span> <span class='ocrx_word' id='word_1_197' title='bbox 356 1323 397 1368; x_wconf 87' lang='lat' dir='ltr'><strong>ipsa</strong></span> <span class='ocrx_word' id='word_1_198' title='bbox 407 1325 472 1360; x_wconf 87' lang='lat' dir='ltr'><strong>eadem</strong></span> <span class='ocrx_word' id='word_1_199' title='bbox 483 1324 528 1358; x_wconf 88' lang='lat' dir='ltr'><strong>hora</strong></span> <span class='ocrx_word' id='word_1_200' title='bbox 537 1324 588 1358; x_wconf 89' lang='lat' dir='ltr'><strong>illum</strong></span> <span class='ocrx_word' id='word_1_201' title='bbox 599 1324 709 1366; x_wconf 90' lang='lat' dir='ltr'><strong>relicturam,</strong></span> <span class='ocrx_word' id='word_1_202' title='bbox 717 1325 789 1359; x_wconf 92' lang='lat' dir='ltr'><strong>salutis-</strong></span> 
     </span>
     <span class='ocr_line' id='line_1_24' title="bbox 86 1375 789 1422; baseline 0.003 -13"><span class='ocrx_word' id='word_1_203' title='bbox 86 1385 122 1418; x_wconf 89' lang='lat' dir='ltr'><strong>que</strong></span> <span class='ocrx_word' id='word_1_204' title='bbox 130 1375 207 1410; x_wconf 87' lang='lat' dir='ltr'><strong>leticiam</strong></span> <span class='ocrx_word' id='word_1_205' title='bbox 215 1375 296 1420; x_wconf 86' lang='lat' dir='ltr'><strong>perfecte</strong></span> <span class='ocrx_word' id='word_1_206' title='bbox 304 1387 426 1411; x_wconf 85' lang='lat' dir='ltr'><strong>reuersuram.</strong></span> <span class='ocrx_word' id='word_1_207' title='bbox 448 1376 525 1411; x_wconf 86' lang='lat' dir='ltr'><strong>Addidit</strong></span> <span class='ocrx_word' id='word_1_208' title='bbox 532 1377 588 1412; x_wconf 92' lang='lat' dir='ltr'><strong>etiam</strong></span> <span class='ocrx_word' id='word_1_209' title='bbox 594 1382 614 1412; x_wconf 88' lang='lat' dir='ltr'><strong>vt</strong></span> <span class='ocrx_word' id='word_1_210' title='bbox 624 1377 647 1412; x_wconf 93' lang='lat' dir='ltr'><strong>ad</strong></span> <span class='ocrx_word' id='word_1_211' title='bbox 657 1377 717 1411; x_wconf 90' lang='lat' dir='ltr'><strong>locum</strong></span> <span class='ocrx_word' id='word_1_212' title='bbox 727 1377 789 1422; x_wconf 88' lang='lat' dir='ltr'><strong>sepul-</strong></span> 
     </span>
     <span class='ocr_line' id='line_1_25' title="bbox 86 1428 789 1474; baseline 0.004 -13"><span class='ocrx_word' id='word_1_213' title='bbox 86 1433 127 1461; x_wconf 93' lang='lat' dir='ltr'><strong>ture</strong></span> <span class='ocrx_word' id='word_1_214' title='bbox 136 1428 203 1469; x_wconf 89' lang='lat' dir='ltr'><strong>veniat,</strong></span> <span class='ocrx_word' id='word_1_215' title='bbox 211 1433 229 1462; x_wconf 87' lang='lat' dir='ltr'><strong>et</strong></span> <span class='ocrx_word' id='word_1_216' title='bbox 235 1439 292 1462; x_wconf 92' lang='lat' dir='ltr'><strong>vnum</strong></span> <span class='ocrx_word' id='word_1_217' title='bbox 297 1429 320 1463; x_wconf 87' lang='lat' dir='ltr'><strong>de</strong></span> <span class='ocrx_word' id='word_1_218' title='bbox 328 1428 393 1463; x_wconf 89' lang='lat' dir='ltr'><strong>ferreis</strong></span> <span class='ocrx_word' id='word_1_219' title='bbox 399 1429 464 1472; x_wconf 88' lang='lat' dir='ltr'><strong>anulis,</strong></span> <span class='ocrx_word' id='word_1_220' title='bbox 472 1430 503 1474; x_wconf 87' lang='lat' dir='ltr'><strong>qui</strong></span> <span class='ocrx_word' id='word_1_221' title='bbox 510 1430 566 1474; x_wconf 89' lang='lat' dir='ltr'><strong>lapidi</strong></span> <span class='ocrx_word' id='word_1_222' title='bbox 574 1430 633 1464; x_wconf 83' lang='lat' dir='ltr'><strong>adhue</strong></span> <span class='ocrx_word' id='word_1_223' title='bbox 640 1429 789 1473; x_wconf 86' lang='lat' dir='ltr'><strong>infixividentur,</strong></span> 
     </span>
    </p>

    <p class='ocr_par' dir='ltr' id='par_1_4' title="bbox 86 1481 817 2426">
     <span class='ocr_line' id='line_1_26' title="bbox 86 1481 816 1527; baseline 0.005 -14"><span class='ocrx_word' id='word_1_224' title='bbox 86 1481 102 1513; x_wconf 90' lang='lat' dir='ltr'><strong>si</strong></span> <span class='ocrx_word' id='word_1_225' title='bbox 110 1481 209 1521; x_wconf 90' lang='lat' dir='ltr'><strong>abstrahat,</strong></span> <span class='ocrx_word' id='word_1_226' title='bbox 216 1490 258 1514; x_wconf 93' lang='lat' dir='ltr'><strong>cum</strong></span> <span class='ocrx_word' id='word_1_227' title='bbox 266 1482 316 1514; x_wconf 93' lang='lat' dir='ltr'><strong>omni</strong></span> <span class='ocrx_word' id='word_1_228' title='bbox 323 1481 408 1515; x_wconf 82' lang='lat' dir='ltr'><strong>facilitate</strong></span> <span class='ocrx_word' id='word_1_229' title='bbox 418 1487 436 1516; x_wconf 93' lang='lat' dir='ltr'><strong>et</strong></span> <span class='ocrx_word' id='word_1_230' title='bbox 447 1482 516 1527; x_wconf 91' lang='lat' dir='ltr'><strong>absque</strong></span> <span class='ocrx_word' id='word_1_231' title='bbox 524 1482 575 1516; x_wconf 93' lang='lat' dir='ltr'><strong>omni</strong></span> <span class='ocrx_word' id='word_1_232' title='bbox 585 1482 651 1527; x_wconf 87' lang='lat' dir='ltr'><strong>lapidis</strong></span> <span class='ocrx_word' id='word_1_233' title='bbox 661 1481 710 1516; x_wconf 90' lang='lat' dir='ltr'><strong>illius</strong></span> <span class='ocrx_word' id='word_1_234' title='bbox 718 1482 789 1517; x_wconf 89' lang='lat' dir='ltr'><strong>lesione</strong></span> <span class='ocrx_word' id='word_1_235' title='bbox 797 1489 816 1521; x_wconf 78' lang='lat'><strong>25</strong></span> 
     </span>
     <span class='ocr_line' id='line_1_27' title="bbox 87 1533 789 1580; baseline 0.004 -13"><span class='ocrx_word' id='word_1_236' title='bbox 87 1533 184 1575; x_wconf 81' lang='lat' dir='ltr'><strong>exiturum,</strong></span> <span class='ocrx_word' id='word_1_237' title='bbox 192 1544 213 1568; x_wconf 87' lang='lat' dir='ltr'><strong>ac</strong></span> <span class='ocrx_word' id='word_1_238' title='bbox 224 1533 291 1568; x_wconf 91' lang='lat' dir='ltr'><strong>iterum</strong></span> <span class='ocrx_word' id='word_1_239' title='bbox 303 1534 368 1569; x_wconf 86' lang='lat' dir='ltr'><strong>eadem</strong></span> <span class='ocrx_word' id='word_1_240' title='bbox 379 1534 470 1577; x_wconf 82' lang='lat' dir='ltr'><strong>facilitate,</strong></span> <span class='ocrx_word' id='word_1_241' title='bbox 478 1535 544 1570; x_wconf 82' lang='lat' dir='ltr'><strong>eodem</strong></span> <span class='ocrx_word' id='word_1_242' title='bbox 555 1535 664 1580; x_wconf 83' lang='lat' dir='ltr'><strong>integritatis</strong></span> <span class='ocrx_word' id='word_1_243' title='bbox 675 1539 739 1570; x_wconf 88' lang='lat' dir='ltr'><strong>tenore</strong></span> <span class='ocrx_word' id='word_1_244' title='bbox 751 1547 789 1571; x_wconf 91' lang='lat' dir='ltr'><strong>ser·</strong></span> 
     </span>
     <span class='ocr_line' id='line_1_28' title="bbox 86 1587 789 1634; baseline 0.007 -15"><span class='ocrx_word' id='word_1_245' title='bbox 86 1591 134 1629; x_wconf 91' lang='lat' dir='ltr'><strong>uato,</strong></span> <span class='ocrx_word' id='word_1_246' title='bbox 142 1587 161 1620; x_wconf 93' lang='lat' dir='ltr'><strong>in</strong></span> <span class='ocrx_word' id='word_1_247' title='bbox 169 1587 229 1621; x_wconf 91' lang='lat' dir='ltr'><strong>locum</strong></span> <span class='ocrx_word' id='word_1_248' title='bbox 236 1587 285 1621; x_wconf 88' lang='lat' dir='ltr'><strong>vnde</strong></span> <span class='ocrx_word' id='word_1_249' title='bbox 293 1587 433 1622; x_wconf 89' lang='lat' dir='ltr'><strong>abstrahebatur</strong></span> <span class='ocrx_word' id='word_1_250' title='bbox 440 1588 547 1623; x_wconf 85' lang='lat' dir='ltr'><strong>rediturum.</strong></span> <span class='ocrx_word' id='word_1_251' title='bbox 569 1588 632 1634; x_wconf 87' lang='lat' dir='ltr'><strong>Surgit</strong></span> <span class='ocrx_word' id='word_1_252' title='bbox 639 1589 700 1633; x_wconf 84' lang='lat' dir='ltr'><strong>itaque</strong></span> <span class='ocrx_word' id='word_1_253' title='bbox 708 1588 789 1633; x_wconf 81' lang='lat' dir='ltr'><strong>perfecte</strong></span> 
     </span>
     <span class='ocr_line' id='line_1_29' title="bbox 86 1640 789 1687; baseline 0.004 -13"><span class='ocrx_word' id='word_1_254' title='bbox 86 1640 158 1675; x_wconf 88' lang='lat' dir='ltr'><strong>sanitati</strong></span> <span class='ocrx_word' id='word_1_255' title='bbox 171 1640 263 1684; x_wconf 85' lang='lat' dir='ltr'><strong>redditus;</strong></span> <span class='ocrx_word' id='word_1_256' title='bbox 279 1640 325 1675; x_wconf 91' lang='lat' dir='ltr'><strong>sicut</strong></span> <span class='ocrx_word' id='word_1_257' title='bbox 339 1642 421 1686; x_wconf 93' lang='lat' dir='ltr'><strong>predicta</strong></span> <span class='ocrx_word' id='word_1_258' title='bbox 434 1646 477 1676; x_wconf 91' lang='lat' dir='ltr'><strong>sunt</strong></span> <span class='ocrx_word' id='word_1_259' title='bbox 486 1643 548 1677; x_wconf 91' lang='lat' dir='ltr'><strong>omnia</strong></span> <span class='ocrx_word' id='word_1_260' title='bbox 558 1643 646 1687; x_wconf 91' lang='lat' dir='ltr'><strong>repperit,</strong></span> <span class='ocrx_word' id='word_1_261' title='bbox 657 1647 675 1677; x_wconf 91' lang='lat' dir='ltr'><strong>et</strong></span> <span class='ocrx_word' id='word_1_262' title='bbox 686 1647 752 1676; x_wconf 87' lang='lat' dir='ltr'><strong>cuncta</strong></span> <span class='ocrx_word' id='word_1_263' title='bbox 764 1653 789 1678; x_wconf 84' lang='lat' dir='ltr'><strong>ex</strong></span> 
     </span>
     <span class='ocr_line' id='line_1_30' title="bbox 86 1687 789 1740; baseline 0.004 -13"><span class='ocrx_word' id='word_1_264' title='bbox 86 1694 151 1728; x_wconf 85' lang='lat' dir='ltr'><strong>ordine</strong></span> <span class='ocrx_word' id='word_1_265' title='bbox 158 1693 240 1738; x_wconf 92' lang='lat' dir='ltr'><strong>pontifici</strong></span> <span class='ocrx_word' id='word_1_266' title='bbox 247 1694 343 1729; x_wconf 77' lang='lat' dir='ltr'><strong>intimauit.</strong></span> <span class='ocrx_word' id='word_1_267' title='bbox 381 1687 485 1730; x_wconf 87' lang='lat' dir='ltr'><strong>Curuatum</strong></span> <span class='ocrx_word' id='word_1_268' title='bbox 494 1696 597 1740; x_wconf 76' lang='lat' dir='ltr'><strong>quendam⁶</strong></span> <span class='ocrx_word' id='word_1_269' title='bbox 605 1695 649 1740; x_wconf 72' lang='lat' dir='ltr'><strong>[et]³</strong></span> <span class='ocrx_word' id='word_1_270' title='bbox 658 1696 728 1730; x_wconf 86' lang='lat' dir='ltr'><strong>bestiali</strong></span> <span class='ocrx_word' id='word_1_271' title='bbox 737 1707 789 1731; x_wconf 87' lang='lat' dir='ltr'><strong>more</strong></span> 
     </span>
     <span class='ocr_line' id='line_1_31' title="bbox 86 1741 817 1794; baseline 0.007 -14"><span class='ocrx_word' id='word_1_272' title='bbox 86 1746 105 1780; x_wconf 93' lang='lat' dir='ltr'><strong>in</strong></span> <span class='ocrx_word' id='word_1_273' title='bbox 117 1752 185 1781; x_wconf 88' lang='lat' dir='ltr'><strong>terram</strong></span> <span class='ocrx_word' id='word_1_274' title='bbox 198 1747 332 1791; x_wconf 83' lang='lat' dir='ltr'><strong>respicientem,</strong></span> <span class='ocrx_word' id='word_1_275' title='bbox 344 1758 409 1783; x_wconf 89' lang='lat' dir='ltr'><strong>sanum</strong></span> <span class='ocrx_word' id='word_1_276' title='bbox 423 1753 441 1782; x_wconf 93' lang='lat' dir='ltr'><strong>et</strong></span> <span class='ocrx_word' id='word_1_277' title='bbox 452 1749 563 1783; x_wconf 89' lang='lat' dir='ltr'><strong>incolumem</strong></span> <span class='ocrx_word' id='word_1_278' title='bbox 575 1749 659 1783; x_wconf 91' lang='lat' dir='ltr'><strong>reddidit.</strong></span> <span class='ocrx_word' id='word_1_279' title='bbox 704 1741 788 1794; x_wconf 81' lang='lat' dir='ltr'><strong>Quidam</strong></span> <span class='ocrx_word' id='word_1_280' title='bbox 798 1758 817 1787; x_wconf 78' lang='lat'><strong>3⁰</strong></span> 
     </span>
     <span class='ocr_line' id='line_1_32' title="bbox 86 1800 789 1845; baseline 0.003 -12"><span class='ocrx_word' id='word_1_281' title='bbox 86 1800 152 1834; x_wconf 91' lang='lat' dir='ltr'><strong>nobilis</strong></span> <span class='ocrx_word' id='word_1_282' title='bbox 161 1806 179 1834; x_wconf 91' lang='lat' dir='ltr'><strong>et</strong></span> <span class='ocrx_word' id='word_1_283' title='bbox 187 1800 240 1833; x_wconf 80' lang='lat' dir='ltr'><strong>diues</strong></span> <span class='ocrx_word' id='word_1_284' title='bbox 250 1811 292 1834; x_wconf 90' lang='lat' dir='ltr'><strong>curn</strong></span> <span class='ocrx_word' id='word_1_285' title='bbox 301 1807 385 1845; x_wconf 91' lang='lat' dir='ltr'><strong>tempore</strong></span> <span class='ocrx_word' id='word_1_286' title='bbox 393 1801 495 1835; x_wconf 90' lang='lat' dir='ltr'><strong>meridiano</strong></span> <span class='ocrx_word' id='word_1_287' title='bbox 505 1801 555 1835; x_wconf 82' lang='lat' dir='ltr'><strong>iuxta</strong></span> <span class='ocrx_word' id='word_1_288' title='bbox 565 1802 624 1845; x_wconf 90' lang='lat' dir='ltr'><strong>ripam</strong></span> <span class='ocrx_word' id='word_1_289' title='bbox 635 1800 716 1835; x_wconf 85' lang='lat' dir='ltr'><strong>fluminis</strong></span> <span class='ocrx_word' id='word_1_290' title='bbox 726 1802 789 1836; x_wconf 91' lang='lat' dir='ltr'><strong>deam·</strong></span> 
     </span>
     <span class='ocr_line' id='line_1_33' title="bbox 86 1852 788 1897; baseline 0.003 -12"><span class='ocrx_word' id='word_1_291' title='bbox 86 1852 162 1893; x_wconf 90' lang='lat' dir='ltr'><strong>bularet,</strong></span> <span class='ocrx_word' id='word_1_292' title='bbox 174 1857 298 1894; x_wconf 89' lang='lat' dir='ltr'><strong>apparuerunt</strong></span> <span class='ocrx_word' id='word_1_293' title='bbox 311 1852 328 1886; x_wconf 93' lang='lat' dir='ltr'><strong>ei</strong></span> <span class='ocrx_word' id='word_1_294' title='bbox 343 1852 403 1886; x_wconf 90' lang='lat' dir='ltr'><strong>subito</strong></span> <span class='ocrx_word' id='word_1_295' title='bbox 415 1857 453 1886; x_wconf 89' lang='lat' dir='ltr'><strong>tres</strong></span> <span class='ocrx_word' id='word_1_296' title='bbox 468 1863 524 1895; x_wconf 91' lang='lat' dir='ltr'><strong>supra</strong></span> <span class='ocrx_word' id='word_1_297' title='bbox 538 1854 613 1886; x_wconf 90' lang='lat' dir='ltr'><strong>modurn</strong></span> <span class='ocrx_word' id='word_1_298' title='bbox 628 1853 720 1887; x_wconf 86' lang='lat' dir='ltr'><strong>horrende</strong></span> <span class='ocrx_word' id='word_1_299' title='bbox 735 1853 788 1897; x_wconf 91' lang='lat' dir='ltr'><strong>quasi</strong></span> 
     </span>
     <span class='ocr_line' id='line_1_34' title="bbox 86 1903 788 1949; baseline 0.003 -11"><span class='ocrx_word' id='word_1_300' title='bbox 86 1904 179 1946; x_wconf 88' lang='lat' dir='ltr'><strong>mulieres,</strong></span> <span class='ocrx_word' id='word_1_301' title='bbox 191 1908 209 1938; x_wconf 94' lang='lat' dir='ltr'><strong>et</strong></span> <span class='ocrx_word' id='word_1_302' title='bbox 224 1903 324 1938; x_wconf 88' lang='lat' dir='ltr'><strong>altitudinis</strong></span> <span class='ocrx_word' id='word_1_303' title='bbox 338 1903 434 1939; x_wconf 90' lang='lat' dir='ltr'><strong>immense.</strong></span> <span class='ocrx_word' id='word_1_304' title='bbox 457 1904 498 1947; x_wconf 80' lang='lat' dir='ltr'><strong>Que</strong></span> <span class='ocrx_word' id='word_1_305' title='bbox 513 1915 555 1940; x_wconf 91' lang='lat' dir='ltr'><strong>cum</strong></span> <span class='ocrx_word' id='word_1_306' title='bbox 569 1904 669 1949; x_wconf 83' lang='lat' dir='ltr'><strong>fugientem</strong></span> <span class='ocrx_word' id='word_1_307' title='bbox 684 1905 788 1949; x_wconf 86' lang='lat' dir='ltr'><strong>apprehen-</strong></span> 
     </span>
     <span class='ocr_line' id='line_1_35' title="bbox 87 1956 788 2003; baseline 0.004 -11"><span class='ocrx_word' id='word_1_308' title='bbox 87 1957 157 1994; x_wconf 91' lang='lat' dir='ltr'><strong>dissent</strong></span> <span class='ocrx_word' id='word_1_309' title='bbox 165 1956 193 1993; x_wconf 78' lang='lat' dir='ltr'><strong>et⁸</strong></span> <span class='ocrx_word' id='word_1_310' title='bbox 201 1957 295 2002; x_wconf 89' lang='lat' dir='ltr'><strong>multiplici</strong></span> <span class='ocrx_word' id='word_1_311' title='bbox 306 1957 390 2002; x_wconf 86' lang='lat' dir='ltr'><strong>angustia</strong></span> <span class='ocrx_word' id='word_1_312' title='bbox 401 1957 508 1994; x_wconf 85' lang='lat' dir='ltr'><strong>afflixissent</strong></span> <span class='ocrx_word' id='word_1_313' title='bbox 513 1958 524 2002; x_wconf 74' lang='lat'><strong>⁹,</strong></span> <span class='ocrx_word' id='word_1_314' title='bbox 533 1959 562 1994; x_wconf 72' lang='lat' dir='ltr'><strong>etl</strong></span> <span class='ocrx_word' id='word_1_315' title='bbox 571 1969 619 2003; x_wconf 89' lang='lat' dir='ltr'><strong>pene</strong></span> <span class='ocrx_word' id='word_1_316' title='bbox 631 1969 665 1994; x_wconf 92' lang='lat' dir='ltr'><strong>suo</strong></span> <span class='ocrx_word' id='word_1_317' title='bbox 676 1957 720 1994; x_wconf 86' lang='lat' dir='ltr'><strong>flatu</strong></span> <span class='ocrx_word' id='word_1_318' title='bbox 732 1958 788 1995; x_wconf 81' lang='lat' dir='ltr'><strong>sulio·</strong></span> 
     </span>
     <span class='ocr_line' id='line_1_36' title="bbox 86 2009 816 2059; baseline 0.004 -15"><span class='ocrx_word' id='word_1_319' title='bbox 86 2016 150 2045; x_wconf 89' lang='lat' dir='ltr'><strong>cantes</strong></span> <span class='ocrx_word' id='word_1_320' title='bbox 157 2009 249 2056; x_wconf 88' lang='lat' dir='ltr'><strong>pestifero,</strong></span> <span class='ocrx_word' id='word_1_321' title='bbox 257 2010 332 2045; x_wconf 90' lang='lat' dir='ltr'><strong>horrore</strong></span> <span class='ocrx_word' id='word_1_322' title='bbox 340 2010 442 2045; x_wconf 92' lang='lat' dir='ltr'><strong>incredibili</strong></span> <span class='ocrx_word' id='word_1_323' title='bbox 450 2011 528 2046; x_wconf 90' lang='lat' dir='ltr'><strong>similem</strong></span> <span class='ocrx_word' id='word_1_324' title='bbox 536 2012 601 2046; x_wconf 90' lang='lat' dir='ltr'><strong>insano</strong></span> <span class='ocrx_word' id='word_1_325' title='bbox 609 2012 734 2059; x_wconf 80' lang='lat' dir='ltr'><strong>reddiderunt.</strong></span> <span class='ocrx_word' id='word_1_326' title='bbox 753 2012 788 2047; x_wconf 90' lang='lat' dir='ltr'><strong>Cui</strong></span> <span class='ocrx_word' id='word_1_327' title='bbox 797 2023 816 2055; x_wconf 77' lang='lat'><strong>35</strong></span> 
     </span>
     <span class='ocr_line' id='line_1_37' title="bbox 86 2063 788 2109; baseline 0.004 -13"><span class='ocrx_word' id='word_1_328' title='bbox 86 2065 109 2097; x_wconf 92' lang='lat' dir='ltr'><strong>ad</strong></span> <span class='ocrx_word' id='word_1_329' title='bbox 123 2063 219 2098; x_wconf 86' lang='lat' dir='ltr'><strong>ecclesiam</strong></span> <span class='ocrx_word' id='word_1_330' title='bbox 232 2064 309 2097; x_wconf 87' lang='lat' dir='ltr'><strong>adducto</strong></span> <span class='ocrx_word' id='word_1_331' title='bbox 323 2069 376 2097; x_wconf 86' lang='lat' dir='ltr'><strong>nocte</strong></span> <span class='ocrx_word' id='word_1_332' title='bbox 386 2064 471 2108; x_wconf 89' lang='lat' dir='ltr'><strong>apparuit</strong></span> <span class='ocrx_word' id='word_1_333' title='bbox 484 2070 558 2098; x_wconf 88' lang='lat' dir='ltr'><strong>sanctus</strong></span> <span class='ocrx_word' id='word_1_334' title='bbox 571 2064 699 2109; x_wconf 71' lang='lat' dir='ltr'><strong>Switlh]unus,</strong></span> <span class='ocrx_word' id='word_1_335' title='bbox 711 2070 729 2098; x_wconf 91' lang='lat' dir='ltr'><strong>et</strong></span> <span class='ocrx_word' id='word_1_336' title='bbox 738 2066 788 2100; x_wconf 88' lang='lat' dir='ltr'><strong>omni</strong></span> 
     </span>
     <span class='ocr_line' id='line_1_38' title="bbox 86 2110 789 2158; baseline 0.004 -8"><span class='ocrx_word' id='word_1_337' title='bbox 86 2116 149 2151; x_wconf 90' lang='lat' dir='ltr'><strong>dolore</strong></span> <span class='ocrx_word' id='word_1_338' title='bbox 163 2125 246 2158; x_wconf 85' lang='lat' dir='ltr'><strong>excusso,</strong></span> <span class='ocrx_word' id='word_1_339' title='bbox 258 2125 300 2150; x_wconf 93' lang='lat' dir='ltr'><strong>eum</strong></span> <span class='ocrx_word' id='word_1_340' title='bbox 313 2115 385 2151; x_wconf 91' lang='lat' dir='ltr'><strong>sanitati</strong></span> <span class='ocrx_word' id='word_1_341' title='bbox 400 2116 482 2151; x_wconf 89' lang='lat' dir='ltr'><strong>restituit.</strong></span> <span class='ocrx_word' id='word_1_342' title='bbox 527 2110 578 2153; x_wconf 90' lang='lat' dir='ltr'><strong>Cum</strong></span> <span class='ocrx_word' id='word_1_343' title='bbox 590 2122 651 2152; x_wconf 87' lang='lat' dir='ltr'><strong>autem</strong></span> <span class='ocrx_word' id='word_1_344' title='bbox 664 2116 789 2153; x_wconf 85' lang='lat' dir='ltr'><strong>Ethelwoidus</strong></span> 
     </span>
     <span class='ocr_line' id='line_1_39' title="bbox 86 2169 789 2215; baseline 0.006 -14"><span class='ocrx_word' id='word_1_345' title='bbox 86 2169 185 2214; x_wconf 90' lang='lat' dir='ltr'><strong>episcopus</strong></span> <span class='ocrx_word' id='word_1_346' title='bbox 192 2179 260 2213; x_wconf 89' lang='lat' dir='ltr'><strong>corpus</strong></span> <span class='ocrx_word' id='word_1_347' title='bbox 267 2169 307 2203; x_wconf 91' lang='lat' dir='ltr'><strong>eius</strong></span> <span class='ocrx_word' id='word_1_348' title='bbox 315 2169 338 2203; x_wconf 89' lang='lat' dir='ltr'><strong>de</strong></span> <span class='ocrx_word' id='word_1_349' title='bbox 346 2174 395 2203; x_wconf 88' lang='lat' dir='ltr'><strong>terra</strong></span> <span class='ocrx_word' id='word_1_350' title='bbox 402 2169 477 2211; x_wconf 90' lang='lat' dir='ltr'><strong>leuaret,</strong></span> <span class='ocrx_word' id='word_1_351' title='bbox 485 2170 532 2204; x_wconf 88' lang='lat' dir='ltr'><strong>mira</strong></span> <span class='ocrx_word' id='word_1_352' title='bbox 542 2171 604 2204; x_wconf 89' lang='lat' dir='ltr'><strong>odoris</strong></span> <span class='ocrx_word' id='word_1_353' title='bbox 614 2170 713 2215; x_wconf 85' lang='lat' dir='ltr'><strong>fragrantia</strong></span> <span class='ocrx_word' id='word_1_354' title='bbox 723 2181 789 2205; x_wconf 88' lang='lat' dir='ltr'><strong>omnes</strong></span> 
     </span>
     <span class='ocr_line' id='line_1_40' title="bbox 86 2221 788 2267; baseline 0.004 -12"><span class='ocrx_word' id='word_1_355' title='bbox 86 2222 176 2265; x_wconf 88' lang='lat' dir='ltr'><strong>perfudit:</strong></span> <span class='ocrx_word' id='word_1_356' title='bbox 189 2221 256 2256; x_wconf 91' lang='lat' dir='ltr'><strong>mulier</strong></span> <span class='ocrx_word' id='word_1_357' title='bbox 264 2232 308 2256; x_wconf 83' lang='lat' dir='ltr'><strong>ceca</strong></span> <span class='ocrx_word' id='word_1_358' title='bbox 315 2221 375 2257; x_wconf 91' lang='lat' dir='ltr'><strong>visum</strong></span> <span class='ocrx_word' id='word_1_359' title='bbox 385 2222 460 2267; x_wconf 92' lang='lat' dir='ltr'><strong>recepit,</strong></span> <span class='ocrx_word' id='word_1_360' title='bbox 468 2228 487 2257; x_wconf 92' lang='lat' dir='ltr'><strong>et</strong></span> <span class='ocrx_word' id='word_1_361' title='bbox 498 2223 550 2257; x_wconf 92' lang='lat' dir='ltr'><strong>multi</strong></span> <span class='ocrx_word' id='word_1_362' title='bbox 561 2223 640 2258; x_wconf 91' lang='lat' dir='ltr'><strong>diuersis</strong></span> <span class='ocrx_word' id='word_1_363' title='bbox 651 2222 788 2259; x_wconf 86' lang='lat' dir='ltr'><strong>infirmitatibus</strong></span> 
     </span>
     <span class='ocr_line' id='line_1_41' title="bbox 86 2275 816 2319; baseline 0 -11"><span class='ocrx_word' id='word_1_364' title='bbox 86 2277 172 2319; x_wconf 89' lang='lat' dir='ltr'><strong>oppressi</strong></span> <span class='ocrx_word' id='word_1_365' title='bbox 183 2276 241 2309; x_wconf 88' lang='lat' dir='ltr'><strong>sancti</strong></span> <span class='ocrx_word' id='word_1_366' title='bbox 252 2275 323 2310; x_wconf 90' lang='lat' dir='ltr'><strong>meritis</strong></span> <span class='ocrx_word' id='word_1_367' title='bbox 335 2275 391 2310; x_wconf 89' lang='lat' dir='ltr'><strong>curati</strong></span> <span class='ocrx_word' id='word_1_368' title='bbox 402 2281 450 2311; x_wconf 91' lang='lat' dir='ltr'><strong>sunt.</strong></span> <span class='ocrx_word' id='word_1_369' title='bbox 473 2276 528 2310; x_wconf 82' lang='lat' dir='ltr'><strong>Facta</strong></span> <span class='ocrx_word' id='word_1_370' title='bbox 538 2282 566 2311; x_wconf 90' lang='lat' dir='ltr'><strong>est</strong></span> <span class='ocrx_word' id='word_1_371' title='bbox 576 2282 637 2311; x_wconf 91' lang='lat' dir='ltr'><strong>autem</strong></span> <span class='ocrx_word' id='word_1_372' title='bbox 646 2276 740 2310; x_wconf 90' lang='lat' dir='ltr'><strong>translatio</strong></span> <span class='ocrx_word' id='word_1_373' title='bbox 748 2288 788 2311; x_wconf 88' lang='lat' dir='ltr'><strong>cor·</strong></span> <span class='ocrx_word' id='word_1_374' title='bbox 796 2287 816 2318; x_wconf 60' lang='lat' dir='ltr'><strong>ao</strong></span> 
     </span>
     <span class='ocr_line' id='line_1_42' title="bbox 86 2327 788 2373; baseline 0.004 -11"><span class='ocrx_word' id='word_1_375' title='bbox 86 2327 137 2371; x_wconf 92' lang='lat' dir='ltr'><strong>poris</strong></span> <span class='ocrx_word' id='word_1_376' title='bbox 145 2328 185 2364; x_wconf 90' lang='lat' dir='ltr'><strong>eius</strong></span> <span class='ocrx_word' id='word_1_377' title='bbox 192 2338 240 2363; x_wconf 89' lang='lat' dir='ltr'><strong>anno</strong></span> <span class='ocrx_word' id='word_1_378' title='bbox 248 2327 275 2363; x_wconf 86' lang='lat' dir='ltr'><strong>a¹⁰</strong></span> <span class='ocrx_word' id='word_1_379' title='bbox 282 2327 391 2364; x_wconf 91' lang='lat' dir='ltr'><strong>dormitione</strong></span> <span class='ocrx_word' id='word_1_380' title='bbox 399 2339 432 2364; x_wconf 88' lang='lat' dir='ltr'><strong>sua</strong></span> <span class='ocrx_word' id='word_1_381' title='bbox 440 2329 540 2364; x_wconf 88' lang='lat' dir='ltr'><strong>centesimo</strong></span> <span class='ocrx_word' id='word_1_382' title='bbox 548 2329 625 2373; x_wconf 90' lang='lat' dir='ltr'><strong>decimo,</strong></span> <span class='ocrx_word' id='word_1_383' title='bbox 632 2334 650 2365; x_wconf 91' lang='lat' dir='ltr'><strong>et</strong></span> <span class='ocrx_word' id='word_1_384' title='bbox 658 2329 788 2365; x_wconf 86' lang='lat' dir='ltr'><strong>incarnationis</strong></span> 
     </span>
     <span class='ocr_line' id='line_1_43' title="bbox 86 2381 644 2426; baseline 0.004 -12"><span class='ocrx_word' id='word_1_385' title='bbox 86 2381 177 2415; x_wconf 90' lang='lat' dir='ltr'><strong>dominice</strong></span> <span class='ocrx_word' id='word_1_386' title='bbox 184 2381 325 2424; x_wconf 88' lang='lat' dir='ltr'><strong>nongentesimo</strong></span> <span class='ocrx_word' id='word_1_387' title='bbox 332 2382 467 2425; x_wconf 86' lang='lat' dir='ltr'><strong>septuagesimo</strong></span> <span class='ocrx_word' id='word_1_388' title='bbox 475 2382 541 2426; x_wconf 85' lang='lat' dir='ltr'><strong>primo,</strong></span> <span class='ocrx_word' id='word_1_389' title='bbox 549 2382 593 2416; x_wconf 90' lang='lat' dir='ltr'><strong>Idus</strong></span> <span class='ocrx_word' id='word_1_390' title='bbox 601 2382 644 2416; x_wconf 91' lang='lat' dir='ltr'><strong>iulii.</strong></span> 
     </span>
    </p>
   </div>
   <div class='ocr_carea' id='block_1_4' title="bbox 85 2462 788 2577">
    <p class='ocr_par' dir='ltr' id='par_1_5' title="bbox 85 2462 788 2577">
     <span class='ocr_line' id='line_1_44' title="bbox 106 2462 788 2504; baseline 0.003 -10"><span class='ocrx_word' id='word_1_391' title='bbox 106 2462 229 2495; x_wconf 80' lang='lat' dir='ltr'><strong>¹E.switunus.</strong></span> <span class='ocrx_word' id='word_1_392' title='bbox 266 2463 425 2504; x_wconf 78' lang='lat' dir='ltr'><strong>²E.spir.puritate.</strong></span> <span class='ocrx_word' id='word_1_393' title='bbox 466 2465 508 2496; x_wconf 76' lang='lat' dir='ltr'><strong>⁵E.</strong></span> <span class='ocrx_word' id='word_1_394' title='bbox 516 2470 622 2504; x_wconf 83' lang='lat' dir='ltr'><strong>regenerator.</strong></span> <span class='ocrx_word' id='word_1_395' title='bbox 665 2464 788 2496; x_wconf 82' lang='lat' dir='ltr'><strong>¹E.cumulari.</strong></span> 
     </span>
     <span class='ocr_line' id='line_1_45' title="bbox 85 2501 788 2538; baseline 0.004 -4"><span class='ocrx_word' id='word_1_396' title='bbox 85 2501 195 2536; x_wconf 67' lang='lat' dir='ltr'><strong>³.om.inVit.</strong></span> <span class='ocrx_word' id='word_1_397' title='bbox 257 2502 353 2537; x_wconf 81' lang='lat' dir='ltr'><strong>⁸om.inT.</strong></span> <span class='ocrx_word' id='word_1_398' title='bbox 412 2503 483 2537; x_wconf 76' lang='lat' dir='ltr'><strong>&#39;omitt</strong></span> <span class='ocrx_word' id='word_1_399' title='bbox 491 2505 509 2538; x_wconf 85' lang='lat' dir='ltr'><strong>E.</strong></span> <span class='ocrx_word' id='word_1_400' title='bbox 570 2504 616 2538; x_wconf 85' lang='lat' dir='ltr'><strong>⁸0m.</strong></span> <span class='ocrx_word' id='word_1_401' title='bbox 624 2505 680 2537; x_wconf 82' lang='lat' dir='ltr'><strong>invit.</strong></span> <span class='ocrx_word' id='word_1_402' title='bbox 739 2506 788 2538; x_wconf 58' lang='lat' dir='ltr'><strong>fvit.</strong></span> 
     </span>
     <span class='ocr_line' id='line_1_46' title="bbox 86 2544 309 2577; baseline 0.009 -3"><span class='ocrx_word' id='word_1_403' title='bbox 86 2544 180 2577; x_wconf 83' lang='lat' dir='ltr'><strong>afflixerunt.</strong></span> <span class='ocrx_word' id='word_1_404' title='bbox 240 2545 252 2563; x_wconf 76' lang='lat'><strong>¹⁹</strong></span> <span class='ocrx_word' id='word_1_405' title='bbox 262 2545 280 2576; x_wconf 87' lang='lat' dir='ltr'><strong>E.</strong></span> <span class='ocrx_word' id='word_1_406' title='bbox 289 2549 309 2576; x_wconf 90' lang='lat' dir='ltr'><strong>et.</strong></span> 
     </span>
    </p>
   </div>
   <div class='ocr_carea' id='block_1_5' title="bbox 0 0 886 2803">
    <p class='ocr_par' dir='ltr' id='par_1_6' title="bbox 0 0 886 2803">
     <span class='ocr_line' id='line_1_47' title="bbox 0 0 886 2803; baseline 0 0"><span class='ocrx_word' id='word_1_407' title='bbox 0 0 886 2803; x_wconf 95' lang='lat' dir='ltr'><strong> </strong></span> 
     </span>
    </p>
   </div>
  </div>
 </body>
</html>
