1762 2803
147 143 191 197 418
210 152 212 156 ’
338 140 417 193 mona
432 137 549 201 beamur
564 110 664 201 finalia

148 261 248 306 gloriosum
256 262 295 296 eius
303 261 411 305 martyrium
419 260 517 294 reuelabat.
534 259 637 295 Mllsridus¹
645 261 719 295 demum
727 270 761 294 rex
768 259 849 303 precepit

150 314 221 350 cuidam
232 315 317 360 episcopo
329 325 368 356 suo,
377 314 437 348 locum
447 319 532 348 sanctum
541 314 592 349 adire
602 319 620 357 et
630 319 731 359 martyrem
742 323 783 348 cum
795 313 849 346 deuo-

149 371 198 404 tione
213 370 294 404 adorare.
317 369 358 411 Quo
370 368 423 412 facto,
434 368 525 412 magnalia
540 368 570 403 dei
585 379 620 413 que
636 368 708 411 audiuit,
721 368 808 403 sanitates
822 366 849 401 in·

150 423 250 464 firmorum,
262 422 365 456 curationes
377 422 484 464 languorum
497 432 543 465 quas
555 422 613 456 oculis
625 421 720 466 perspexit
725 422 736 463 ²,
747 421 850 455 innocentis

132 485 141 514 5
150 475 198 518 regis
206 475 299 508 interitum
307 485 362 517 quem
370 474 438 515 didicit,
445 475 524 518 principi
532 485 566 508 suo
573 475 661 508 nunciare
669 475 744 508 curauit.
760 472 850 508 Miliridus

149 528 203 571 igitur
211 538 244 561 rex
252 529 275 560 ad
283 528 362 561 eundem
370 527 430 560 locum
438 527 526 570 pecunias
534 523 614 561 infinitas
622 527 718 570 delegauit,
725 531 743 560 et
749 525 850 568 ecclesiam,

150 582 196 614 miro
208 591 264 625 opere
275 580 353 624 lapideo,
361 580 384 613 ad
395 580 468 613 laudem
480 583 499 613 et
510 579 599 613 honorem
610 580 657 614 beati
667 579 753 623 martyris
765 589 776 612 a
787 577 850 612 lunda-

150 635 217 667 mentis
225 633 338 675 construxit;
350 634 457 677 primusque
465 633 547 667 omnium
556 643 620 677 regum
628 634 689 667 eidem
697 634 736 667 loco
744 632 850 676 episcopum

150 687 248 729 substituit,
263 692 281 720 et
293 692 384 720 terrarum
397 686 546 729 possessionibus
561 691 616 730 atque
632 686 723 730 regalibus
739 685 850 719 ornamentis

124 747 143 769 10
150 739 243 775 decorauit
249 739 261 774 ³.

366 782 474 819 tharmtto
485 781 597 826 [edificatort'a
601 782 615 826 ⁴]
621 782 633 817 ⁶.

156 852 158 855 ’
174 838 220 878 Non
230 846 308 878 multum
318 851 360 888 post
370 847 404 878 hec
413 850 503 887 tempora,
513 846 592 878 instante
603 846 632 879 die
644 845 764 879 dedicationis
775 844 850 878 ecclesie

150 899 199 933 beati
210 897 287 932 Dionisii
299 899 349 932 iuxta
361 897 447 939 Parisios,
459 907 490 931 res
502 897 557 942 digna
567 897 642 943 contigit
651 901 759 932 memoratu.
783 896 851 940 Lepro-

151 960 184 985 sus
199 950 273 994 quidam
286 950 388 994 vigiliarum
403 951 462 993 gratia
477 956 568 984 secretum
581 952 641 985 locum
653 952 672 985 in
688 951 771 992 ecclesia,
783 951 851 984 cunctis

152 1004 281 1045 nescientibus,
293 1004 352 1046 elegit.
380 1003 402 1036 In
414 1003 455 1046 ipso
466 1008 528 1037 autem
540 1005 598 1038 noctis
611 1003 707 1038 conticinio
719 1008 789 1037 tantum
802 1003 852 1037 iubar

125 1063 143 1093 ¹5
152 1061 209 1090 totam
219 1056 269 1090 illam
279 1055 376 1091 ecclesiam
386 1055 483 1089 illustrauit
490 1060 510 1090 vt
517 1056 616 1091 multorum
627 1067 722 1091 cereorum
733 1056 820 1100 splendor
828 1055 851 1088 illi

151 1109 210 1143 iubari
223 1110 301 1151 cederet,
314 1114 377 1151 vtpote
392 1118 448 1152 quam
463 1108 490 1142 sol
506 1108 579 1144 diuinus
594 1110 709 1144 illustrasset,
732 1109 851 1153 Insompnem

152 1162 230 1194 ducebat
241 1162 326 1203 leprosus
338 1166 410 1194 noctem
421 1161 476 1202 illam,
489 1166 508 1194 et
519 1172 553 1205 pre
566 1162 646 1196 claritate
656 1162 744 1196 ineffabili
754 1161 851 1207 obstupuit,

152 1213 195 1257 quid
208 1213 270 1247 lumen
283 1217 391 1257 sequeretur
403 1214 512 1256 expectauit.
536 1213 559 1246 Et
574 1224 617 1248 ecce
632 1215 717 1248 dominus
730 1214 796 1248 Ihesus
811 1222 851 1246 cum

152 1267 210 1300 beatis
225 1266 313 1309 apostolis
329 1266 383 1300 Petro
398 1270 417 1299 et
432 1266 494 1308 Paulo,
510 1272 528 1299 et
547 1269 615 1300 sanctis
634 1267 746 1310 martyribus
765 1263 852 1307 Dionisio,

125 1328 144 1349 20
153 1318 235 1362 Rustico,
254 1324 272 1354 et
291 1318 397 1353 Eleutherio
416 1318 472 1353 affuit.
500 1318 579 1353 Videbat
598 1330 679 1364 namque
692 1320 778 1364 vigilibus
797 1316 852 1352 oculis

152 1372 247 1407 dominum
263 1372 337 1406 ihesum
352 1373 411 1406 niueis
423 1372 505 1406 vestibus
520 1374 604 1406 indutum
619 1374 755 1417 precedentem,
768 1377 786 1406 et
801 1371 853 1415 signa

153 1435 186 1459 sue
195 1426 314 1459 dedicationis
324 1425 426 1458 luculenter
433 1424 533 1467 parietibus
541 1424 682 1468 imprimentem,
691 1431 709 1460 et
716 1424 797 1459 officium
805 1425 853 1467 epis·

153 1479 216 1522 copale
224 1478 305 1513 seriatim
312 1478 441 1521 complentem.
457 1477 553 1522 Completo
562 1477 681 1513 dedicationis
688 1478 754 1521 officio,
763 1478 786 1512 ad
794 1477 853 1521 lepro-

153 1542 195 1565 sum
203 1532 282 1565 saluatur
290 1532 372 1572 accessit,
380 1536 398 1564 et
408 1530 464 1564 dixit:
477 1530 593 1574 ‘intrepidus
602 1531 649 1574 audi,
658 1537 676 1565 et
687 1531 731 1566 foris
742 1529 853 1575 expectanti-

127 1592 145 1622 25
153 1585 189 1617 bus
199 1585 266 1617 vestris
278 1584 369 1627 episcopis
380 1594 416 1626 que
427 1583 488 1616 vidisti
500 1588 518 1616 et
529 1594 566 1626 que
579 1584 611 1617 tibi
624 1585 736 1617 mandauero
747 1583 803 1626 aperi.
826 1582 853 1615 Ne

154 1636 273 1670 sollicitentur
284 1637 308 1670 de
319 1641 381 1671 cetero
392 1646 426 1679 pro
438 1635 557 1670 dedicationis
569 1636 646 1671 ecclesie
659 1636 724 1680 officio,
736 1636 823 1680 quoniam
836 1638 853 1668 et

154 1700 189 1723 nos
202 1689 219 1721 ei
232 1699 308 1722 manum
321 1688 462 1722 consecrationis
474 1688 595 1730 adhibuimus,
608 1695 632 1729 et,
648 1695 702 1732 prout
717 1690 783 1729 vidisti,
796 1693 853 1723 totuin

154 1742 296 1776 consecrationis
308 1742 387 1775 officium
397 1741 523 1785 expleuimus.'
546 1742 570 1776 Et
580 1741 622 1776 ille:
635 1741 696 1784 ¹Quis,
704 1741 767 1786 inquit,
775 1740 853 1782 domine,

154 1795 207 1829 dictis
214 1797 261 1830 meis
268 1796 325 1830 fidem
333 1796 377 1829 dare
384 1798 458 1838 potest?
485 1795 524 1839 Ego
533 1796 582 1830 enim
592 1795 675 1830 omnium
684 1795 780 1830 hominum
791 1794 853 1829 miser·

127 1857 146 1886 30
154 1847 217 1887 rimus,
229 1852 248 1882 et
259 1847 335 1882 abiectio
346 1847 406 1892 plebis
417 1848 481 1890 sactus,
493 1849 541 1891 apud
553 1848 637 1882 homines
648 1850 727 1883 testandi
742 1849 803 1882 locum
818 1856 853 1881 non

154 1901 217 1942 habeo,
233 1901 319 1944 quoniam
331 1901 448 1944 elephantina
462 1906 516 1943 peste
529 1901 636 1936 deformiter
647 1902 719 1936 laboro.¹
743 1901 767 1935 Et
778 1899 854 1935 accessit

153 1953 171 1987 ei
183 1954 262 1987 saluator
273 1959 291 1987 et
302 1953 350 1987 lenil
360 1958 409 1987 tactu
420 1953 472 1987 faciei
484 1954 523 1987 eius
536 1965 611 1988 manum
620 1954 701 1988 admouit
713 1955 789 1998 eiusque
801 1956 853 1997 caput

154 2005 314 2049 circumte[ti]git⁷‚
321 2011 339 2040 et
347 2006 408 2039 ablata
416 2016 458 2040 curn
466 2006 512 2050 ipsis
520 2006 636 2040 horribilibus
643 2007 723 2051 pustulis
731 2012 772 2041 cute
779 2007 853 2050 ipsaque

154 2057 230 2100 cesarie,
245 2058 338 2101 leprosum
355 2058 427 2091 sanitati
442 2059 532 2101 restituit;
552 2063 571 2091 et
589 2060 649 2103 ipsam
668 2069 723 2103 quam
742 2060 796 2102 capiti
816 2061 853 2092 eius

127 2123 145 2153 35
154 2121 240 2145 carneam
255 2110 335 2144 tunicam
350 2112 454 2144 detraxerat
460 2110 471 2152 ⁸,
486 2110 543 2154 lapidi
556 2112 587 2154 qui
602 2112 698 2154 proximus
712 2117 751 2145 erat
766 2110 853 2154 deposuit,

154 2175 232 2208 eamque
244 2163 290 2197 sicut
302 2168 341 2197 erat
353 2163 460 2207 effigiatim³
471 2174 513 2198 cum
524 2165 570 2207 ipsis
583 2164 675 2199 viceribus
687 2174 762 2199 manere
777 2164 825 2207 fecit,
836 2166 854 2197 vt

153 2218 213 2261 ipsam
223 2217 288 2251 faciem
297 2217 408 2251 excoriatam
417 2227 481 2251 veram
491 2217 556 2252 faciem
566 2223 642 2262 putares
652 2222 670 2251 et
679 2217 702 2252 de
712 2217 787 2262 leprosa
796 2216 854 2261 effigie

174 2275 179 2293 ¹
189 2276 207 2305 T.
216 2276 308 2305 Milefridus.
349 2275 355 2293 ²
365 2275 383 2306 E.
391 2275 479 2312 prospexit.
520 2275 526 2292 ³
537 2276 597 2305 Collect
603 2276 620 2305 in
627 2277 655 2307 T.:

174 2314 193 2352 Ο
203 2323 248 2352 radix
259 2323 320 2351 dulcem
331 2322 361 2351 iusi
371 2322 439 2351 nectaris
451 2322 512 2352 stillans
524 2323 605 2359 liquorem,
619 2323 720 2353 Ethelberte:
735 2328 752 2353 tu
764 2320 855 2360 uirginitatis

153 2363 254 2399 signaculum,
267 2367 283 2392 tu
296 2362 370 2392 castitatis
382 2362 468 2399 speculum,
479 2363 507 2391 tibi
519 2363 628 2392 lamulancium
639 2372 694 2399 preces
708 2367 724 2394 et
738 2367 775 2393 uota
788 2363 854 2399 suscipe,

153 2411 215 2438 nosque
222 2401 283 2439 potenti
291 2402 357 2430 dextera
363 2406 430 2438 protege
435 2401 508 2438 alleluya,
515 2402 536 2432 tlt.
543 2402 562 2431 V,
571 2403 626 2431 Gloria
632 2407 648 2431 et
655 2403 710 2432 honor.

176 2440 228 2483 Deus.
236 2448 305 2478 omnium
312 2458 396 2486 regnorum
403 2448 483 2479 institutor
490 2452 506 2479 et
516 2451 573 2486 rector,
581 2448 607 2486 qui
614 2448 707 2479 hodiernam
715 2449 761 2478 nobis
768 2449 809 2478 diem
816 2444 855 2477 beati

154 2489 196 2525 regis
203 2493 220 2517 et
227 2489 294 2518 martiris
301 2489 387 2518 Ethelberti
395 2489 461 2518 transitu
468 2489 522 2518 tribuis
532 2498 567 2518 esse
577 2490 679 2526 solempnem,
687 2494 741 2526 presta
750 2497 833 2527 quesumus
840 2489 855 2514 ul

154 2529 197 2556 cuius
204 2528 296 2565 solempniis
303 2528 398 2564 gratulamur
405 2528 421 2557 in
428 2528 481 2562 terris,
488 2528 536 2565 ipsius
543 2528 622 2566 suffragiis
628 2529 724 2558 sulleuemur
729 2529 746 2557 in
754 2529 796 2558 celis,
817 2534 849 2564 per·

174 2566 289 2597 ⁴addedinT.
314 2566 558 2605 ᾗΕιῦἶὶιιε.ΒεΙΙ,ΧΧΙΙΙ,36,
583 2566 617 2597 ⁶E.
625 2568 662 2598 leui.
686 2564 855 2603 ⁷T.E,circumtegih

154 2606 160 2624 ⁸
170 2607 188 2638 E.
197 2608 253 2638 dextra
260 2611 298 2638 erat.
338 2607 344 2625 ⁹
355 2607 375 2639 al.
382 2608 470 2645 effigiatam.
