1762 2803
228 91 273 147 Ur
289 89 390 143 &anua
405 89 566 153 abutatur.
701 106 746 149 423

45 214 123 260 quodam
138 222 218 256 vespere
233 211 388 247 sermocinaretur
402 212 426 247 de
441 211 488 246 libro
502 211 540 248 vite
555 217 617 247 sancte
633 211 746 257 Ethelburge

46 270 68 303 de
80 278 116 311 quo
129 266 180 299 Beda
193 276 214 299 se
226 270 316 299 memorat
326 265 423 310 excepisse
432 276 468 310 que
479 265 544 300 indidit
556 265 632 300 historie
643 276 682 308 sue,
693 272 746 301 nocte

45 324 133 364 sequente
148 318 198 359 vidit,
214 328 235 352 se
250 318 273 352 ad
288 318 370 352 tumbam
386 323 448 353 sancte
461 318 538 363 virginis
554 319 667 363 Ethelburge
680 320 746 353 sedere

45 386 56 409 a
65 372 140 413 dextris,
151 376 170 406 et
180 371 285 405 Wlfrunam
296 370 387 415 virginem
398 383 409 406 a
420 371 504 407 sinistris.
528 372 600 407 Deinde
609 372 694 418 apparuit
706 372 747 417 ipsa

45 427 107 461 tumba
126 429 195 468 aperta,
214 429 232 458 et
251 424 331 467 gloriosa
344 425 397 469 virgo
415 425 499 460 adiacere
513 425 553 460 visa
572 431 600 460 est
616 425 765 465 candidissimos

45 480 113 514 lintheo
121 478 212 517 obuoluta,
220 477 265 512 etin
273 477 332 521 capite
340 477 379 512 eius
387 489 463 513 aureum
473 478 562 513 diadema.
585 478 608 512 Et
616 479 641 513 ait
649 478 746 513 Wlsruna:

46 532 124 575 ‘Accipe
144 542 154 565 a
172 530 251 574 pedibus
270 531 325 565 huius
340 532 375 566 sub
393 532 511 575 dependente
526 532 595 567 lintheo
610 532 679 567 litteras
698 543 745 577 quas

46 584 143 626 inueneris,
158 588 176 617 et
190 583 243 627 lege!
266 582 328 617 Paruit
341 583 371 618 illa
386 590 404 619 et
419 584 499 629 sigillum
514 585 587 619 sustulit
602 585 668 620 litteris
681 585 706 619 ita
718 586 746 619 in·

46 638 145 680 scriptum:
162 636 246 680 ‘Regnat
262 636 375 680 Ethelburga
390 648 432 671 cum
447 638 531 672 Christo!
562 638 585 671 Et
603 639 663 672 soluto
681 637 746 681 sigillo,

46 688 149 724 huiusmodi
163 688 232 722 seriem
247 689 308 723 aureis
322 689 388 723 litteris
403 695 459 723 totam
476 690 584 734 inscriptam
599 690 693 734 respexit:
711 690 745 724 ‘ln
756 704 774 725 ro

46 742 165 783 tribulatione,
180 741 199 776 in
215 742 309 785 angustiis,
324 742 343 776 in
358 742 503 785 necessitatibus,
517 743 536 777 in
551 743 608 777 multa
620 743 713 788 patientia,
726 744 745 778 in

46 795 186 840 longanimitate,
198 795 217 829 in
229 795 307 838 ieiuniis,
320 795 339 830 in
351 796 424 841 vigiliis,
437 795 456 831 in
470 796 563 839 charitate,
577 796 596 830 in
612 796 700 839 castitate,
711 808 746 843 per

45 860 95 884 arma
110 848 181 882 iusticie
199 860 210 882 a
229 849 299 883 dextris
316 854 334 883 et
353 860 364 883 a
383 849 472 891 sinistris;
489 854 508 883 et
525 850 604 884 libenter
618 850 710 893 gloriabor
726 851 745 884 in

45 901 179 936 infirmitatibus
195 901 247 942 meis,
261 908 281 935 vt
296 901 386 936 inhabitet
398 902 417 935 in
431 913 461 936 me
476 902 534 936 virtus
550 902 639 936 Christi.¹¹
663 903 746 947 Cumque

45 954 87 988 talia
100 959 118 988 et
133 954 186 997 plura
197 954 285 988 virtutum
299 954 422 988 instrumenta
435 954 550 998 perlegisset,
562 954 648 989 Wllruna
662 955 687 988 ita
703 956 774 1000 sub-15

45 1006 114 1040 intulit:
127 1009 132 1026 ‘
137 1006 168 1039 He
180 1011 223 1040 sunt
234 1005 311 1040 virtutes
322 1006 389 1049 quibus
401 1007 453 1041 beata
467 1007 579 1050 Ethelburga
594 1007 617 1040 ad
630 1007 677 1041 hanc
688 1007 746 1050 glorie

46 1058 172 1093 excellentiam
180 1070 216 1103 qua
223 1069 272 1091 nunc
280 1058 376 1103 preminet,
384 1060 477 1093 ascendit.¹
501 1060 558 1102 Quasi
566 1059 645 1093 diceret:
655 1060 746 1102 ‘Quesisti

46 1112 85 1147 eius
96 1112 158 1155 vitam,
171 1111 206 1146 ista
220 1116 259 1146 est:
269 1112 341 1146 imitare
354 1123 395 1146 curn
411 1113 508 1157 patientia.¹
554 1105 608 1148 Obiit
622 1118 683 1147 autern
695 1113 746 1158 virgo

45 1171 107 1200 sancta
119 1165 232 1210 Ethelburga
239 1165 303 1210 quinto
310 1165 352 1199 idus
360 1166 444 1208 octobris,
452 1167 500 1200 circa
512 1177 581 1200 annum
588 1166 657 1201 domini
668 1177 746 1201 sexcen-

45 1219 130 1253 tesimum
138 1218 294 1263 septuagesimum
303 1224 382 1253 sextum.
415 1213 500 1254 ΞΜιῶεῑ
507 1221 585 1263 quedam
594 1219 674 1254 offerens
682 1226 745 1254 sancte
756 1228 775 1250 20

46 1272 157 1315 Ethelburge
169 1272 283 1305 firmaculum
297 1277 410 1315 argenteum,
422 1279 493 1306 mortua
504 1273 527 1305 ad
539 1272 625 1306 iudicium
640 1273 715 1316 rapitur,
727 1279 746 1307 et

46 1331 109 1359 cuncta
120 1331 157 1359 tam
168 1325 216 1359 mala
226 1335 282 1369 quam
291 1325 345 1367 bona,
353 1330 430 1370 excepto
438 1324 537 1368 firmaculo,
545 1330 613 1360 statere
622 1330 745 1370 apponuntur.

46 1378 68 1410 Et
76 1388 117 1410 cum
122 1378 193 1411 videret
201 1379 250 1410 bona
257 1388 291 1410 sua
299 1378 344 1410 satis
351 1389 414 1420 pauca,
421 1379 498 1411 multum
506 1378 575 1411 timuit:
587 1384 605 1410 et
611 1379 745 1421 superueniens

46 1435 107 1463 sancta
123 1429 235 1472 Ethelburga
250 1429 365 1464 firmaculum
380 1430 399 1463 in
413 1435 481 1464 statera
493 1430 566 1474 posuit:
579 1435 597 1464 et
612 1430 661 1464 velut
676 1430 745 1465 arena³

46 1480 101 1515 maris
119 1480 173 1515 malis
191 1481 276 1516 omnibus
295 1492 331 1526 que
354 1481 385 1516 illa
408 1482 524 1517 commiserat
547 1481 621 1527 grauius
640 1483 746 1527 apparebat.
756 1489 774 1520 ²5

47 1528 129 1579 Quidam
144 1535 163 1568 in
178 1535 266 1570 extremis
281 1536 367 1570 laborans
382 1537 405 1569 ad
419 1536 505 1570 iudicium
520 1536 596 1580 rapitur,
611 1542 630 1570 et
644 1536 699 1580 penis
714 1537 745 1570 ad-

46 1587 139 1628 iudicatus,
148 1588 218 1622 meritis
226 1593 289 1622 sancte
298 1588 410 1632 Ethelburge
417 1589 454 1623 vite
462 1588 566 1623 restituitur.

68 1682 116 1725 [MS.
124 1683 145 1717 T.
153 1683 211 1718 adds:
343 1682 429 1717 Narratio
435 1683 446 1717 ⁴,

68 1742 151 1794 Quidam
169 1762 227 1785 senex
242 1750 261 1784 in
275 1750 348 1795 Egipto,
359 1756 458 1794 antequam
469 1751 540 1785 ueniret
555 1750 591 1785 illic
606 1751 663 1785 abbas
676 1750 747 1792 Pastor,

47 1801 123 1835 habebat
135 1803 220 1837 noticiam
231 1803 326 1836 hominum
335 1809 354 1836 et
363 1804 440 1836 multum
452 1804 547 1837 honorem.
570 1803 653 1846 Cumque
664 1803 747 1838 uenisset

46 1853 102 1888 abbas
111 1856 177 1888 Pastor
184 1866 226 1889 cunr
233 1855 277 1896 suis,
285 1855 393 1888 dimiserunt
405 1855 490 1888 homines
498 1854 548 1888 illum
556 1865 621 1888 senem
629 1861 647 1888 et
655 1862 746 1889 uenerunt
756 1861 775 1889 50

47 1906 69 1938 ad
77 1916 125 1941 eum.
148 1907 235 1941 Inuidens
243 1917 287 1951 ergo
295 1917 358 1947 senex,
366 1907 414 1940 male
421 1907 528 1950 loquebatur
536 1908 558 1940 de
567 1907 599 1940 eis.
622 1907 663 1940 Hoc
669 1908 746 1941 audiens

46 1958 102 1993 abbas
111 1960 180 2001 Pastor,
192 1960 333 1994 contristabatur
342 1965 360 1994 et
371 1959 416 1994 dixit
427 1959 512 1994 sratn'bus
523 1959 574 1994 suis:
586 1958 645 2001 ‘Quid
657 1958 746 1994 faciemus

47 2010 69 2043 de
81 2022 126 2046 sene
137 2013 173 2047 isto
185 2025 258 2058 magno,
266 2013 308 2058 quia
319 2024 354 2047 nos
365 2013 384 2047 in
395 2011 548 2056 tribulacionem]
560 2011 650 2046 miserunt
662 2012 746 2047 homines

46 2063 194 2109 derelinquentes
210 2077 274 2101 senem
292 2072 310 2101 et
327 2067 350 2100 ad
369 2077 403 2100 nos
418 2066 449 2109 qui
465 2065 521 2099 nichil
538 2076 603 2099 sumus
618 2066 746 2100 attendentes?

47 2120 138 2158 quomodo
151 2120 258 2162 pos(sumus
274 2131 339 2154 sanare
353 2120 416 2154 eumi'
440 2119 463 2153 Et
478 2118 523 2152 dixit
538 2118 575 2153 eis:
590 2118 663 2152 ‘Facite
678 2118 745 2163 aliquid
755 2123 774 2153 35

48 2170 70 2202 ad
78 2173 189 2213 gustandum
200 2178 218 2206 et
227 2172 284 2207 tollite
292 2172 387 2206 uasculum
394 2172 437 2212 uini,
446 2178 464 2207 et
472 2182 535 2206 eamus
543 2172 565 2206 ad
574 2182 615 2206 eum
624 2176 642 2205 et
650 2176 747 2214 gustemus

47 2221 111 2257 simul:
122 2224 198 2258 forsitan
208 2236 242 2270 per
252 2225 286 2259 hec
297 2226 404 2270 poslsumus
414 2236 480 2259 sanare
491 2224 572 2258 animum
581 2224 632 2258 eius!
649 2224 673 2266 (T
674 2224 746 2259 ulerunt

48 2285 91 2318 ergo
106 2278 167 2320 cibos3
182 2284 200 2312 et
215 2288 256 2312 cum
272 2279 386 2323 puls)assent
401 2279 423 2312 ad
438 2278 518 2319 (ostium)
534 2277 590 2318 senis,
606 2277 651 2311 dixit
668 2277 746 2321 discipu-

47 2326 75 2361 lus
83 2328 132 2365 eius:
146 2330 191 2373 ‘Qui
199 2331 244 2365 estis
252 2332 307 2366 uosl’
335 2330 358 2365 Et
369 2330 406 2366 illi:
419 2330 463 2365 ‘Dic
475 2330 534 2365 abbati
546 2329 588 2375 quia
596 2329 674 2373 (Pastor)
683 2336 716 2372 est,
729 2336 747 2365 et

47 2380 138 2417 desiderat
149 2384 232 2419 benedici
246 2396 281 2428 per
293 2386 338 2419 uos.¹
361 2384 402 2427 Quo
415 2384 481 2425 audito,
493 2383 586 2417 mandauit
598 2394 657 2418 senex
672 2383 746 2419 dicens:
755 2390 776 2420 40

48 2432 114 2477 ‘Vade,
120 2437 163 2481 quia
172 2438 223 2482 (non)
232 2438 288 2472 michi
296 2438 358 2472 uacat.¹
382 2437 411 2471 llli
420 2443 481 2471 autem
489 2441 629 2480 perseuerantes
637 2436 655 2470 in
664 2443 747 2472 caumate

67 2507 169 2543 ¹2Cor.Vl.
214 2512 303 2543 ²Thesoll.
312 2522 343 2542 om.
351 2512 367 2542 in
375 2512 415 2542 Boll.
461 2512 567 2542 ³T.harena.
615 2511 655 2542 Ι(Ξῖ.
663 2512 695 2542 vit.
704 2513 746 2544 Patr.

47 2551 204 2591 nemetiam)-
