1762 2803
230 114 275 169 Da
290 111 390 166 aaron
407 111 552 170 cathamo.
698 127 740 170 223

38 234 90 269 solita
102 233 156 279 potiri
167 235 214 271 lecit.
237 235 305 281 Sepius
316 234 395 279 denique
406 235 425 269 in
437 241 478 270 cetu
490 234 566 270 fratrum
575 235 598 270 de
608 234 670 280 rcgula
679 235 742 278 dispu-

37 293 84 331 tans,
96 299 138 323 cum
150 290 243 324 acerrimis
257 288 420 324 contradicentium
433 288 538 333 fatigaretur
553 289 629 330 iniuriis,
642 289 742 333 exurgebat

38 348 115 385 repente
127 347 145 376 et
156 343 227 386 placido
238 344 289 377 vultu
301 354 322 376 ac
331 342 393 376 animo
402 342 500 386 egrediens
508 343 610 377 dimittebat
619 346 742 376 conuentum:

38 401 56 430 et
64 400 153 440 sequente
161 395 289 431 nichilominus
297 397 332 438 die,
341 395 393 441 quasi
401 396 425 430 nil
434 396 540 431 obiectionis
548 395 637 441 pristine¹
645 394 742 430 sustinuis-

38 454 72 490 set,
80 450 150 490 eadem,
160 460 195 492 que
205 450 262 493 prius,
272 450 341 484 monita
352 449 422 483 eisdem
433 449 545 484 auditoribus
558 450 624 492 dabat,
639 449 698 482 donec
710 458 742 482 eos
752 458 760 488 5

37 502 125 544 paulatim
139 503 222 536 modesta
237 502 327 546 pacientie
342 513 375 535 sue
390 502 456 536 virtute
471 508 489 536 et
500 502 605 545 quotidiano
619 501 706 534 exercitio
719 501 742 533 ad

38 553 119 587 melioris
132 553 233 597 propositi²
244 559 311 588 statum
324 559 342 587 et
355 554 378 587 ad
392 553 425 588 ea³
440 565 475 599 que
486 554 542 590 vellet
553 559 675 589 conuerteret.
698 553 742 587 Erat

38 616 118 650 namque
133 606 223 650 pacientie
237 607 304 642 virtute
321 608 424 651 precipuus
435 613 490 650 atque
506 607 529 641 ad
546 607 655 650 perferenda
672 605 743 640 sortiter

38 659 105 701 omnia,
117 670 153 703 que
165 659 194 693 uel
207 659 268 694 animo
281 659 311 694 vel
327 660 398 704 corpori
410 661 487 695 aduersa
498 661 633 704 ingerebantur,
644 658 743 694 inuictissi-

38 722 85 755 mus,
97 723 131 747 nec
143 712 203 747 minus
215 713 263 747 inter
273 713 331 747 tn'stia
343 713 408 747 faciem
423 713 499 747 hilarem
515 714 641 757 pretendebat.
669 712 707 747 Sed
724 719 742 747 et
753 724 771 746 ιο

38 764 141 808 vigiliarum
152 771 206 810 atque
217 766 304 800 orationis
314 767 340 800 ita
351 766 443 800 studiosus
454 766 550 807 existebat,
558 771 578 800 vt
588 766 696 810 aliquotiens
704 771 743 800 tres

39 818 78 852 siue
93 824 169 862 quatuor
181 824 244 854 noctes
256 818 351 853 continuas
361 819 439 863 peruigil
451 818 576 863 transegisse*
587 819 675 853 credatur.
698 818 743 853 Mis·

38 882 100 906 sarum
117 882 189 916 quoque
207 872 310 916 solempnia
327 872 428 914 celebrans,
447 882 563 916 nequaquam
582 872 622 906 sine
638 870 744 916 prolusione

39 924 174 968 lachrymarum
183 925 264 959 officium
273 924 351 967 implere
358 924 435 959 valebat,
457 924 542 958 Affabilis
550 930 589 957 erat
596 924 687 964 omnibus,
695 929 713 956 et
721 925 744 956 ad

39 977 153 1020 arguendum
160 982 259 1019 peccantes
266 975 353 1018 feruidus,
361 976 384 1010 ad
394 975 526 1020 ignoscendum
537 975 662 1019 penitentibus
671 975 744 1009 modes·
754 988 771 1018 15

39 1033 74 1062 tus.
96 1028 230 1063 Confitentibus
242 1028 276 1062 sibi
287 1035 362 1072 peccata
375 1039 414 1069 sua,
425 1029 476 1072 prior
487 1028 528 1072 ipse
540 1029 631 1062 miserans
640 1029 745 1072 lachrymas

39 1080 132 1123 fundebat,
144 1086 163 1115 et
178 1081 221 1124 quid
237 1080 329 1125 peccatori
346 1082 437 1125 agendum
454 1086 509 1124 esset,
520 1081 561 1126 ipse
578 1081 637 1115 iustus
653 1091 687 1115 suo
702 1091 745 1126 pre-

39 1132 148 1168 monstrauit
161 1134 252 1178 exemplo.
280 1133 400 1169 Vestimentis
415 1136 499 1170 utebatur
515 1135 648 1176 communibus,
659 1135 684 1170 ita
700 1140 745 1169 tem·

39 1193 126 1231 peranter
141 1198 199 1231 agens
210 1192 230 1223 vt
245 1187 310 1222 horum
326 1198 386 1231 neque
403 1188 505 1229 mundiciis,
517 1199 577 1232 neque
593 1188 678 1222 sordibus
694 1194 744 1222 esset

39 1240 129 1275 notabilis.
159 1240 213 1275 Vnde
232 1241 251 1275 in
262 1241 328 1276 eodem
346 1241 458 1275 monasterio
480 1240 574 1275 obseruari
596 1242 635 1275 eius
659 1242 745 1285 exemplo
753 1257 773 1278 ιο

40 1293 110 1328 solebat
121 1304 145 1328 ne
157 1294 198 1337 quis
209 1294 254 1329 varii
268 1294 334 1328 coloris
349 1300 379 1328 aut
392 1293 471 1338 preciosi
484 1294 550 1329 habeat
565 1294 699 1337 indumentum,
711 1295 744 1329 sed

40 1357 62 1380 ea
73 1346 153 1380 maxime
164 1347 244 1379 vestium
255 1346 317 1389 specie
328 1347 365 1379 sint
376 1347 456 1379 contenti
466 1357 521 1389 quam
531 1347 619 1380 naturalis
629 1346 690 1379 ouium
702 1346 745 1379 lana

40 1396 187 1431 ministrat—¹⁵
193 1390 281 1441 Suscepit
294 1404 356 1431 autem
368 1398 449 1431 habitum
463 1398 590 1433 monachalem
601 1398 620 1432 in
633 1399 745 1432 monasterio

40 1450 155 1484 mailrosensi
174 1461 222 1485 anno
241 1450 309 1484 domini
326 1452 461 1485 sexcentesimo
482 1450 700 1494 quinquagesimoprimo,
722 1451 746 1484 ab

40 1504 120 1537 aduentu
130 1504 187 1537 sancti
197 1502 296 1546 Augustini
305 1503 324 1537 in
332 1502 420 1546 Angliam
429 1512 478 1536 anno
489 1501 710 1546 quinquagesimoquinto,
722 1513 745 1537 ex
755 1519 773 1548 ¹5

41 1566 77 1601 quo
91 1561 151 1590 autem
166 1566 213 1601 gens
231 1555 436 1591 Northanhumbrorum
452 1566 487 1602 per
503 1560 587 1592 sanctum
603 1555 711 1592 Oswaldum
728 1562 746 1591 et

41 1611 135 1644 Aidanum
146 1611 203 1644 fidem
215 1610 282 1644 Chn'sti
293 1610 375 1654 suscepit
386 1610 542 1653 septimodecimo.
568 1610 650 1645 Peractis
665 1621 710 1644 uero
726 1609 746 1644 in

42 1664 107 1696 eodem
120 1662 232 1696 monasterio
246 1663 382 1706 quatuordecim
396 1662 455 1704 annis,
468 1663 568 1697 translatus
581 1663 621 1696 est⁸
633 1663 656 1696 ad
673 1673 746 1696 monas-

42 1715 108 1750 terium
118 1715 271 1751 lindisfarnense:
283 1715 351 1750 ibidem
360 1715 457 1750 duodecim
467 1716 520 1750 annis
531 1716 642 1761 prepositus,
652 1716 718 1751 tratres
727 1716 746 1749 in

42 1768 92 1802 omni
109 1768 146 1802 vite
162 1768 257 1803 sanctitate
273 1768 382 1803 informauit.
426 1761 485 1803 Anno
503 1775 564 1803 autem
582 1769 651 1803 domini
670 1779 776 1811 seneen-30

41 1822 108 1856 tesimo
130 1822 324 1864 septuagesimosexto,
342 1821 461 1854 monachatus
485 1822 515 1855 sui
533 1821 674 1855 vicesimosexto
693 1832 747 1862 anno,

41 1874 115 1907 intrauit
133 1872 212 1906 insulam
229 1872 294 1914 Farne,
306 1878 349 1907 ante
363 1873 424 1916 ipsum
443 1873 579 1906 inhabitabilem
597 1879 673 1916 propter
689 1873 747 1907 fanta-

43 1924 80 1959 sias
92 1926 201 1958 demonum:
214 1924 241 1958 Ibi
252 1935 286 1968 per
297 1934 364 1958 nouem
374 1934 433 1958 annos
445 1924 492 1958 mira
501 1924 557 1958 animi
569 1924 661 1958 alacritate
671 1924 746 1958 domino

43 1977 142 2012 militauitt.
161 1977 176 2011 F
176 1988 221 2011 arne
229 1982 290 2011 autem
298 1977 363 2012 dicitur
370 1977 429 2011 insula
437 1977 498 2011 medio
505 1977 524 2011 in
532 1978 578 2012 mari
586 1977 651 2023 posita,
659 1988 696 2022 que
703 1988 747 2020 non,

43 2031 89 2065 sicut
101 2029 279 2064 Lindissarnensium
291 2030 346 2075 regio,
356 2031 384 2064 bis
397 2030 483 2074 quotidie,
493 2031 592 2065 accedente
601 2036 642 2065 estu
651 2030 745 2064 occeani—
755 2044 774 2075 35

43 2094 99 2128 quem
110 2094 174 2119 reuma
181 2089 246 2119 vocant
256 2083 352 2119 Greci-lit
363 2083 428 2127 insula,
440 2083 469 2117 bis
478 2083 572 2119 renudatis
579 2085 658 2118 abeunte
665 2088 747 2118 reumate

43 2137 140 2179 littoribus,
152 2136 236 2181 contigua
247 2142 297 2171 terre
309 2138 397 2181 redditur,
409 2143 481 2183 septem
496 2138 596 2172 miliaribus
609 2148 643 2182 per
658 2138 746 2172 ambitum

44 2201 65 2225 se
84 2191 187 2224 extendens
193 2190 205 2232 ⁷,
221 2191 255 2224 sed
273 2190 340 2234 aliquot
357 2190 430 2225 milibus
447 2201 535 2235 passuum
551 2191 574 2224 ab
591 2190 625 2224 hac
640 2189 747 2224 semiinsula

44 2244 67 2277 ad
75 2254 139 2277 eurum
148 2248 224 2285 secreta,
232 2247 250 2276 et
258 2243 300 2277 hine
308 2244 396 2277 altissimo
404 2248 423 2277 et
432 2243 475 2278 inde
484 2243 554 2277 infinito
563 2242 652 2277 clauditur
662 2252 748 2276 occeano.

43 2295 136 2330 ⁸V0catur
143 2300 204 2330 autem
212 2295 334 2337 Lindisfeme,
341 2296 373 2330 vbi
381 2296 472 2339 quondam
482 2296 543 2330 nobile
553 2296 683 2329 monachorum
694 2295 748 2328 colle-
756 2311 777 2342 40

44 2348 95 2393 glum
107 2354 125 2382 et
134 2349 189 2383 sedes
200 2347 308 2392 episcopalis
318 2353 362 2391 erat,
373 2348 466 2383 alluuiolo
477 2348 545 2383 scilicet
559 2347 628 2389 Lindis,
639 2347 749 2382 decurrente

44 2402 64 2436 in
76 2411 133 2445 mare,
145 2401 176 2446 qui
191 2402 268 2436 duorum
283 2401 352 2446 pedum
369 2401 440 2436 habens
456 2400 574 2443 latitudinem,
586 2400 621 2435 nisi
638 2411 680 2435 cum
697 2411 749 2436 mare

64 2479 121 2510 ¹Bed.
129 2480 185 2518 pridie.
216 2479 337 2517 ’Epreposith
368 2479 448 2510 'Beana
474 2479 622 2517 ‘Etranssegisse
659 2479 684 2497 ³·³
692 2480 750 2510 Added

45 2520 85 2550 from
93 2520 135 2550 llist.
143 2519 184 2550 Eccl.
193 2519 235 2551 Dun.
242 2519 254 2549 1.
261 2529 276 2557 3.
306 2518 347 2549 ‘est
354 2529 385 2550 om.
393 2520 409 2550 in
416 2520 434 2552 T.
465 2517 700 2559 'septem-extendenssrom
707 2521 751 2554 ctist,

46 2560 88 2591 Dun.
116 2559 123 2578 ³
132 2560 190 2590 Added
196 2561 237 2590 lrom
243 2559 286 2590 nist.
294 2559 336 2590 Dun.
344 2559 365 2590 ll.
372 2568 387 2599 5.
