1762 2803
137 164 179 218 382
207 241 208 244 Ἴ
327 159 646 224 annotatiunculae.

137 291 251 328 construens
261 297 281 321 se
293 286 372 329 inclusit,
382 290 400 321 et
411 286 471 331 rigore
481 285 582 320 incredibili
594 296 660 331 corpus
672 296 726 322 suunt
737 286 809 322 ieiuniis
821 291 840 322 et

137 341 248 375 abstinentia
260 341 329 375 afflixit.
352 340 473 375 Confluebant
488 341 511 374 ad
527 351 569 374 eum
584 340 602 374 in
616 340 668 375 breui
682 340 753 375 nobiles
766 341 840 385 quique,

138 404 212 428 suarum
225 394 301 428 vulnera
314 393 416 428 animarum
430 395 538 438 detegentes
555 399 573 428 et
588 394 686 429 consilium
701 395 765 429 salutis
779 395 802 428 ab
818 405 840 428 eo

138 446 271 489 perquirentes.
293 447 347 479 Vnde
362 446 430 479 facturn
443 452 471 479 est
484 452 503 480 vt
518 457 555 480 nou
570 456 627 489 parua
640 447 772 480 monachorum
787 447 841 480 turba

121 504 129 533 5
138 499 185 533 infra
193 503 266 543 tempus
274 499 361 542 exiguum
368 498 437 533 ibidem
446 505 556 543 congregata
566 505 621 533 esset.
645 500 733 543 Culpabat
743 500 793 533 enim
803 510 841 533 non

138 551 235 594 modicum,
246 551 276 596 qui
288 553 390 586 secularem
402 552 484 586 habitum
496 558 588 587 mutarent
600 557 618 586 et
627 553 684 587 uitam
696 563 733 587 non
744 557 842 589 mutarent.

139 605 179 638 ‘An
188 615 231 647 non,
239 604 302 648 inquit,
310 604 401 640 mendacii
413 605 480 649 plenus
490 605 523 640 tibi
530 605 602 640 videtur
612 606 643 650 qui
653 607 702 650 quod
712 617 749 640 non
761 611 789 640 est
799 616 842 641 esse

139 669 159 692 se
166 663 245 693 ostentat
251 659 261 701 ¹,
268 659 363 694 cumaliud
370 659 444 693 simulat
452 658 471 692 in
478 665 536 701 veste,
545 660 594 693 aliud
601 665 660 703 gestat
668 659 686 693 in
695 660 761 694 corde?
784 660 842 693 Sanc-

138 711 185 745 tius²
192 716 221 744 est
230 712 279 745 enim
286 717 358 746 vestem
369 722 406 745 non
417 717 493 754 mutare,
503 723 557 757 quarn
567 714 601 747 sub
608 718 660 747 veste
668 713 725 747 vitam
736 713 841 757 negligere!

113 773 131 794 10
139 765 186 799 Cum
197 770 264 807 autem,
274 765 390 808 amplissima
403 765 498 798 mansione
510 765 607 808 perfectass,
618 766 721 800 sobrietatis
732 767 793 809 legem
805 766 842 799 dis-

139 817 204 862 cipulis
216 817 317 859 indixisset,
328 822 382 862 atque
394 818 477 852 carnales
488 817 580 862 appetitus
591 818 685 852 refrenare
697 818 794 862 docuisset,
802 819 843 863 ipse

139 871 159 905 in
174 877 270 915 angustam
285 872 415 905 domunculam
430 882 451 905 se
466 872 551 914 reclusit,
571 882 652 906 summas
668 876 729 906 tamen
745 882 809 906 causas
824 877 843 907 et

140 925 213 969 negotia
226 926 248 958 ad
261 935 304 959 eum
317 925 383 959 fratres
396 925 506 959 referebant.
530 924 614 969 Plerique
628 924 698 959 interea
712 925 843 960 monachorum

140 979 184 1013 fidei
199 984 217 1012 et
231 979 351 1022 professionis
366 978 490 1020 immemores,
502 977 567 1012 laxatis
583 977 686 1012 obedientie
701 978 763 1020 frenis,
778 978 843 1013 mediis

115 1041 133 1072 15
141 1032 225 1066 noctibus
239 1031 316 1066 surtinos
330 1031 380 1066 cibos
395 1032 455 1074 edere,
469 1030 552 1065 ebrietati
568 1042 644 1075 operam
659 1032 708 1073 darc,
722 1031 812 1073 lasciuire,
826 1036 844 1065 et

141 1095 218 1128 prorsus
227 1096 262 1128 que
272 1084 370 1118 inhonesta
379 1089 426 1126 sunt,
436 1090 525 1128 quantum
532 1085 592 1120 latens
600 1084 675 1118 audacia
686 1085 763 1125 sinebat,
771 1084 844 1128 operari

142 1142 230 1180 ceperunt
235 1139 246 1170 ⁴.
264 1137 286 1170 In
294 1137 345 1171 cuius
350 1137 424 1170 sceleris
429 1137 525 1180 capitalem
532 1136 559 1170 ira
563 1136 593 1170 dei
598 1136 669 1171 deseuit
674 1136 742 1180 pariter
748 1142 766 1171 et
774 1136 844 1171 occidit.

142 1189 201 1223 Nocte
211 1200 256 1224 vero
269 1191 347 1234 quadam
361 1190 444 1234 Elphego
457 1200 509 1224 more
522 1189 575 1224 solito
587 1200 649 1224 sacras
663 1189 750 1224 excubias
761 1190 844 1233 faciente,

141 1253 197 1277 voces
211 1247 229 1277 et
242 1242 330 1286 strepitus
342 1242 390 1276 infra
402 1242 533 1276 monasterium
547 1243 620 1276 audiuit.
644 1243 679 1284 Qui
692 1243 741 1276 foras
753 1254 844 1287 egressus,

116 1306 135 1326 20
142 1295 216 1330 fratrem
223 1297 315 1340 quendam
320 1295 389 1331 misere
395 1295 481 1332 afflictum
487 1300 505 1330 et
511 1296 564 1340 [solo]
573 1295 663 1330 iacentem
669 1296 719 1337 vidit,
726 1307 782 1341 super
790 1307 845 1341 quem

142 1348 212 1384 horridi
219 1354 305 1393 aspectus
313 1355 331 1384 ct
340 1349 462 1385 sordidissimi
471 1350 548 1384 amictus
557 1350 641 1384 homines
651 1351 728 1391 stabant,
736 1350 767 1394 qui
777 1349 845 1384 taureis

144 1414 186 1436 eum
197 1408 251 1445 atque
263 1402 324 1445 ignitis
336 1403 454 1446 serpentibus
465 1403 587 1446 flagellabant.
610 1401 705 1437 Eiulante⁶
713 1407 774 1436 autem
785 1402 816 1436 illo
828 1408 846 1436 et

144 1466 177 1499 pre
189 1455 256 1488 doloris
269 1456 353 1498 angustia
364 1455 414 1489 diros
424 1455 503 1489 ululatus
517 1454 617 1496 emittente,
628 1460 707 1489 tortores
719 1455 745 1489 illi
757 1455 799 1489 talla
812 1455 846 1488 im-

143 1508 260 1552 properando
268 1508 364 1542 dixerunt:
377 1509 426 1542 ‘Nec
437 1514 457 1542 tu
469 1508 558 1542 obedisti⁴
570 1509 609 1548 deo,
620 1519 653 1542 nec
666 1519 699 1542 nos
711 1507 753 1541 tibi.¹
777 1507 800 1541 Et
812 1508 847 1542 hec

118 1571 135 1602 ²⁵
145 1562 232 1602 dicentes,
238 1562 317 1595 animam
323 1562 346 1595 de
352 1572 429 1605 corpore
436 1561 571 1595 excusserunt⁰.
583 1561 637 1603 Quod
642 1560 707 1595 videns
713 1566 793 1603 sanctus,
798 1565 847 1595 totus

145 1614 164 1648 in
170 1614 274 1656 lachrymas
280 1614 371 1648 resolutus
378 1613 431 1648 rediit
437 1614 460 1648 ad
466 1613 531 1647 cellam
538 1624 596 1648 suam.
609 1613 707 1647 Videntes⁷
714 1618 775 1647 autern
781 1613 847 1648 fratres

145 1678 181 1711 que
189 1672 241 1709 gesta
249 1672 296 1708 sunt,
303 1677 384 1700 errorem
392 1666 457 1700 suum⁸
466 1666 549 1705 fatentur,
555 1672 573 1699 et
580 1667 700 1709 penitentiam
708 1672 784 1708 agentes
791 1666 847 1699 vitam

145 1720 164 1753 in
183 1718 250 1753 mellus
265 1722 403 1753 commutarunt.
448 1711 525 1752 Mortuo
542 1724 604 1752 autern
620 1718 745 1753 Wintoniensi
760 1718 848 1762 episcopo

147 1772 266 1815 Ethelwoldo,
278 1772 325 1806 facta
336 1777 364 1806 est
376 1783 413 1806 non
425 1771 497 1806 modica
507 1771 599 1806 contentio
611 1782 645 1816 pro
657 1771 748 1816 pontificis
759 1770 848 1807 electione

119 1825 193 1864 30inter
211 1826 312 1859 monachos
330 1830 349 1859 et
367 1825 449 1860 clericos.
477 1825 572 1869 Siquidem
589 1824 752 1869 clericieiusdem
771 1825 849 1859 ecclesie

146 1877 307 1914 sceleratissimam
319 1878 376 1913 vitam
389 1884 470 1923 agentes,
481 1883 545 1913 contra
558 1889 649 1913 canonum
662 1883 729 1913 statuta
742 1888 776 1923 per
787 1877 849 1912 omnia

146 1932 234 1971 uiuentes,
242 1942 284 1965 cum
291 1942 303 1964 a
309 1932 380 1975 prefato
389 1932 469 1966 antistite
479 1932 542 1975 sepius
553 1932 632 1975 correpti
641 1942 710 1975 prauos
721 1942 783 1965 mores
793 1931 849 1965 corri-

146 1994 190 2027 gere
201 1984 275 2023 nollent,
286 1984 342 2018 immo
353 1995 389 2027 que
400 1995 458 2028 praue
469 1990 565 2027 gesserant
574 1985 663 2027 pertinaci
674 1983 739 2027 spiritu
749 1984 849 2017 defendere

146 2037 220 2078 vellent,
235 2036 292 2080 regali
307 2036 401 2071 sanctione
416 2037 510 2072 decretum
525 2037 569 2071 fuit⁹
583 2048 616 2071 eos
632 2037 709 2079 extrudi,
725 2042 743 2072 et
758 2037 803 2072 alios
818 2037 849 2081 qui

120 2098 138 2127 35
147 2090 240 2133 digniores
250 2095 314 2123 essent
323 2101 388 2123 eorum
395 2090 436 2124 vice
446 2090 497 2134 fungi
506 2091 579 2124 debere.
601 2090 665 2133 Itaque
676 2089 747 2124 clericis
758 2090 777 2123 in
789 2096 850 2125 exter·

148 2141 224 2177 minium
239 2141 292 2185 datis,
306 2142 394 2178 timentes
411 2142 506 2178 dominum
522 2141 607 2176 monachi
623 2142 747 2177 admittuntur¹
770 2143 799 2177 Ex
814 2154 850 2188 quo

147 2195 851 2241 factumestutinelectioneepiscopiclericiclericum,monachlmonachum,

148 2250 220 2291 utrique
231 2259 264 2282 sue
272 2249 370 2283 voluntatis
381 2250 470 2283 fautorem
479 2249 552 2283 vellent.
575 2249 628 2291 Quod
637 2249 703 2283 videns
714 2255 788 2284 sanctus
799 2249 851 2283 Dun-

149 2308 218 2344 stanus,
224 2302 247 2334 ad
253 2301 340 2336 orationis
348 2301 438 2345 refugium
445 2312 466 2335 se
474 2302 554 2343 contulit,
560 2302 621 2344 deum,
628 2303 657 2335 cui
665 2301 766 2337 futurorum
775 2303 851 2337 scientia

120 2367 141 2396 40
148 2359 203 2398 patet,
210 2353 316 2398 supplicans
322 2354 407 2398 quatinus
415 2355 521 2398 dignaretur
528 2357 627 2389 ostendere
635 2356 675 2399 quis
683 2356 765 2398 regende
773 2355 851 2389 ecclesie

149 2406 292 2451 dignusmforet.
315 2406 851 2452 Cumqueprecesdeodeuotemultiplicaret,apparuitslbi

149 2459 235 2494 Andreas
253 2460 351 2503 apostolus,
366 2461 397 2494 tali
416 2460 489 2494 oraculo
507 2471 561 2495 usus:
582 2460 645 2503 ‘Quid
659 2460 722 2504 inquit,
737 2460 851 2503 charissime,

169 2526 289 2558 ¹E.0stendat.
325 2527 381 2558 lBoll.
389 2528 447 2558 Satius.
486 2529 618 2566 ³E.perfeclam.
659 2529 777 2559 ⁴om.inBoll.
816 2528 852 2559 tE.

150 2566 243 2604 Euigilante.
277 2567 557 2606 ⁶Boll.captiuumextrahuntloco.
593 2566 724 2600 'alludentes
761 2568 851 2599 tasum.

150 2607 156 2625 ⁹
167 2607 187 2638 al.
194 2606 249 2637 tuerat.
290 2607 301 2625 ¹⁰
312 2608 331 2639 al.
340 2607 412 2640 idoneus.
