1762 2803
119 118 173 190 '118
219 200 221 204 ,
322 145 401 196 mora
417 137 533 205 triento
548 140 648 203 auctir.

129 265 223 299 videntem
237 264 304 299 ibidem
317 263 412 299 ordinauit.
435 263 574 297 Extendebatur
587 267 648 296 autem
662 259 740 295 diocesis
753 271 786 294 sua
802 270 831 293 se-

130 318 210 352 cundum
216 317 283 352 limites
290 317 403 352 cambrensis
410 316 467 360 regni,
472 327 483 349 a
491 326 544 350 muro
550 316 619 350 scilicet
625 316 656 348 illo
663 315 733 349 famoso
738 316 761 348 ad
768 324 831 348 arcen-

130 372 174 405 dum
182 371 245 405 hostes
255 382 265 404 a
273 370 378 405 Britonibus
386 371 450 404 amari
460 370 482 403 ad
492 379 542 403 mare
553 369 646 412 quondam
655 372 764 410 constructo,
772 378 831 411 usque

131 425 154 458 ad
166 423 235 457 flumen
247 424 338 464 ferdense,
352 423 370 456 id
382 427 416 464 est,
428 423 451 455 ad
463 433 514 455 mare
527 422 619 455 scoticum.
663 413 722 455 Anno
733 420 787 454 etatis
799 430 832 453 sue

114 476 218 516 5vicesimo
231 476 294 519 quinto
307 481 424 509 consecratus
438 479 466 507 est
480 474 588 517 episcopus:
606 480 624 507 et
637 473 687 507 omni
700 478 784 516 tempore
795 472 832 506 vite

131 538 165 563 sue
174 534 216 572 post
225 528 310 568 triduum,
319 532 337 562 et
345 527 454 562 multociens
465 526 581 569 quatriduum
586 524 597 569 ¹,
605 525 665 559 cibum
673 525 757 570 sumpsit,
765 535 832 570 panem

132 581 201 615 scilicet
211 585 228 614 et
237 580 270 622 lac,
279 580 307 615 vel
318 590 398 621 caseum,
407 583 437 613 aut
446 578 532 612 butirum.
554 579 572 612 A
580 578 665 612 carnibus
675 584 693 613 et
700 578 748 618 vino,
756 583 774 611 et
783 577 833 610 omni

132 634 181 678 quod
191 633 282 667 inebriare
289 638 354 677 potest,
363 632 437 666 omnino
447 633 537 666 abstinuit.
561 632 582 665 Si
592 643 636 665 vero
644 631 662 664 in
672 631 742 673 itinere,
751 637 780 665 aut
791 640 833 664 cum

132 698 176 731 rege
184 692 237 729 esset,
246 697 256 720 a
265 691 351 720 consueto
359 685 419 729 rigore
427 684 535 719 abstinendo
545 695 565 719 se
573 685 691 728 temperabat.
715 684 833 718 Postmodum

106 755 124 775 10
132 745 194 773 tamen
205 740 228 772 ad
241 750 274 772 sua
284 749 387 782 regressus,
395 739 446 781 quasi
458 739 524 781 graue²
535 738 605 771 crimen
617 739 661 772 illud
673 737 691 771 in
703 749 724 771 se
734 737 833 778 vindicans,

132 791 261 826 abstinentiam
276 791 378 835 ampliabat.
422 784 514 825 Vtebatur
527 791 550 824 ad
564 801 638 825 carnem
652 791 753 833 asperrimo
766 789 833 831 cilici03

132 844 199 878 deinde
211 844 278 877 melote
289 855 313 878 ex
325 844 403 887 pellibus
414 842 493 886 caprinis
504 842 590 883 confecto,
600 847 618 877 et
626 843 695 877 cuculla
703 842 770 885 stricta,
778 852 835 885 super

132 907 188 942 quam
199 897 240 930 alba
252 898 329 931 candida
337 902 436 939 contectus,
445 896 510 930 stolam
518 895 584 939 iugiter
592 897 684 939 gestabat3
697 901 716 930 et
723 895 834 939 pastoralem

132 952 208 994 virgam,
221 961 258 983 non
272 951 362 994 spericam
377 955 395 983 et
408 955 490 983 auratam
505 960 526 982 ae
541 955 657 992 gemmatam,
673 951 705 983 sed
721 950 744 982 de
756 948 835 992 simplici

106 1010 124 1041 15
133 1002 188 1047 ligno,
196 1006 266 1035 tantum
277 1003 375 1044 reflexam,
388 1002 458 1035 habens
467 1002 486 1035 in
497 1012 552 1035 manu
564 1003 630 1035 librum
642 1002 751 1043 manualem,
761 1012 836 1044 semper

133 1059 207 1098 paratus
218 1055 241 1089 ad
252 1055 373 1089 ministerium
384 1065 443 1096 suum,
454 1065 496 1088 cum
508 1056 609 1088 necessitas
620 1061 651 1089 aut
662 1056 708 1088 ratio
720 1055 834 1099 deposcebat.

135 1101 210 1142 Iacebat
225 1113 286 1141 autem
301 1109 320 1141 in
338 1118 384 1141 sano
401 1108 459 1142 instar
476 1108 590 1142 monumenti
608 1114 677 1149 cauato,
693 1109 763 1142 habens
781 1107 835 1151 capiti

133 1160 219 1205 lapidem,
228 1165 245 1194 et
257 1160 342 1204 proiectis
354 1160 451 1203 aliquantis
463 1160 554 1193 cineribus
562 1165 580 1194 et
588 1160 645 1194 cilicio
657 1161 749 1195 substrato
754 1161 766 1203 ⁸,
775 1161 835 1204 potius

134 1224 232 1255 sompnum
243 1213 350 1255 hauriendo,
361 1224 416 1256 quam
427 1215 525 1255 carpendo,
537 1224 558 1246 se
567 1225 578 1246 a
588 1225 655 1256 sopore
667 1214 774 1247 excutiebat.
797 1215 836 1247 Sic·

107 1277 126 1296 20
134 1276 170 1308 que
182 1265 248 1297 hausto
259 1266 331 1298 modice
343 1265 409 1307 quietis
422 1275 493 1308 sopore,
506 1267 575 1299 nudum
587 1266 606 1298 in
620 1266 672 1308 aquis
684 1266 755 1308 frigidis
769 1277 789 1300 se
803 1266 836 1299 im-

134 1328 227 1360 mergens,
235 1322 292 1351 totum
300 1317 407 1361 psalterium
418 1318 530 1352 decantabat.
554 1317 608 1352 Hanc
617 1319 667 1353 enim
678 1318 836 1360 consuetudinem,

135 1372 170 1404 nisi
187 1369 253 1404 itinera
269 1375 299 1404 aut
315 1370 428 1413 egritudines
446 1371 566 1414 prohiberent
583 1372 693 1416 corporales,
709 1383 743 1406 nec
761 1372 836 1417 grando,

135 1425 172 1464 nix,
180 1427 211 1455 aut
221 1422 283 1466 pluuia
293 1423 406 1466 aliquatenus
418 1423 526 1456 defraudare
537 1429 632 1467 poterant3
649 1425 682 1458 sed
694 1430 712 1458 et
724 1430 766 1458 tunc
777 1424 837 1467 aliquo

135 1475 224 1519 spirituali
232 1476 318 1509 exercitio
329 1486 376 1519 opus
384 1475 428 1509 illud
439 1476 543 1509 redimebat.
567 1476 642 1519 Sopitus
650 1476 710 1510 enim*
718 1482 756 1510 erat
766 1477 785 1510 in
798 1488 836 1510 cor·

108 1544 126 1572 ²5
136 1537 181 1569 pore
195 1537 228 1560 suo
242 1527 326 1561 stimulus
340 1528 400 1561 carnis
413 1528 484 1561 omnis:
500 1529 549 1561 vnde
564 1533 582 1561 et
595 1529 635 1562 vice
649 1530 727 1572 quadam
743 1529 838 1572 discipulis

136 1579 174 1614 suis
182 1579 290 1623 simpliciter
299 1580 382 1621 asseruit,
390 1591 427 1613 non
439 1579 517 1623 amplius
528 1579 551 1613 ad
562 1579 698 1623 speciosissime
709 1581 770 1624 puelle
777 1580 837 1615 visum

136 1633 166 1667 vel
174 1637 247 1675 tactum,
257 1644 312 1676 quam
320 1633 343 1665 ad
351 1633 444 1666 durissimi
452 1633 517 1677 lapidis
522 1632 534 1674 ⁵,
543 1644 563 1667 se
572 1633 689 1668 stimulatum.
713 1634 734 1667 In
742 1634 838 1667 iudicando

136 1691 198 1720 autem
206 1690 237 1719 aut
245 1686 360 1730 corripiendo
368 1697 405 1719 non
413 1696 518 1730 personam,
524 1688 557 1720 sed
566 1697 639 1720 causam
648 1688 757 1722 attendebat.
773 1687 838 1721 Omnis

137 1739 177 1773 eius
193 1740 300 1782 substantia,
315 1749 418 1784 pauperum
433 1740 524 1774 erariumss
539 1749 615 1784 semper
629 1740 667 1774 fuit.
724 1733 838 1775 Multociens

110 1794 182 1834 ,rodum
198 1798 312 1826 sacramenta
330 1793 391 1826 diuina
408 1797 498 1835 tractaret,
513 1793 597 1827 columba
616 1794 675 1834 niuea,
691 1799 770 1828 rostrum
787 1793 838 1837 quasi

137 1855 214 1879 aureum
225 1845 300 1887 habens,
313 1846 367 1888 capiti
378 1846 417 1879 eius
429 1845 509 1879 insidere
523 1846 623 1880 consueuit.
647 1846 715 1880 Crebro
728 1847 838 1880 etiamdum

138 1898 195 1932 sacris
206 1902 273 1932 astaret
283 1898 370 1932 misteriis
375 1898 387 1940 ⁷,
398 1899 457 1932 nubes
467 1898 526 1932 lucida
538 1899 654 1932 obumbrauit
667 1904 721 1943 caput
733 1898 777 1933 eius.
800 1898 839 1931 Ali-

137 1949 222 1993 quotiens
228 1961 265 1983 non
271 1949 312 1993 ipse
318 1949 394 1992 [a]stare
400 1950 499 1992 videbatur,
506 1951 538 1983 sed
545 1951 642 1993 columpna
648 1950 706 1993 ignea,
713 1950 764 1985 cuius
769 1951 839 1993 fulgore

137 2002 247 2037 intuentium
255 2004 330 2037 intuitus
338 2002 411 2037 obtunsi
418 2008 466 2037 sunt.
506 1996 559 2037 Dum
566 2003 606 2037 vice
611 2003 690 2047 quadam
698 2014 750 2037 sacra
758 2002 839 2037 misteria

111 2069 129 2100 55
139 2056 245 2099 celebraret,
254 2057 320 2091 nebula
327 2058 405 2100 quedam
415 2056 506 2091 odorifera
513 2061 569 2091 totam
577 2056 673 2091 ecclesiam
681 2055 769 2101 impleuit,
777 2055 840 2091 ineffa-

138 2109 839 2154 biitsuauitateomnesperfudit,etvamsincom[m]odislaborantesperfecte

139 2161 212 2195 sanitati
220 2162 302 2196 restituit.
343 2155 403 2197 Omni
411 2162 550 2206 quadragesima
558 2174 569 2196 a
577 2166 676 2205 conspectu
683 2162 779 2197 hominum
787 2172 839 2205 sepa-

139 2219 190 2247 ratus
198 2214 271 2247 deserta
278 2215 318 2247 loca
325 2215 402 2257 petebat,
411 2215 459 2248 solas
467 2216 537 2248 radices
548 2215 646 2248 herbarum
654 2214 672 2247 in
683 2215 744 2249 cibum
753 2224 839 2249 sumens:

140 2267 248 2309 aliquotiens
263 2277 307 2300 vero
323 2272 381 2300 totum
398 2267 442 2300 illud
459 2272 538 2310 tempus,
554 2267 628 2300 domino
642 2268 728 2301 virtutem
744 2262 840 2307 tribuente,

112 2333 132 2363 40
141 2320 210 2362 absque
218 2318 297 2352 terreni⁸
305 2319 339 2353 cibi
345 2320 351 2339 ⁹
358 2319 481 2353 sustentaculo
489 2320 606 2364 transigebat.
626 2320 647 2353 In
654 2330 699 2353 cena
704 2326 765 2354 tamen
772 2318 840 2354 domini

141 2372 261 2406 multitudinis
273 2382 380 2415 pauperum,
391 2377 409 2405 et
420 2373 540 2415 leprosorum,
551 2373 609 2416 pedes
620 2384 661 2407 cum
674 2373 766 2407 lachrimis
777 2374 840 2407 lauans

141 2431 159 2459 et
165 2424 179 2445 ¹⁰
186 2429 260 2468 tergens
268 2435 289 2459 ac
300 2425 370 2458 crebris
381 2425 448 2459 osculis
459 2425 572 2467 demulcens,
580 2426 607 2460 eis
618 2428 735 2470 postmodum
747 2426 765 2460 in
777 2434 840 2460 mensa

160 2515 194 2545 1Ε.
202 2515 327 2553 quatriduanum.
392 2514 425 2546 ¹E.
434 2525 497 2553 genere.
563 2516 691 2547 tatsubtracto.
735 2516 840 2556 *¹atergo.

140 2555 177 2584 5αἱ4
185 2555 237 2584 silicis.
278 2555 400 2584 ⁶E.errarium.
460 2554 496 2585 7ιιῖ,
504 2556 583 2586 altaribus.
624 2557 792 2592 ⁸E.terra;om.in
800 2554 839 2583 Boll.

140 2594 146 2614 t
157 2593 174 2625 E.
182 2593 216 2625 sibi.
258 2593 270 2612 ¹⁰
280 2594 311 2625 Vit.
320 2598 336 2624 et
342 2594 403 2632 capillis
410 2597 420 2624 t.
