<?xml version="1.0" encoding="UTF-8"?>
<!DOCTYPE html PUBLIC "-//W3C//DTD XHTML 1.0 Transitional//EN"
    "http://www.w3.org/TR/xhtml1/DTD/xhtml1-transitional.dtd">
<html xmlns="http://www.w3.org/1999/xhtml" xml:lang="en" lang="en">
 <head>
  <title>
</title>
<meta http-equiv="Content-Type" content="text/html;charset=utf-8" />
  <meta name='ocr-system' content='tesseract 3.04.00' />
  <meta name='ocr-capabilities' content='ocr_page ocr_carea ocr_par ocr_line ocrx_word'/>
</head>
<body>
  <div class='ocr_page' id='page_1' title='image "./MN5111ucmf_0/MN5111ucmf_0_0056.png"; bbox 0 0 1762 2803; ppageno 0'>
   <div class='ocr_carea' id='block_1_1' title="bbox 121 99 636 165">
    <p class='ocr_par' dir='ltr' id='par_1_1' title="bbox 121 99 636 165">
     <span class='ocr_line' id='line_1_1' title="bbox 121 99 636 165; baseline 0.01 -15"><span class='ocrx_word' id='word_1_1' title='bbox 121 111 189 151; x_wconf 71' lang='lat' dir='ltr'>xxxa</span> <span class='ocrx_word' id='word_1_2' title='bbox 314 102 395 156; x_wconf 73' lang='grc'>111111</span> <span class='ocrx_word' id='word_1_3' title='bbox 410 99 527 163; x_wconf 64' lang='lat' dir='ltr'>arumna</span> <span class='ocrx_word' id='word_1_4' title='bbox 542 101 636 165; x_wconf 71' lang='lat' dir='ltr'>unalia</span> 
     </span>
    </p>
   </div>
   <div class='ocr_carea' id='block_1_2' title="bbox 116 223 870 1975">
    <p class='ocr_par' dir='ltr' id='par_1_2' title="bbox 122 223 825 369">
     <span class='ocr_line' id='line_1_2' title="bbox 122 223 825 266; baseline 0.001 -9"><span class='ocrx_word' id='word_1_5' title='bbox 122 224 173 259; x_wconf 84' lang='lat' dir='ltr'>down</span> <span class='ocrx_word' id='word_1_6' title='bbox 180 225 210 259; x_wconf 92' lang='lat' dir='ltr'>the</span> <span class='ocrx_word' id='word_1_7' title='bbox 217 224 263 259; x_wconf 90' lang='lat' dir='ltr'>titles</span> <span class='ocrx_word' id='word_1_8' title='bbox 271 224 291 258; x_wconf 86' lang='lat' dir='ltr'>ol</span> <span class='ocrx_word' id='word_1_9' title='bbox 296 224 319 257; x_wconf 85' lang='lat' dir='ltr'>all</span> <span class='ocrx_word' id='word_1_10' title='bbox 326 224 356 258; x_wconf 88' lang='lat' dir='ltr'>the</span> <span class='ocrx_word' id='word_1_11' title='bbox 363 224 417 258; x_wconf 86' lang='lat' dir='ltr'>books</span> <span class='ocrx_word' id='word_1_12' title='bbox 427 224 450 257; x_wconf 90' lang='lat' dir='ltr'>he</span> <span class='ocrx_word' id='word_1_13' title='bbox 460 223 519 266; x_wconf 81' lang='lat' dir='ltr'>found,</span> <span class='ocrx_word' id='word_1_14' title='bbox 527 224 568 258; x_wconf 90' lang='lat' dir='ltr'>with</span> <span class='ocrx_word' id='word_1_15' title='bbox 578 224 623 258; x_wconf 90' lang='lat' dir='ltr'>their</span> <span class='ocrx_word' id='word_1_16' title='bbox 633 225 709 258; x_wconf 88' lang='lat' dir='ltr'>author&#39;s</span> <span class='ocrx_word' id='word_1_17' title='bbox 718 234 779 258; x_wconf 87' lang='lat' dir='ltr'>names</span> <span class='ocrx_word' id='word_1_18' title='bbox 790 223 825 257; x_wconf 87' lang='lat' dir='ltr'>and</span> 
     </span>
     <span class='ocr_line' id='line_1_3' title="bbox 122 274 825 319; baseline -0.003 -10"><span class='ocrx_word' id='word_1_19' title='bbox 122 276 167 309; x_wconf 87' lang='lat' dir='ltr'>their</span> <span class='ocrx_word' id='word_1_20' title='bbox 180 275 256 319; x_wconf 85' lang='lat' dir='ltr'>opening</span> <span class='ocrx_word' id='word_1_21' title='bbox 268 276 329 308; x_wconf 89' lang='lat' dir='ltr'>words.</span> <span class='ocrx_word' id='word_1_22' title='bbox 353 276 373 307; x_wconf 91' lang='lat' dir='ltr'>ln</span> <span class='ocrx_word' id='word_1_23' title='bbox 386 275 412 307; x_wconf 85' lang='lat' dir='ltr'>his</span> <span class='ocrx_word' id='word_1_24' title='bbox 427 276 519 317; x_wconf 82' lang='lat' dir='ltr'>Catalogus</span> <span class='ocrx_word' id='word_1_25' title='bbox 532 274 638 318; x_wconf 78' lang='lat' dir='ltr'>Scriptorum</span> <span class='ocrx_word' id='word_1_26' title='bbox 651 275 740 309; x_wconf 78' lang='lat' dir='ltr'>Ecclesiae</span> <span class='ocrx_word' id='word_1_27' title='bbox 754 275 796 318; x_wconf 85' lang='lat' dir='ltr'>(abr.</span> <span class='ocrx_word' id='word_1_28' title='bbox 808 275 825 308; x_wconf 89' lang='lat' dir='ltr'>in</span> 
     </span>
     <span class='ocr_line' id='line_1_4' title="bbox 122 324 685 369; baseline -0.002 -9"><span class='ocrx_word' id='word_1_29' title='bbox 122 327 198 369; x_wconf 87' lang='lat' dir='ltr'>Tanner‚</span> <span class='ocrx_word' id='word_1_30' title='bbox 207 326 251 359; x_wconf 85' lang='lat' dir='ltr'>Bibl.</span> <span class='ocrx_word' id='word_1_31' title='bbox 258 327 305 368; x_wconf 86' lang='lat'>1748,</span> <span class='ocrx_word' id='word_1_32' title='bbox 312 336 328 368; x_wconf 89' lang='lat' dir='ltr'>p.</span> <span class='ocrx_word' id='word_1_33' title='bbox 336 324 377 367; x_wconf 81' lang='lat' dir='ltr'>xvii)</span> <span class='ocrx_word' id='word_1_34' title='bbox 386 326 408 358; x_wconf 92' lang='lat' dir='ltr'>he</span> <span class='ocrx_word' id='word_1_35' title='bbox 415 324 463 368; x_wconf 86' lang='lat' dir='ltr'>gives</span> <span class='ocrx_word' id='word_1_36' title='bbox 471 326 500 360; x_wconf 91' lang='lat' dir='ltr'>the</span> <span class='ocrx_word' id='word_1_37' title='bbox 507 325 594 368; x_wconf 79' lang='lat' dir='ltr'>following</span> <span class='ocrx_word' id='word_1_38' title='bbox 601 333 673 360; x_wconf 84' lang='lat' dir='ltr'><strong>account</strong></span> <span class='ocrx_word' id='word_1_39' title='bbox 681 335 685 359; x_wconf 88' lang='lat'><strong>:</strong></span> 
     </span>
    </p>

    <p class='ocr_par' dir='ltr' id='par_1_3' title="bbox 116 375 870 1174">
     <span class='ocr_line' id='line_1_5' title="bbox 144 375 825 418; baseline -0.003 -8"><span class='ocrx_word' id='word_1_40' title='bbox 144 378 238 411; x_wconf 90' lang='lat' dir='ltr'>‘Iohannes</span> <span class='ocrx_word' id='word_1_41' title='bbox 245 376 301 409; x_wconf 85' lang='lat' dir='ltr'>dictus</span> <span class='ocrx_word' id='word_1_42' title='bbox 307 376 395 417; x_wconf 86' lang='lat' dir='ltr'>Angllcus,</span> <span class='ocrx_word' id='word_1_43' title='bbox 402 375 475 409; x_wconf 88' lang='lat' dir='ltr'>vicarius</span> <span class='ocrx_word' id='word_1_44' title='bbox 481 376 503 409; x_wconf 88' lang='lat' dir='ltr'>de</span> <span class='ocrx_word' id='word_1_45' title='bbox 509 378 622 418; x_wconf 85' lang='lat' dir='ltr'>Tynemuthe,</span> <span class='ocrx_word' id='word_1_46' title='bbox 628 377 685 409; x_wconf 90' lang='lat' dir='ltr'>floruit</span> <span class='ocrx_word' id='word_1_47' title='bbox 692 377 712 409; x_wconf 75' lang='grc' dir='ltr'>Α,</span> <span class='ocrx_word' id='word_1_48' title='bbox 718 377 737 409; x_wconf 86' lang='lat' dir='ltr'>C.</span> <span class='ocrx_word' id='word_1_49' title='bbox 744 376 825 408; x_wconf 84' lang='lat' dir='ltr'>mccclxvi</span> 
     </span>
     <span class='ocr_line' id='line_1_6' title="bbox 122 424 826 469; baseline -0.004 -9"><span class='ocrx_word' id='word_1_50' title='bbox 122 432 140 460; x_wconf 89' lang='lat' dir='ltr'>et</span> <span class='ocrx_word' id='word_1_51' title='bbox 149 427 217 469; x_wconf 85' lang='lat' dir='ltr'><strong>scripsit</strong></span> <span class='ocrx_word' id='word_1_52' title='bbox 225 426 322 459; x_wconf 84' lang='lat' dir='ltr'>Historiam</span> <span class='ocrx_word' id='word_1_53' title='bbox 330 435 401 458; x_wconf 84' lang='lat' dir='ltr'>auream</span> <span class='ocrx_word' id='word_1_54' title='bbox 409 425 498 458; x_wconf 84' lang='lat' dir='ltr'><strong>collectam</strong></span> <span class='ocrx_word' id='word_1_55' title='bbox 509 426 530 459; x_wconf 89' lang='lat' dir='ltr'>de</span> <span class='ocrx_word' id='word_1_56' title='bbox 540 426 612 459; x_wconf 89' lang='lat' dir='ltr'>diversis</span> <span class='ocrx_word' id='word_1_57' title='bbox 625 426 699 459; x_wconf 89' lang='lat' dir='ltr'>historiis</span> <span class='ocrx_word' id='word_1_58' title='bbox 708 432 725 459; x_wconf 90' lang='lat' dir='ltr'>et</span> <span class='ocrx_word' id='word_1_59' title='bbox 736 424 826 458; x_wconf 77' lang='lat' dir='ltr'>eventibus</span> 
     </span>
     <span class='ocr_line' id='line_1_7' title="bbox 123 474 826 519; baseline -0.004 -9"><span class='ocrx_word' id='word_1_60' title='bbox 123 477 169 510; x_wconf 85' lang='lat' dir='ltr'>urhis</span> <span class='ocrx_word' id='word_1_61' title='bbox 180 482 262 510; x_wconf 88' lang='lat' dir='ltr'>terrarum</span> <span class='ocrx_word' id='word_1_62' title='bbox 273 485 284 508; x_wconf 84' lang='lat' dir='ltr'>a</span> <span class='ocrx_word' id='word_1_63' title='bbox 295 474 381 509; x_wconf 80' lang='lat' dir='ltr'>creatione</span> <span class='ocrx_word' id='word_1_64' title='bbox 391 475 450 509; x_wconf 89' lang='lat' dir='ltr'>muudi</span> <span class='ocrx_word' id='word_1_65' title='bbox 462 486 516 518; x_wconf 88' lang='lat' dir='ltr'>usque</span> <span class='ocrx_word' id='word_1_66' title='bbox 527 477 550 509; x_wconf 92' lang='lat' dir='ltr'>ad</span> <span class='ocrx_word' id='word_1_67' title='bbox 562 483 639 519; x_wconf 89' lang='lat' dir='ltr'>tempora</span> <span class='ocrx_word' id='word_1_68' title='bbox 650 476 695 518; x_wconf 87' lang='lat' dir='ltr'>regis</span> <span class='ocrx_word' id='word_1_69' title='bbox 707 476 788 509; x_wconf 86' lang='lat' dir='ltr'>Edwardi</span> <span class='ocrx_word' id='word_1_70' title='bbox 799 475 826 507; x_wconf 89' lang='lat' dir='ltr'>in-</span> 
     </span>
     <span class='ocr_line' id='line_1_8' title="bbox 123 524 826 568; baseline -0.003 -8"><span class='ocrx_word' id='word_1_71' title='bbox 123 528 192 567; x_wconf 88' lang='lat' dir='ltr'>clusive,</span> <span class='ocrx_word' id='word_1_72' title='bbox 204 526 237 560; x_wconf 89' lang='lat' dir='ltr'>vol.</span> <span class='ocrx_word' id='word_1_73' title='bbox 249 526 271 559; x_wconf 89' lang='lat' dir='ltr'>ili.</span> <span class='ocrx_word' id='word_1_74' title='bbox 285 533 310 566; x_wconf 82' lang='lat'>15,</span> <span class='ocrx_word' id='word_1_75' title='bbox 323 526 359 564; x_wconf 84' lang='lat'>162,</span> <span class='ocrx_word' id='word_1_76' title='bbox 372 533 408 566; x_wconf 82' lang='grc'>147,</span> <span class='ocrx_word' id='word_1_77' title='bbox 420 526 446 558; x_wconf 80' lang='lat'>82.</span> <span class='ocrx_word' id='word_1_78' title='bbox 469 526 540 559; x_wconf 89' lang='lat' dir='ltr'>Librum</span> <span class='ocrx_word' id='word_1_79' title='bbox 552 537 640 560; x_wconf 88' lang='lat' dir='ltr'>servorum</span> <span class='ocrx_word' id='word_1_80' title='bbox 652 527 686 560; x_wconf 88' lang='lat' dir='ltr'>Dei</span> <span class='ocrx_word' id='word_1_81' title='bbox 698 526 786 567; x_wconf 85' lang='lat' dir='ltr'>maiorem,</span> <span class='ocrx_word' id='word_1_82' title='bbox 797 524 826 568; x_wconf 86' lang='lat' dir='ltr'>qui</span> 
     </span>
     <span class='ocr_line' id='line_1_9' title="bbox 122 574 826 619; baseline -0.003 -9"><span class='ocrx_word' id='word_1_83' title='bbox 122 583 193 610; x_wconf 85' lang='lat' dir='ltr'>vocatur</span> <span class='ocrx_word' id='word_1_84' title='bbox 201 574 343 617; x_wconf 85' lang='lat' dir='ltr'>Martirologium,</span> <span class='ocrx_word' id='word_1_85' title='bbox 352 574 370 608; x_wconf 89' lang='lat' dir='ltr'>iu</span> <span class='ocrx_word' id='word_1_86' title='bbox 380 575 455 608; x_wconf 86' lang='lat' dir='ltr'>maximo</span> <span class='ocrx_word' id='word_1_87' title='bbox 462 576 554 619; x_wconf 87' lang='lat' dir='ltr'>volumine,</span> <span class='ocrx_word' id='word_1_88' title='bbox 564 584 589 619; x_wconf 73' lang='grc'>13,</span> <span class='ocrx_word' id='word_1_89' title='bbox 612 577 682 610; x_wconf 89' lang='lat' dir='ltr'>Librum</span> <span class='ocrx_word' id='word_1_90' title='bbox 692 587 780 611; x_wconf 87' lang='lat' dir='ltr'>servorum</span> <span class='ocrx_word' id='word_1_91' title='bbox 792 575 826 609; x_wconf 90' lang='lat' dir='ltr'>Dei</span> 
     </span>
     <span class='ocr_line' id='line_1_10' title="bbox 122 624 827 670; baseline -0.001 -10"><span class='ocrx_word' id='word_1_92' title='bbox 122 627 211 668; x_wconf 84' lang='lat' dir='ltr'>minorem,</span> <span class='ocrx_word' id='word_1_93' title='bbox 218 625 246 670; x_wconf 85' lang='lat' dir='ltr'>qui</span> <span class='ocrx_word' id='word_1_94' title='bbox 252 631 323 660; x_wconf 89' lang='lat' dir='ltr'>vocatur</span> <span class='ocrx_word' id='word_1_95' title='bbox 329 624 453 668; x_wconf 85' lang='lat' dir='ltr'>Sanctilogium</span> <span class='ocrx_word' id='word_1_96' title='bbox 458 636 478 659; x_wconf 89' lang='lat' dir='ltr'>ex</span> <span class='ocrx_word' id='word_1_97' title='bbox 484 626 523 660; x_wconf 91' lang='lat' dir='ltr'>vitis</span> <span class='ocrx_word' id='word_1_98' title='bbox 528 632 545 660; x_wconf 89' lang='lat' dir='ltr'>et</span> <span class='ocrx_word' id='word_1_99' title='bbox 550 627 637 661; x_wconf 86' lang='lat' dir='ltr'>miraculis</span> <span class='ocrx_word' id='word_1_100' title='bbox 643 634 742 661; x_wconf 87' lang='lat' dir='ltr'>sanctorum</span> <span class='ocrx_word' id='word_1_101' title='bbox 747 627 827 668; x_wconf 82' lang='lat' dir='ltr'>Angliae,</span> 
     </span>
     <span class='ocr_line' id='line_1_11' title="bbox 123 675 826 720; baseline -0.004 -9"><span class='ocrx_word' id='word_1_102' title='bbox 123 678 200 718; x_wconf 91' lang='lat' dir='ltr'>Walliae,</span> <span class='ocrx_word' id='word_1_103' title='bbox 209 676 283 718; x_wconf 87' lang='lat' dir='ltr'>Scotiae,</span> <span class='ocrx_word' id='word_1_104' title='bbox 291 683 308 709; x_wconf 92' lang='lat' dir='ltr'>et</span> <span class='ocrx_word' id='word_1_105' title='bbox 317 677 411 710; x_wconf 83' lang='lat' dir='ltr'>Hiberniae</span> <span class='ocrx_word' id='word_1_106' title='bbox 419 677 514 717; x_wconf 85' lang='lat' dir='ltr'>collectum,</span> <span class='ocrx_word' id='word_1_107' title='bbox 520 678 538 710; x_wconf 92' lang='lat' dir='ltr'>in</span> <span class='ocrx_word' id='word_1_108' title='bbox 546 688 610 720; x_wconf 80' lang='lat' dir='ltr'>magno</span> <span class='ocrx_word' id='word_1_109' title='bbox 617 678 709 719; x_wconf 88' lang='lat' dir='ltr'>volumine,</span> <span class='ocrx_word' id='word_1_110' title='bbox 718 686 743 720; x_wconf 85' lang='grc'>15.</span> <span class='ocrx_word' id='word_1_111' title='bbox 766 675 826 710; x_wconf 86' lang='lat' dir='ltr'>Marti-</span> 
     </span>
     <span class='ocr_line' id='line_1_12' title="bbox 116 726 827 771; baseline -0.003 -9"><span class='ocrx_word' id='word_1_112' title='bbox 116 728 188 770; x_wconf 78' lang='lat' dir='ltr'>,rotogto</span> <span class='ocrx_word' id='word_1_113' title='bbox 196 737 264 771; x_wconf 88' lang='lat' dir='ltr'>quoque</span> <span class='ocrx_word' id='word_1_114' title='bbox 271 726 373 761; x_wconf 88' lang='lat' dir='ltr'>venerabilis</span> <span class='ocrx_word' id='word_1_115' title='bbox 384 728 442 760; x_wconf 86' lang='lat' dir='ltr'>Bedae</span> <span class='ocrx_word' id='word_1_116' title='bbox 452 734 550 761; x_wconf 89' lang='lat' dir='ltr'>sanctorum</span> <span class='ocrx_word' id='word_1_117' title='bbox 561 727 631 762; x_wconf 90' lang='lat' dir='ltr'>nomina</span> <span class='ocrx_word' id='word_1_118' title='bbox 639 728 726 770; x_wconf 83' lang='lat' dir='ltr'>nonnulla,</span> <span class='ocrx_word' id='word_1_119' title='bbox 734 734 827 770; x_wconf 82' lang='lat' dir='ltr'>martyrum</span> 
     </span>
     <span class='ocr_line' id='line_1_13' title="bbox 122 777 870 819; baseline -0.003 -7"><span class='ocrx_word' id='word_1_120' title='bbox 122 784 140 812; x_wconf 85' lang='lat' dir='ltr'>et</span> <span class='ocrx_word' id='word_1_121' title='bbox 153 779 270 812; x_wconf 86' lang='lat' dir='ltr'>confessorum</span> <span class='ocrx_word' id='word_1_122' title='bbox 284 783 300 810; x_wconf 86' lang='lat' dir='ltr'>et</span> <span class='ocrx_word' id='word_1_123' title='bbox 313 777 398 819; x_wconf 83' lang='lat' dir='ltr'>virginum</span> <span class='ocrx_word' id='word_1_124' title='bbox 411 777 482 811; x_wconf 85' lang='lat' dir='ltr'>virtutes</span> <span class='ocrx_word' id='word_1_125' title='bbox 495 783 513 812; x_wconf 87' lang='lat' dir='ltr'>ct</span> <span class='ocrx_word' id='word_1_126' title='bbox 526 778 609 811; x_wconf 87' lang='lat' dir='ltr'>miracula</span> <span class='ocrx_word' id='word_1_127' title='bbox 621 779 696 811; x_wconf 82' lang='lat' dir='ltr'>breviter</span> <span class='ocrx_word' id='word_1_128' title='bbox 709 785 726 811; x_wconf 90' lang='lat' dir='ltr'>et</span> <span class='ocrx_word' id='word_1_129' title='bbox 739 777 827 811; x_wconf 88' lang='lat' dir='ltr'>succincte</span> <span class='ocrx_word' id='word_1_130' title='bbox 867 810 870 817; x_wconf 74' lang='grc'>,</span> 
     </span>
     <span class='ocr_line' id='line_1_14' title="bbox 122 827 827 869; baseline -0.003 -8"><span class='ocrx_word' id='word_1_131' title='bbox 122 828 191 862; x_wconf 89' lang='lat' dir='ltr'>adiecit.</span> <span class='ocrx_word' id='word_1_132' title='bbox 214 828 286 868; x_wconf 82' lang='lat' dir='ltr'>Scripsit</span> <span class='ocrx_word' id='word_1_133' title='bbox 298 827 350 860; x_wconf 85' lang='lat' dir='ltr'>etiam</span> <span class='ocrx_word' id='word_1_134' title='bbox 363 828 418 869; x_wconf 88' lang='lat' dir='ltr'>Super</span> <span class='ocrx_word' id='word_1_135' title='bbox 426 827 514 867; x_wconf 82' lang='lat' dir='ltr'>Genesim,</span> <span class='ocrx_word' id='word_1_136' title='bbox 522 829 608 869; x_wconf 84' lang='lat' dir='ltr'>Exodum,</span> <span class='ocrx_word' id='word_1_137' title='bbox 616 828 717 868; x_wconf 89' lang='lat' dir='ltr'>Leviticum,</span> <span class='ocrx_word' id='word_1_138' title='bbox 725 828 827 867; x_wconf 88' lang='lat' dir='ltr'>Numerum,</span> 
     </span>
     <span class='ocr_line' id='line_1_15' title="bbox 123 876 827 920; baseline -0.004 -8"><span class='ocrx_word' id='word_1_139' title='bbox 123 877 284 918; x_wconf 81' lang='lat' dir='ltr'>Deuteronomiurn‚</span> <span class='ocrx_word' id='word_1_140' title='bbox 302 878 369 919; x_wconf 80' lang='lat' dir='ltr'>iosuae,</span> <span class='ocrx_word' id='word_1_141' title='bbox 388 877 472 918; x_wconf 86' lang='lat' dir='ltr'>iudicum,</span> <span class='ocrx_word' id='word_1_142' title='bbox 489 878 563 919; x_wconf 83' lang='lat' dir='ltr'>Regum,</span> <span class='ocrx_word' id='word_1_143' title='bbox 582 883 599 911; x_wconf 91' lang='lat' dir='ltr'>et</span> <span class='ocrx_word' id='word_1_144' title='bbox 617 877 734 920; x_wconf 82' lang='lat' dir='ltr'>Apocalypsin</span> <span class='ocrx_word' id='word_1_145' title='bbox 753 876 827 910; x_wconf 88' lang='lat' dir='ltr'>morales</span> 
     </span>
     <span class='ocr_line' id='line_1_16' title="bbox 123 927 827 971; baseline -0.003 -10"><span class='ocrx_word' id='word_1_146' title='bbox 123 927 237 971; x_wconf 83' lang='lat' dir='ltr'>expositiones</span> <span class='ocrx_word' id='word_1_147' title='bbox 250 933 267 960; x_wconf 88' lang='lat' dir='ltr'>et</span> <span class='ocrx_word' id='word_1_148' title='bbox 281 927 388 969; x_wconf 85' lang='lat' dir='ltr'>allegoricas,</span> <span class='ocrx_word' id='word_1_149' title='bbox 401 933 417 961; x_wconf 89' lang='lat' dir='ltr'>et</span> <span class='ocrx_word' id='word_1_150' title='bbox 431 927 516 970; x_wconf 82' lang='lat' dir='ltr'>plerisque</span> <span class='ocrx_word' id='word_1_151' title='bbox 530 927 548 960; x_wconf 89' lang='lat' dir='ltr'>in</span> <span class='ocrx_word' id='word_1_152' title='bbox 560 928 603 960; x_wconf 87' lang='lat' dir='ltr'>locis</span> <span class='ocrx_word' id='word_1_153' title='bbox 616 927 689 960; x_wconf 85' lang='lat' dir='ltr'>literales</span> <span class='ocrx_word' id='word_1_154' title='bbox 704 938 725 959; x_wconf 84' lang='lat' dir='ltr'>ex</span> <span class='ocrx_word' id='word_1_155' title='bbox 740 927 827 969; x_wconf 87' lang='lat' dir='ltr'>opusculis</span> 
     </span>
     <span class='ocr_line' id='line_1_17' title="bbox 123 976 827 1020; baseline -0.003 -9"><span class='ocrx_word' id='word_1_156' title='bbox 123 985 221 1012; x_wconf 86' lang='lat' dir='ltr'>sanctorum</span> <span class='ocrx_word' id='word_1_157' title='bbox 237 978 328 1010; x_wconf 89' lang='lat' dir='ltr'>doctorum</span> <span class='ocrx_word' id='word_1_158' title='bbox 345 982 363 1020; x_wconf 87' lang='lat' dir='ltr'>et</span> <span class='ocrx_word' id='word_1_159' title='bbox 378 982 447 1018; x_wconf 88' lang='lat' dir='ltr'>patrum</span> <span class='ocrx_word' id='word_1_160' title='bbox 465 976 575 1020; x_wconf 86' lang='lat' dir='ltr'>antiquorum</span> <span class='ocrx_word' id='word_1_161' title='bbox 594 976 685 1018; x_wconf 85' lang='lat' dir='ltr'>diligenter</span> <span class='ocrx_word' id='word_1_162' title='bbox 703 982 794 1017; x_wconf 85' lang='lat' dir='ltr'>extractas,</span> <span class='ocrx_word' id='word_1_163' title='bbox 810 976 827 1009; x_wconf 89' lang='grc'>111</span> 
     </span>
     <span class='ocr_line' id='line_1_18' title="bbox 123 1026 828 1062; baseline -0.001 -1"><span class='ocrx_word' id='word_1_164' title='bbox 123 1027 199 1061; x_wconf 86' lang='lat' dir='ltr'>maximo</span> <span class='ocrx_word' id='word_1_165' title='bbox 205 1026 296 1061; x_wconf 87' lang='lat' dir='ltr'>volumine.</span> <span class='ocrx_word' id='word_1_166' title='bbox 320 1028 347 1060; x_wconf 92' lang='lat' dir='ltr'>De</span> <span class='ocrx_word' id='word_1_167' title='bbox 355 1027 434 1061; x_wconf 87' lang='lat' dir='ltr'>omnibus</span> <span class='ocrx_word' id='word_1_168' title='bbox 440 1038 480 1061; x_wconf 86' lang='lat' dir='ltr'>vero</span> <span class='ocrx_word' id='word_1_169' title='bbox 488 1027 552 1061; x_wconf 85' lang='lat' dir='ltr'>sanctis</span> <span class='ocrx_word' id='word_1_170' title='bbox 560 1037 600 1061; x_wconf 91' lang='lat' dir='ltr'>usus</span> <span class='ocrx_word' id='word_1_171' title='bbox 606 1027 689 1062; x_wconf 86' lang='lat' dir='ltr'>ecclesiae</span> <span class='ocrx_word' id='word_1_172' title='bbox 695 1026 828 1062; x_wconf 86' lang='lat' dir='ltr'>Sarisburiensis</span> 
     </span>
     <span class='ocr_line' id='line_1_19' title="bbox 123 1078 828 1122; baseline -0.003 -9"><span class='ocrx_word' id='word_1_173' title='bbox 123 1078 212 1121; x_wconf 84' lang='lat' dir='ltr'>lectiones,</span> <span class='ocrx_word' id='word_1_174' title='bbox 220 1078 265 1113; x_wconf 89' lang='lat' dir='ltr'>vitas</span> <span class='ocrx_word' id='word_1_175' title='bbox 276 1088 335 1113; x_wconf 87' lang='lat' dir='ltr'>eorum</span> <span class='ocrx_word' id='word_1_176' title='bbox 346 1078 421 1112; x_wconf 88' lang='lat' dir='ltr'>breviter</span> <span class='ocrx_word' id='word_1_177' title='bbox 432 1078 544 1120; x_wconf 83' lang='lat' dir='ltr'>continentes,</span> <span class='ocrx_word' id='word_1_178' title='bbox 552 1080 651 1122; x_wconf 80' lang='lat' dir='ltr'>compilavit</span> <span class='ocrx_word' id='word_1_179' title='bbox 662 1079 680 1112; x_wconf 91' lang='lat' dir='ltr'>in</span> <span class='ocrx_word' id='word_1_180' title='bbox 689 1089 725 1113; x_wconf 88' lang='lat' dir='ltr'>uno</span> <span class='ocrx_word' id='word_1_181' title='bbox 736 1078 828 1120; x_wconf 83' lang='lat' dir='ltr'>volumine,</span> 
     </span>
     <span class='ocr_line' id='line_1_20' title="bbox 124 1128 705 1174; baseline -0.002 -11"><span class='ocrx_word' id='word_1_182' title='bbox 124 1140 175 1174; x_wconf 85' lang='lat' dir='ltr'>quem</span> <span class='ocrx_word' id='word_1_183' title='bbox 184 1130 252 1172; x_wconf 89' lang='lat' dir='ltr'>quidem</span> <span class='ocrx_word' id='word_1_184' title='bbox 260 1128 323 1162; x_wconf 89' lang='lat' dir='ltr'>librum</span> <span class='ocrx_word' id='word_1_185' title='bbox 331 1128 456 1163; x_wconf 90' lang='lat' dir='ltr'>Lectionarium</span> <span class='ocrx_word' id='word_1_186' title='bbox 463 1130 552 1163; x_wconf 87' lang='lat' dir='ltr'>nominare</span> <span class='ocrx_word' id='word_1_187' title='bbox 561 1130 647 1163; x_wconf 68' lang='lat' dir='ltr'>decrevit!</span> <span class='ocrx_word' id='word_1_188' title='bbox 704 1133 705 1136; x_wconf 78' lang='grc'>’</span> 
     </span>
    </p>

    <p class='ocr_par' dir='ltr' id='par_1_4' title="bbox 124 1178 828 1372">
     <span class='ocr_line' id='line_1_21' title="bbox 146 1178 828 1223; baseline -0.003 -11"><span class='ocrx_word' id='word_1_189' title='bbox 146 1180 184 1213; x_wconf 91' lang='lat' dir='ltr'>The</span> <span class='ocrx_word' id='word_1_190' title='bbox 196 1179 299 1221; x_wconf 85' lang='lat' dir='ltr'>succeeding</span> <span class='ocrx_word' id='word_1_191' title='bbox 309 1178 453 1221; x_wconf 85' lang='lat' dir='ltr'>bibliographers,</span> <span class='ocrx_word' id='word_1_192' title='bbox 462 1180 504 1213; x_wconf 85' lang='lat' dir='ltr'>Bale</span> <span class='ocrx_word' id='word_1_193' title='bbox 513 1179 556 1221; x_wconf 84' lang='lat' dir='ltr'>(first</span> <span class='ocrx_word' id='word_1_194' title='bbox 564 1180 595 1221; x_wconf 68' lang='lat' dir='ltr'>ed,</span> <span class='ocrx_word' id='word_1_195' title='bbox 605 1179 683 1223; x_wconf 80' lang='lat' dir='ltr'>lpsrvich,</span> <span class='ocrx_word' id='word_1_196' title='bbox 693 1180 745 1222; x_wconf 82' lang='lat'>15483</span> <span class='ocrx_word' id='word_1_197' title='bbox 757 1178 828 1220; x_wconf 81' lang='lat' dir='ltr'>second,</span> 
     </span>
     <span class='ocr_line' id='line_1_22' title="bbox 125 1229 828 1272; baseline -0.003 -9"><span class='ocrx_word' id='word_1_198' title='bbox 125 1230 181 1271; x_wconf 88' lang='lat' dir='ltr'>Basle,</span> <span class='ocrx_word' id='word_1_199' title='bbox 194 1229 250 1272; x_wconf 81' lang='lat'>1557),</span> <span class='ocrx_word' id='word_1_200' title='bbox 264 1229 300 1262; x_wconf 88' lang='lat' dir='ltr'>Pits</span> <span class='ocrx_word' id='word_1_201' title='bbox 312 1230 376 1270; x_wconf 81' lang='lat' dir='ltr'>(Relat.</span> <span class='ocrx_word' id='word_1_202' title='bbox 387 1229 463 1262; x_wconf 84' lang='lat' dir='ltr'>historic.</span> <span class='ocrx_word' id='word_1_203' title='bbox 476 1230 528 1271; x_wconf 86' lang='lat' dir='ltr'>Paris,</span> <span class='ocrx_word' id='word_1_204' title='bbox 542 1229 597 1272; x_wconf 86' lang='lat'>1619),</span> <span class='ocrx_word' id='word_1_205' title='bbox 609 1231 685 1271; x_wconf 89' lang='lat' dir='ltr'>Tanner,</span> <span class='ocrx_word' id='word_1_206' title='bbox 698 1231 746 1270; x_wconf 88' lang='lat' dir='ltr'>Gale,</span> <span class='ocrx_word' id='word_1_207' title='bbox 757 1234 796 1262; x_wconf 51' lang='lat' dir='ltr'>rest¹</span> <span class='ocrx_word' id='word_1_208' title='bbox 805 1239 828 1261; x_wconf 90' lang='lat' dir='ltr'>on</span> 
     </span>
     <span class='ocr_line' id='line_1_23' title="bbox 124 1279 828 1322; baseline -0.004 -8"><span class='ocrx_word' id='word_1_209' title='bbox 124 1282 196 1320; x_wconf 90' lang='lat' dir='ltr'>Boston,</span> <span class='ocrx_word' id='word_1_210' title='bbox 209 1281 239 1313; x_wconf 91' lang='lat' dir='ltr'>but</span> <span class='ocrx_word' id='word_1_211' title='bbox 250 1280 309 1312; x_wconf 87' lang='lat' dir='ltr'>rather</span> <span class='ocrx_word' id='word_1_212' title='bbox 319 1280 355 1312; x_wconf 89' lang='lat' dir='ltr'>add</span> <span class='ocrx_word' id='word_1_213' title='bbox 366 1286 383 1312; x_wconf 92' lang='lat' dir='ltr'>to</span> <span class='ocrx_word' id='word_1_214' title='bbox 395 1280 425 1313; x_wconf 90' lang='lat' dir='ltr'>the</span> <span class='ocrx_word' id='word_1_215' title='bbox 436 1279 533 1313; x_wconf 84' lang='lat' dir='ltr'>difficulties</span> <span class='ocrx_word' id='word_1_216' title='bbox 539 1290 544 1320; x_wconf 85' lang='lat'>;</span> <span class='ocrx_word' id='word_1_217' title='bbox 562 1280 633 1322; x_wconf 86' lang='lat' dir='ltr'>Leland,</span> <span class='ocrx_word' id='word_1_218' title='bbox 645 1281 683 1312; x_wconf 90' lang='lat' dir='ltr'>who</span> <span class='ocrx_word' id='word_1_219' title='bbox 695 1280 725 1313; x_wconf 91' lang='lat' dir='ltr'>did</span> <span class='ocrx_word' id='word_1_220' title='bbox 737 1284 766 1312; x_wconf 90' lang='lat' dir='ltr'>not</span> <span class='ocrx_word' id='word_1_221' title='bbox 777 1279 828 1312; x_wconf 83' lang='lat' dir='ltr'>know</span> 
     </span>
     <span class='ocr_line' id='line_1_24' title="bbox 125 1328 366 1372; baseline -0.008 -8"><span class='ocrx_word' id='word_1_222' title='bbox 125 1331 196 1371; x_wconf 89' lang='lat' dir='ltr'>Boston‚</span> <span class='ocrx_word' id='word_1_223' title='bbox 205 1330 253 1372; x_wconf 83' lang='lat' dir='ltr'>gives</span> <span class='ocrx_word' id='word_1_224' title='bbox 260 1340 283 1363; x_wconf 89' lang='lat' dir='ltr'>no</span> <span class='ocrx_word' id='word_1_225' title='bbox 291 1330 348 1363; x_wconf 83' lang='lat' dir='ltr'>notice</span> <span class='ocrx_word' id='word_1_226' title='bbox 354 1328 366 1362; x_wconf 76' lang='lat'>¹.</span> 
     </span>
    </p>

    <p class='ocr_par' dir='ltr' id='par_1_5' title="bbox 123 1379 828 1525">
     <span class='ocr_line' id='line_1_25' title="bbox 148 1379 828 1422; baseline -0.001 -9"><span class='ocrx_word' id='word_1_227' title='bbox 148 1380 183 1413; x_wconf 85' lang='lat' dir='ltr'>Pits</span> <span class='ocrx_word' id='word_1_228' title='bbox 194 1381 237 1414; x_wconf 86' lang='lat' dir='ltr'>calls</span> <span class='ocrx_word' id='word_1_229' title='bbox 248 1381 357 1421; x_wconf 82' lang='lat' dir='ltr'>Tynernouth</span> <span class='ocrx_word' id='word_1_230' title='bbox 368 1379 395 1412; x_wconf 88' lang='lat' dir='ltr'>his</span> <span class='ocrx_word' id='word_1_231' title='bbox 407 1380 464 1413; x_wconf 81' lang='lat' dir='ltr'>native</span> <span class='ocrx_word' id='word_1_232' title='bbox 476 1380 530 1421; x_wconf 88' lang='lat' dir='ltr'>place,</span> <span class='ocrx_word' id='word_1_233' title='bbox 538 1381 573 1413; x_wconf 82' lang='lat' dir='ltr'>arrd</span> <span class='ocrx_word' id='word_1_234' title='bbox 584 1382 653 1413; x_wconf 87' lang='lat' dir='ltr'>Tanuer</span> <span class='ocrx_word' id='word_1_235' title='bbox 664 1390 704 1422; x_wconf 85' lang='lat' dir='ltr'>says</span> <span class='ocrx_word' id='word_1_236' title='bbox 716 1380 753 1413; x_wconf 80' lang='lat' dir='ltr'>that</span> <span class='ocrx_word' id='word_1_237' title='bbox 763 1380 785 1413; x_wconf 88' lang='lat' dir='ltr'>he</span> <span class='ocrx_word' id='word_1_238' title='bbox 793 1389 828 1412; x_wconf 82' lang='lat' dir='ltr'>was</span> 
     </span>
     <span class='ocr_line' id='line_1_26' title="bbox 123 1429 828 1465; baseline -0.003 -1"><span class='ocrx_word' id='word_1_239' title='bbox 123 1432 168 1465; x_wconf 88' lang='lat' dir='ltr'>born</span> <span class='ocrx_word' id='word_1_240' title='bbox 179 1431 232 1463; x_wconf 87' lang='lat' dir='ltr'>there.</span> <span class='ocrx_word' id='word_1_241' title='bbox 255 1431 300 1463; x_wconf 90' lang='lat' dir='ltr'>Both</span> <span class='ocrx_word' id='word_1_242' title='bbox 311 1431 345 1462; x_wconf 93' lang='lat' dir='ltr'>add</span> <span class='ocrx_word' id='word_1_243' title='bbox 355 1430 393 1462; x_wconf 87' lang='lat' dir='ltr'>that</span> <span class='ocrx_word' id='word_1_244' title='bbox 405 1430 426 1462; x_wconf 90' lang='lat' dir='ltr'>he</span> <span class='ocrx_word' id='word_1_245' title='bbox 435 1440 469 1462; x_wconf 92' lang='lat' dir='ltr'>was</span> <span class='ocrx_word' id='word_1_246' title='bbox 481 1430 580 1464; x_wconf 80' lang='lat' dir='ltr'>afterwards</span> <span class='ocrx_word' id='word_1_247' title='bbox 591 1440 602 1464; x_wconf 90' lang='lat' dir='ltr'>a</span> <span class='ocrx_word' id='word_1_248' title='bbox 613 1431 666 1464; x_wconf 86' lang='lat' dir='ltr'>monk</span> <span class='ocrx_word' id='word_1_249' title='bbox 678 1431 696 1464; x_wconf 84' lang='lat' dir='ltr'>ol</span> <span class='ocrx_word' id='word_1_250' title='bbox 706 1430 732 1463; x_wconf 86' lang='lat' dir='ltr'>St.</span> <span class='ocrx_word' id='word_1_251' title='bbox 740 1429 828 1463; x_wconf 76' lang='lat' dir='ltr'>Albana-</span> 
     </span>
     <span class='ocr_line' id='line_1_27' title="bbox 125 1479 754 1525; baseline -0.002 -11"><span class='ocrx_word' id='word_1_252' title='bbox 125 1481 197 1515; x_wconf 85' lang='lat' dir='ltr'>‘Postea</span> <span class='ocrx_word' id='word_1_253' title='bbox 204 1481 260 1513; x_wconf 81' lang='lat' dir='ltr'>factus</span> <span class='ocrx_word' id='word_1_254' title='bbox 267 1487 294 1513; x_wconf 90' lang='lat' dir='ltr'>est</span> <span class='ocrx_word' id='word_1_255' title='bbox 302 1481 367 1513; x_wconf 91' lang='lat' dir='ltr'>ordinis</span> <span class='ocrx_word' id='word_1_256' title='bbox 375 1483 393 1514; x_wconf 87' lang='lat' dir='ltr'>S.</span> <span class='ocrx_word' id='word_1_257' title='bbox 401 1479 490 1513; x_wconf 81' lang='lat' dir='ltr'>Benedicti</span> <span class='ocrx_word' id='word_1_258' title='bbox 498 1481 593 1513; x_wconf 87' lang='lat' dir='ltr'>monachus</span> <span class='ocrx_word' id='word_1_259' title='bbox 601 1481 624 1513; x_wconf 88' lang='lat' dir='ltr'>ad</span> <span class='ocrx_word' id='word_1_260' title='bbox 632 1482 649 1514; x_wconf 89' lang='lat' dir='ltr'>S.</span> <span class='ocrx_word' id='word_1_261' title='bbox 657 1481 754 1525; x_wconf 64' lang='lat' dir='ltr'>Albanum!</span> 
     </span>
    </p>

    <p class='ocr_par' dir='ltr' id='par_1_6' title="bbox 124 1530 831 1975">
     <span class='ocr_line' id='line_1_28' title="bbox 147 1530 828 1573; baseline -0.001 -9"><span class='ocrx_word' id='word_1_262' title='bbox 147 1532 193 1564; x_wconf 88' lang='lat' dir='ltr'>That</span> <span class='ocrx_word' id='word_1_263' title='bbox 201 1532 223 1564; x_wconf 91' lang='lat' dir='ltr'>he</span> <span class='ocrx_word' id='word_1_264' title='bbox 232 1542 266 1564; x_wconf 89' lang='lat' dir='ltr'>was</span> <span class='ocrx_word' id='word_1_265' title='bbox 273 1530 320 1564; x_wconf 87' lang='lat' dir='ltr'>vicar</span> <span class='ocrx_word' id='word_1_266' title='bbox 328 1530 347 1563; x_wconf 84' lang='lat' dir='ltr'>of</span> <span class='ocrx_word' id='word_1_267' title='bbox 353 1530 461 1572; x_wconf 88' lang='lat' dir='ltr'>Tynemouth</span> <span class='ocrx_word' id='word_1_268' title='bbox 470 1540 509 1570; x_wconf 89' lang='lat' dir='ltr'>may</span> <span class='ocrx_word' id='word_1_269' title='bbox 514 1530 536 1563; x_wconf 87' lang='lat' dir='ltr'>be</span> <span class='ocrx_word' id='word_1_270' title='bbox 543 1531 595 1564; x_wconf 84' lang='lat' dir='ltr'>taken</span> <span class='ocrx_word' id='word_1_271' title='bbox 602 1531 627 1564; x_wconf 87' lang='lat' dir='ltr'>ior</span> <span class='ocrx_word' id='word_1_272' title='bbox 634 1531 712 1573; x_wconf 79' lang='lat' dir='ltr'>granted.</span> <span class='ocrx_word' id='word_1_273' title='bbox 736 1530 769 1563; x_wconf 88' lang='lat' dir='ltr'>His</span> <span class='ocrx_word' id='word_1_274' title='bbox 777 1540 828 1563; x_wconf 88' lang='lat' dir='ltr'>name</span> 
     </span>
     <span class='ocr_line' id='line_1_29' title="bbox 124 1580 828 1627; baseline -0.003 -11"><span class='ocrx_word' id='word_1_275' title='bbox 124 1592 198 1627; x_wconf 86' lang='lat' dir='ltr'>appears</span> <span class='ocrx_word' id='word_1_276' title='bbox 212 1581 229 1614; x_wconf 93' lang='lat' dir='ltr'>ln</span> <span class='ocrx_word' id='word_1_277' title='bbox 241 1587 274 1615; x_wconf 86' lang='lat' dir='ltr'>two</span> <span class='ocrx_word' id='word_1_278' title='bbox 288 1581 355 1622; x_wconf 89' lang='lat' dir='ltr'>cntries,</span> <span class='ocrx_word' id='word_1_279' title='bbox 367 1581 386 1614; x_wconf 84' lang='lat' dir='ltr'>of</span> <span class='ocrx_word' id='word_1_280' title='bbox 397 1587 437 1623; x_wconf 83' lang='lat'>1315</span> <span class='ocrx_word' id='word_1_281' title='bbox 450 1581 540 1622; x_wconf 71' lang='grc'>1111111316,</span> <span class='ocrx_word' id='word_1_282' title='bbox 552 1580 570 1613; x_wconf 83' lang='lat' dir='ltr'>in</span> <span class='ocrx_word' id='word_1_283' title='bbox 582 1583 614 1625; x_wconf 86' lang='lat' dir='ltr'>Bp.</span> <span class='ocrx_word' id='word_1_284' title='bbox 627 1582 717 1615; x_wconf 88' lang='lat' dir='ltr'>Kellawe¹s</span> <span class='ocrx_word' id='word_1_285' title='bbox 729 1581 828 1624; x_wconf 82' lang='lat' dir='ltr'>Registrum</span> 
     </span>
     <span class='ocr_line' id='line_1_30' title="bbox 125 1631 828 1674; baseline -0.003 -8"><span class='ocrx_word' id='word_1_286' title='bbox 125 1633 258 1667; x_wconf 86' lang='lat' dir='ltr'>Dunelmense.·</span> <span class='ocrx_word' id='word_1_287' title='bbox 273 1633 294 1665; x_wconf 90' lang='lat' dir='ltr'>ln</span> <span class='ocrx_word' id='word_1_288' title='bbox 302 1633 347 1665; x_wconf 88' lang='lat' dir='ltr'>Nov.</span> <span class='ocrx_word' id='word_1_289' title='bbox 356 1640 403 1673; x_wconf 81' lang='lat'>1315,</span> <span class='ocrx_word' id='word_1_290' title='bbox 412 1631 507 1664; x_wconf 84' lang='lat' dir='ltr'>‘Dominus</span> <span class='ocrx_word' id='word_1_291' title='bbox 521 1632 607 1665; x_wconf 87' lang='lat' dir='ltr'>lohannes</span> <span class='ocrx_word' id='word_1_292' title='bbox 617 1638 709 1674; x_wconf 89' lang='lat' dir='ltr'>perpetuus</span> <span class='ocrx_word' id='word_1_293' title='bbox 721 1631 794 1664; x_wconf 88' lang='lat' dir='ltr'>vicarius</span> <span class='ocrx_word' id='word_1_294' title='bbox 806 1631 828 1665; x_wconf 90' lang='lat' dir='ltr'>de</span> 
     </span>
     <span class='ocr_line' id='line_1_31' title="bbox 124 1681 828 1725; baseline -0.004 -9"><span class='ocrx_word' id='word_1_295' title='bbox 124 1683 244 1725; x_wconf 85' lang='lat' dir='ltr'>Tynemuthe’</span> <span class='ocrx_word' id='word_1_296' title='bbox 253 1682 267 1715; x_wconf 91' lang='lat' dir='ltr'>is</span> <span class='ocrx_word' id='word_1_297' title='bbox 277 1692 310 1715; x_wconf 89' lang='lat' dir='ltr'>une</span> <span class='ocrx_word' id='word_1_298' title='bbox 319 1682 338 1714; x_wconf 85' lang='lat' dir='ltr'>of</span> <span class='ocrx_word' id='word_1_299' title='bbox 347 1692 358 1715; x_wconf 91' lang='lat' dir='ltr'>a</span> <span class='ocrx_word' id='word_1_300' title='bbox 369 1681 468 1714; x_wconf 85' lang='lat' dir='ltr'>cornurittee</span> <span class='ocrx_word' id='word_1_301' title='bbox 479 1681 572 1723; x_wconf 85' lang='lat' dir='ltr'>appointed</span> <span class='ocrx_word' id='word_1_302' title='bbox 584 1682 644 1724; x_wconf 82' lang='lat' dir='ltr'>hythe</span> <span class='ocrx_word' id='word_1_303' title='bbox 653 1682 711 1724; x_wconf 80' lang='lat' dir='ltr'>Bpoi</span> <span class='ocrx_word' id='word_1_304' title='bbox 720 1682 798 1714; x_wconf 91' lang='lat' dir='ltr'>Durham</span> <span class='ocrx_word' id='word_1_305' title='bbox 810 1687 828 1713; x_wconf 86' lang='lat' dir='ltr'>to</span> 
     </span>
     <span class='ocr_line' id='line_1_32' title="bbox 125 1730 828 1775; baseline -0.003 -8"><span class='ocrx_word' id='word_1_306' title='bbox 125 1732 192 1775; x_wconf 80' lang='lat' dir='ltr'>inquire</span> <span class='ocrx_word' id='word_1_307' title='bbox 200 1732 236 1766; x_wconf 91' lang='lat' dir='ltr'>into</span> <span class='ocrx_word' id='word_1_308' title='bbox 244 1733 273 1766; x_wconf 86' lang='lat' dir='ltr'>the</span> <span class='ocrx_word' id='word_1_309' title='bbox 281 1738 326 1765; x_wconf 87' lang='lat' dir='ltr'>state</span> <span class='ocrx_word' id='word_1_310' title='bbox 333 1733 353 1764; x_wconf 81' lang='lat' dir='ltr'>ol</span> <span class='ocrx_word' id='word_1_311' title='bbox 358 1734 387 1764; x_wconf 89' lang='lat' dir='ltr'>the</span> <span class='ocrx_word' id='word_1_312' title='bbox 395 1732 453 1774; x_wconf 89' lang='lat' dir='ltr'>parlsh</span> <span class='ocrx_word' id='word_1_313' title='bbox 463 1732 526 1764; x_wconf 89' lang='lat' dir='ltr'>church</span> <span class='ocrx_word' id='word_1_314' title='bbox 535 1732 554 1764; x_wconf 85' lang='lat' dir='ltr'>of</span> <span class='ocrx_word' id='word_1_315' title='bbox 561 1732 667 1773; x_wconf 88' lang='lat' dir='ltr'>Meldon,on</span> <span class='ocrx_word' id='word_1_316' title='bbox 675 1732 704 1765; x_wconf 90' lang='lat' dir='ltr'>the</span> <span class='ocrx_word' id='word_1_317' title='bbox 712 1730 828 1774; x_wconf 83' lang='lat' dir='ltr'>presentatlon</span> 
     </span>
     <span class='ocr_line' id='line_1_33' title="bbox 125 1781 828 1825; baseline -0.003 -8"><span class='ocrx_word' id='word_1_318' title='bbox 125 1782 145 1818; x_wconf 84' lang='lat' dir='ltr'>of</span> <span class='ocrx_word' id='word_1_319' title='bbox 156 1783 220 1816; x_wconf 87' lang='lat' dir='ltr'>Robert</span> <span class='ocrx_word' id='word_1_320' title='bbox 233 1783 255 1816; x_wconf 89' lang='lat' dir='ltr'>de</span> <span class='ocrx_word' id='word_1_321' title='bbox 269 1784 369 1825; x_wconf 86' lang='lat' dir='ltr'>Tymparon</span> <span class='ocrx_word' id='word_1_322' title='bbox 380 1783 406 1815; x_wconf 88' lang='lat' dir='ltr'>lor</span> <span class='ocrx_word' id='word_1_323' title='bbox 418 1783 448 1815; x_wconf 93' lang='lat' dir='ltr'>the</span> <span class='ocrx_word' id='word_1_324' title='bbox 458 1788 521 1815; x_wconf 84' lang='lat' dir='ltr'>vacant</span> <span class='ocrx_word' id='word_1_325' title='bbox 532 1789 599 1825; x_wconf 85' lang='lat' dir='ltr'>rectory</span> <span class='ocrx_word' id='word_1_326' title='bbox 612 1782 685 1824; x_wconf 86' lang='lat' dir='ltr'>(Hardy,</span> <span class='ocrx_word' id='word_1_327' title='bbox 698 1783 741 1823; x_wconf 85' lang='lat' dir='ltr'>Reg.</span> <span class='ocrx_word' id='word_1_328' title='bbox 753 1782 800 1814; x_wconf 87' lang='lat' dir='ltr'>Duo.</span> <span class='ocrx_word' id='word_1_329' title='bbox 812 1781 828 1815; x_wconf 90' lang='lat' dir='ltr'>ii.</span> 
     </span>
     <span class='ocr_line' id='line_1_34' title="bbox 124 1823 831 1876; baseline -0.001 -11"><span class='ocrx_word' id='word_1_330' title='bbox 124 1845 142 1876; x_wconf 87' lang='lat' dir='ltr'>p.</span> <span class='ocrx_word' id='word_1_331' title='bbox 150 1833 189 1875; x_wconf 81' lang='lat'><strong>755)</strong></span> <span class='ocrx_word' id='word_1_332' title='bbox 197 1844 202 1874; x_wconf 81' lang='lat'>&#39;,</span> <span class='ocrx_word' id='word_1_333' title='bbox 214 1833 249 1865; x_wconf 89' lang='lat' dir='ltr'>and</span> <span class='ocrx_word' id='word_1_334' title='bbox 256 1823 314 1874; x_wconf 78' lang='lat' dir='ltr'>again,</span> <span class='ocrx_word' id='word_1_335' title='bbox 324 1843 347 1865; x_wconf 89' lang='lat' dir='ltr'>on</span> <span class='ocrx_word' id='word_1_336' title='bbox 357 1833 386 1866; x_wconf 87' lang='lat' dir='ltr'>the</span> <span class='ocrx_word' id='word_1_337' title='bbox 396 1832 469 1865; x_wconf 83' lang='lat' dir='ltr'>transfer</span> <span class='ocrx_word' id='word_1_338' title='bbox 480 1833 499 1864; x_wconf 88' lang='lat' dir='ltr'>of</span> <span class='ocrx_word' id='word_1_339' title='bbox 509 1833 530 1864; x_wconf 86' lang='lat' dir='ltr'>R.</span> <span class='ocrx_word' id='word_1_340' title='bbox 538 1833 560 1864; x_wconf 89' lang='lat' dir='ltr'>de</span> <span class='ocrx_word' id='word_1_341' title='bbox 567 1834 667 1875; x_wconf 86' lang='lat' dir='ltr'>Tymparon</span> <span class='ocrx_word' id='word_1_342' title='bbox 675 1838 692 1865; x_wconf 91' lang='lat' dir='ltr'>to</span> <span class='ocrx_word' id='word_1_343' title='bbox 700 1832 730 1865; x_wconf 81' lang='lat' dir='ltr'>the</span> <span class='ocrx_word' id='word_1_344' title='bbox 737 1837 804 1873; x_wconf 82' lang='lat' dir='ltr'>rectory</span> <span class='ocrx_word' id='word_1_345' title='bbox 811 1831 831 1864; x_wconf 85' lang='lat' dir='ltr'>ol</span> 
     </span>
     <span class='ocr_line' id='line_1_35' title="bbox 125 1882 828 1926; baseline -0.001 -10"><span class='ocrx_word' id='word_1_346' title='bbox 125 1883 225 1917; x_wconf 83' lang='lat' dir='ltr'>Hartburne</span> <span class='ocrx_word' id='word_1_347' title='bbox 237 1882 266 1924; x_wconf 85' lang='lat' dir='ltr'>(on</span> <span class='ocrx_word' id='word_1_348' title='bbox 279 1882 375 1915; x_wconf 87' lang='lat' dir='ltr'>the&#39;death</span> <span class='ocrx_word' id='word_1_349' title='bbox 388 1883 408 1915; x_wconf 86' lang='lat' dir='ltr'>uf</span> <span class='ocrx_word' id='word_1_350' title='bbox 417 1884 463 1926; x_wconf 84' lang='lat' dir='ltr'>John</span> <span class='ocrx_word' id='word_1_351' title='bbox 477 1883 499 1916; x_wconf 87' lang='lat' dir='ltr'>de</span> <span class='ocrx_word' id='word_1_352' title='bbox 512 1883 571 1925; x_wconf 86' lang='lat' dir='ltr'>Percy,</span> <span class='ocrx_word' id='word_1_353' title='bbox 583 1888 643 1924; x_wconf 89' lang='lat' dir='ltr'>rector,</span> <span class='ocrx_word' id='word_1_354' title='bbox 655 1883 695 1925; x_wconf 84' lang='lat' dir='ltr'>July</span> <span class='ocrx_word' id='word_1_355' title='bbox 707 1890 724 1923; x_wconf 83' lang='grc'>4,</span> <span class='ocrx_word' id='word_1_356' title='bbox 738 1882 789 1923; x_wconf 69' lang='grc'>13163</span> <span class='ocrx_word' id='word_1_357' title='bbox 807 1882 828 1915; x_wconf 83' lang='lat' dir='ltr'>ci.</span> 
     </span>
     <span class='ocr_line' id='line_1_36' title="bbox 126 1931 829 1975; baseline -0.003 -8"><span class='ocrx_word' id='word_1_358' title='bbox 126 1932 221 1975; x_wconf 86' lang='lat' dir='ltr'>l-lardy‚ib.</span> <span class='ocrx_word' id='word_1_359' title='bbox 227 1933 272 1975; x_wconf 83' lang='lat'>810),</span> <span class='ocrx_word' id='word_1_360' title='bbox 278 1934 300 1965; x_wconf 91' lang='lat' dir='ltr'>he</span> <span class='ocrx_word' id='word_1_361' title='bbox 306 1943 379 1975; x_wconf 88' lang='lat' dir='ltr'>appears</span> <span class='ocrx_word' id='word_1_362' title='bbox 385 1933 418 1966; x_wconf 87' lang='lat' dir='ltr'>ina</span> <span class='ocrx_word' id='word_1_363' title='bbox 424 1943 461 1966; x_wconf 89' lang='lat' dir='ltr'>new</span> <span class='ocrx_word' id='word_1_364' title='bbox 468 1932 571 1975; x_wconf 84' lang='lat' dir='ltr'>Inquisitiun</span> <span class='ocrx_word' id='word_1_365' title='bbox 576 1931 583 1952; x_wconf 65' lang='lat'><strong>2</strong></span> <span class='ocrx_word' id='word_1_366' title='bbox 588 1933 640 1966; x_wconf 87' lang='lat' dir='ltr'>nrade</span> <span class='ocrx_word' id='word_1_367' title='bbox 646 1944 668 1965; x_wconf 94' lang='lat' dir='ltr'>on</span> <span class='ocrx_word' id='word_1_368' title='bbox 675 1933 704 1965; x_wconf 90' lang='lat' dir='ltr'>the</span> <span class='ocrx_word' id='word_1_369' title='bbox 713 1932 829 1975; x_wconf 85' lang='lat' dir='ltr'>presentatiuu</span> 
     </span>
    </p>
   </div>
   <div class='ocr_carea' id='block_1_3' title="bbox 126 2017 830 2574">
    <p class='ocr_par' dir='ltr' id='par_1_7' title="bbox 126 2017 829 2103">
     <span class='ocr_line' id='line_1_37' title="bbox 145 2017 829 2064; baseline -0.001 -10"><span class='ocrx_word' id='word_1_370' title='bbox 145 2023 151 2044; x_wconf 84' lang='lat'>1</span> <span class='ocrx_word' id='word_1_371' title='bbox 162 2024 193 2061; x_wconf 89' lang='lat' dir='ltr'>He,</span> <span class='ocrx_word' id='word_1_372' title='bbox 200 2017 275 2061; x_wconf 82' lang='lat' dir='ltr'>however,</span> <span class='ocrx_word' id='word_1_373' title='bbox 280 2023 361 2054; x_wconf 84' lang='lat' dir='ltr'>elsewhere</span> <span class='ocrx_word' id='word_1_374' title='bbox 367 2028 421 2063; x_wconf 82' lang='lat' dir='ltr'>quotes</span> <span class='ocrx_word' id='word_1_375' title='bbox 427 2024 459 2054; x_wconf 86' lang='lat' dir='ltr'>him</span> <span class='ocrx_word' id='word_1_376' title='bbox 466 2024 487 2063; x_wconf 92' lang='lat' dir='ltr'>by</span> <span class='ocrx_word' id='word_1_377' title='bbox 494 2024 519 2054; x_wconf 90' lang='lat' dir='ltr'>the</span> <span class='ocrx_word' id='word_1_378' title='bbox 526 2034 570 2055; x_wconf 85' lang='lat' dir='ltr'>name</span> <span class='ocrx_word' id='word_1_379' title='bbox 577 2024 746 2064; x_wconf 81' lang='lat' dir='ltr'>Chrysistoriographus</span> <span class='ocrx_word' id='word_1_380' title='bbox 751 2024 798 2064; x_wconf 82' lang='lat' dir='ltr'>(from</span> <span class='ocrx_word' id='word_1_381' title='bbox 804 2024 829 2054; x_wconf 85' lang='lat' dir='ltr'>his</span> 
     </span>
     <span class='ocr_line' id='line_1_38' title="bbox 126 2063 735 2103; baseline 0.002 -9"><span class='ocrx_word' id='word_1_382' title='bbox 126 2065 196 2095; x_wconf 87' lang='lat' dir='ltr'>Historia</span> <span class='ocrx_word' id='word_1_383' title='bbox 202 2073 257 2099; x_wconf 83' lang='lat' dir='ltr'>aurea;</span> <span class='ocrx_word' id='word_1_384' title='bbox 268 2064 286 2094; x_wconf 87' lang='lat' dir='ltr'>cf.</span> <span class='ocrx_word' id='word_1_385' title='bbox 294 2063 384 2102; x_wconf 87' lang='lat' dir='ltr'>Nicholson,</span> <span class='ocrx_word' id='word_1_386' title='bbox 392 2064 437 2103; x_wconf 81' lang='lat' dir='ltr'>Engl.</span> <span class='ocrx_word' id='word_1_387' title='bbox 447 2064 488 2094; x_wconf 79' lang='lat' dir='ltr'>Hist,</span> <span class='ocrx_word' id='word_1_388' title='bbox 495 2064 543 2103; x_wconf 71' lang='lat' dir='ltr'>Liba,</span> <span class='ocrx_word' id='word_1_389' title='bbox 550 2064 620 2100; x_wconf 73' lang='lat' dir='ltr'>Londou</span> <span class='ocrx_word' id='word_1_390' title='bbox 630 2065 673 2103; x_wconf 77' lang='grc'>1736,</span> <span class='ocrx_word' id='word_1_391' title='bbox 680 2074 695 2103; x_wconf 87' lang='lat' dir='ltr'>p.</span> <span class='ocrx_word' id='word_1_392' title='bbox 703 2064 735 2101; x_wconf 80' lang='lat'>65).</span> 
     </span>
    </p>

    <p class='ocr_par' dir='ltr' id='par_1_8' title="bbox 126 2102 829 2379">
     <span class='ocr_line' id='line_1_39' title="bbox 146 2102 829 2142; baseline 0 -9"><span class='ocrx_word' id='word_1_393' title='bbox 146 2103 152 2122; x_wconf 81' lang='lat'>&#39;²</span> <span class='ocrx_word' id='word_1_394' title='bbox 162 2104 185 2133; x_wconf 84' lang='lat' dir='ltr'>As</span> <span class='ocrx_word' id='word_1_395' title='bbox 192 2104 222 2133; x_wconf 89' lang='lat' dir='ltr'>this</span> <span class='ocrx_word' id='word_1_396' title='bbox 229 2104 272 2142; x_wconf 81' lang='lat' dir='ltr'>ploce</span> <span class='ocrx_word' id='word_1_397' title='bbox 279 2104 292 2133; x_wconf 86' lang='lat' dir='ltr'>is</span> <span class='ocrx_word' id='word_1_398' title='bbox 299 2105 366 2140; x_wconf 82' lang='lat' dir='ltr'>wanting</span> <span class='ocrx_word' id='word_1_399' title='bbox 374 2104 390 2132; x_wconf 90' lang='lat' dir='ltr'>in</span> <span class='ocrx_word' id='word_1_400' title='bbox 400 2103 459 2141; x_wconf 81' lang='lat' dir='ltr'>Hardy,</span> <span class='ocrx_word' id='word_1_401' title='bbox 466 2104 474 2132; x_wconf 88' lang='lat' dir='ltr'>l</span> <span class='ocrx_word' id='word_1_402' title='bbox 481 2104 516 2141; x_wconf 75' lang='lat' dir='ltr'>give</span> <span class='ocrx_word' id='word_1_403' title='bbox 525 2104 537 2133; x_wconf 89' lang='lat' dir='ltr'>it</span> <span class='ocrx_word' id='word_1_404' title='bbox 546 2104 581 2133; x_wconf 82' lang='lat' dir='ltr'>here</span> <span class='ocrx_word' id='word_1_405' title='bbox 588 2103 627 2133; x_wconf 81' lang='lat' dir='ltr'>irum</span> <span class='ocrx_word' id='word_1_406' title='bbox 634 2104 720 2142; x_wconf 77' lang='lat' dir='ltr'>lludgson:</span> <span class='ocrx_word' id='word_1_407' title='bbox 731 2102 829 2133; x_wconf 85' lang='lat' dir='ltr'>‘Reverendo</span> 
     </span>
     <span class='ocr_line' id='line_1_40' title="bbox 126 2142 829 2182; baseline 0 -10"><span class='ocrx_word' id='word_1_408' title='bbox 126 2143 193 2173; x_wconf 88' lang='lat' dir='ltr'>Ricardo</span> <span class='ocrx_word' id='word_1_409' title='bbox 205 2143 278 2172; x_wconf 84' lang='lat' dir='ltr'>Dunolm.</span> <span class='ocrx_word' id='word_1_410' title='bbox 290 2143 369 2182; x_wconf 83' lang='lat' dir='ltr'>episcopo,</span> <span class='ocrx_word' id='word_1_411' title='bbox 381 2142 456 2172; x_wconf 81' lang='lat' dir='ltr'>Officialis</span> <span class='ocrx_word' id='word_1_412' title='bbox 467 2142 526 2172; x_wconf 83' lang='lat' dir='ltr'>domini</span> <span class='ocrx_word' id='word_1_413' title='bbox 537 2143 639 2173; x_wconf 80' lang='lat' dir='ltr'>archidiaconi</span> <span class='ocrx_word' id='word_1_414' title='bbox 650 2142 763 2172; x_wconf 88' lang='lat' dir='ltr'>Northurnhrie.</span> <span class='ocrx_word' id='word_1_415' title='bbox 784 2142 829 2172; x_wconf 74' lang='lat' dir='ltr'>utan-</span> 
     </span>
     <span class='ocr_line' id='line_1_41' title="bbox 126 2181 829 2221; baseline 0 -10"><span class='ocrx_word' id='word_1_416' title='bbox 126 2183 179 2212; x_wconf 87' lang='lat' dir='ltr'>datum</span> <span class='ocrx_word' id='word_1_417' title='bbox 187 2187 251 2211; x_wconf 87' lang='lat' dir='ltr'>vestrum</span> <span class='ocrx_word' id='word_1_418' title='bbox 261 2182 283 2212; x_wconf 90' lang='lat' dir='ltr'>vii</span> <span class='ocrx_word' id='word_1_419' title='bbox 291 2182 328 2212; x_wconf 85' lang='lat' dir='ltr'>Idus</span> <span class='ocrx_word' id='word_1_420' title='bbox 337 2182 409 2212; x_wconf 86' lang='lat' dir='ltr'>Octobris</span> <span class='ocrx_word' id='word_1_421' title='bbox 417 2191 431 2211; x_wconf 85' lang='lat' dir='ltr'>a.</span> <span class='ocrx_word' id='word_1_422' title='bbox 439 2182 453 2211; x_wconf 86' lang='lat' dir='ltr'>d.</span> <span class='ocrx_word' id='word_1_423' title='bbox 462 2182 557 2221; x_wconf 75' lang='lat' dir='ltr'>1317recepi</span> <span class='ocrx_word' id='word_1_424' title='bbox 566 2184 582 2212; x_wconf 88' lang='lat' dir='ltr'>in</span> <span class='ocrx_word' id='word_1_425' title='bbox 592 2182 620 2213; x_wconf 88' lang='lat' dir='ltr'>hec</span> <span class='ocrx_word' id='word_1_426' title='bbox 627 2183 682 2212; x_wconf 83' lang='lat' dir='ltr'>verba:</span> <span class='ocrx_word' id='word_1_427' title='bbox 693 2184 702 2198; x_wconf 79' lang='lat'><em>“</em></span> <span class='ocrx_word' id='word_1_428' title='bbox 709 2181 788 2218; x_wconf 86' lang='lat' dir='ltr'>Rienrdns,</span> <span class='ocrx_word' id='word_1_429' title='bbox 796 2187 829 2218; x_wconf 80' lang='lat' dir='ltr'>eta,</span> 
     </span>
     <span class='ocr_line' id='line_1_42' title="bbox 126 2220 829 2260; baseline 0.003 -10"><span class='ocrx_word' id='word_1_430' title='bbox 126 2226 249 2260; x_wconf 82' lang='lat' dir='ltr'>presentaverunt</span> <span class='ocrx_word' id='word_1_431' title='bbox 263 2222 308 2251; x_wconf 84' lang='lat' dir='ltr'>nobis</span> <span class='ocrx_word' id='word_1_432' title='bbox 321 2221 388 2259; x_wconf 82' lang='lat' dir='ltr'>religiosi</span> <span class='ocrx_word' id='word_1_433' title='bbox 401 2220 429 2250; x_wconf 88' lang='lat' dir='ltr'>viri</span> <span class='ocrx_word' id='word_1_434' title='bbox 441 2222 483 2260; x_wconf 90' lang='lat' dir='ltr'>prior</span> <span class='ocrx_word' id='word_1_435' title='bbox 494 2226 510 2251; x_wconf 82' lang='lat' dir='ltr'>et</span> <span class='ocrx_word' id='word_1_436' title='bbox 521 2224 603 2252; x_wconf 85' lang='lat' dir='ltr'>conventus</span> <span class='ocrx_word' id='word_1_437' title='bbox 615 2221 677 2252; x_wconf 83' lang='lat' dir='ltr'>ecclesie</span> <span class='ocrx_word' id='word_1_438' title='bbox 691 2226 741 2251; x_wconf 84' lang='lat' dir='ltr'>nostre</span> <span class='ocrx_word' id='word_1_439' title='bbox 755 2220 829 2252; x_wconf 78' lang='lat' dir='ltr'>Dunolnu</span> 
     </span>
     <span class='ocr_line' id='line_1_43' title="bbox 126 2260 828 2299; baseline 0.003 -9"><span class='ocrx_word' id='word_1_440' title='bbox 126 2260 214 2299; x_wconf 82' lang='lat' dir='ltr'>magistrum</span> <span class='ocrx_word' id='word_1_441' title='bbox 228 2261 312 2291; x_wconf 85' lang='lat' dir='ltr'>Iohannem</span> <span class='ocrx_word' id='word_1_442' title='bbox 324 2260 343 2291; x_wconf 90' lang='lat' dir='ltr'>de</span> <span class='ocrx_word' id='word_1_443' title='bbox 356 2260 448 2299; x_wconf 84' lang='lat' dir='ltr'>Nassington</span> <span class='ocrx_word' id='word_1_444' title='bbox 461 2261 531 2291; x_wconf 88' lang='lat' dir='ltr'>clericum</span> <span class='ocrx_word' id='word_1_445' title='bbox 544 2271 588 2291; x_wconf 83' lang='lat' dir='ltr'>suurn</span> <span class='ocrx_word' id='word_1_446' title='bbox 600 2262 620 2291; x_wconf 81' lang='lat' dir='ltr'>ad</span> <span class='ocrx_word' id='word_1_447' title='bbox 631 2260 712 2291; x_wconf 82' lang='lat' dir='ltr'>ecclesiam</span> <span class='ocrx_word' id='word_1_448' title='bbox 727 2261 746 2289; x_wconf 87' lang='lat' dir='ltr'>de</span> <span class='ocrx_word' id='word_1_449' title='bbox 759 2261 828 2292; x_wconf 75' lang='lat' dir='ltr'>lllclrlon,</span> 
     </span>
     <span class='ocr_line' id='line_1_44' title="bbox 126 2299 829 2340; baseline 0.001 -10"><span class='ocrx_word' id='word_1_450' title='bbox 126 2301 202 2338; x_wconf 83' lang='lat' dir='ltr'>Quocirca</span> <span class='ocrx_word' id='word_1_451' title='bbox 208 2301 252 2330; x_wconf 84' lang='lat' dir='ltr'>vobis</span> <span class='ocrx_word' id='word_1_452' title='bbox 260 2302 348 2330; x_wconf 84' lang='lat' dir='ltr'>mandamus</span> <span class='ocrx_word' id='word_1_453' title='bbox 355 2304 429 2339; x_wconf 84' lang='lat' dir='ltr'>quatenus</span> <span class='ocrx_word' id='word_1_454' title='bbox 436 2305 464 2331; x_wconf 83' lang='lat' dir='ltr'>etc.</span> <span class='ocrx_word' id='word_1_455' title='bbox 469 2300 550 2339; x_wconf 80' lang='lat' dir='ltr'>diligenter</span> <span class='ocrx_word' id='word_1_456' title='bbox 557 2300 636 2340; x_wconf 76' lang='lat' dir='ltr'>inquiratis</span> <span class='ocrx_word' id='word_1_457' title='bbox 643 2309 662 2329; x_wconf 76' lang='lat' dir='ltr'>an</span> <span class='ocrx_word' id='word_1_458' title='bbox 670 2300 710 2330; x_wconf 87' lang='lat' dir='ltr'>dicta</span> <span class='ocrx_word' id='word_1_459' title='bbox 716 2299 780 2330; x_wconf 84' lang='lat' dir='ltr'>ecclesia</span> <span class='ocrx_word' id='word_1_460' title='bbox 785 2307 829 2331; x_wconf 80' lang='lat' dir='ltr'>vocat</span> 
     </span>
     <span class='ocr_line' id='line_1_45' title="bbox 127 2338 753 2379; baseline 0 -9"><span class='ocrx_word' id='word_1_461' title='bbox 127 2344 155 2371; x_wconf 82' lang='lat' dir='ltr'>etc.</span> <span class='ocrx_word' id='word_1_462' title='bbox 176 2340 212 2369; x_wconf 81' lang='lat' dir='ltr'>Dat.</span> <span class='ocrx_word' id='word_1_463' title='bbox 220 2340 261 2379; x_wconf 89' lang='lat' dir='ltr'>apud</span> <span class='ocrx_word' id='word_1_464' title='bbox 268 2341 342 2371; x_wconf 88' lang='lat' dir='ltr'>Duuolm.</span> <span class='ocrx_word' id='word_1_465' title='bbox 352 2345 368 2377; x_wconf 74' lang='lat'>5⁰</span> <span class='ocrx_word' id='word_1_466' title='bbox 374 2340 399 2371; x_wconf 91' lang='lat' dir='ltr'>die</span> <span class='ocrx_word' id='word_1_467' title='bbox 406 2340 440 2370; x_wconf 84' lang='lat' dir='ltr'>Oct.</span> <span class='ocrx_word' id='word_1_468' title='bbox 447 2345 462 2370; x_wconf 88' lang='lat' dir='ltr'>et</span> <span class='ocrx_word' id='word_1_469' title='bbox 469 2341 585 2372; x_wconf 85' lang='lat' dir='ltr'>consecrationis</span> <span class='ocrx_word' id='word_1_470' title='bbox 591 2343 642 2369; x_wconf 89' lang='lat' dir='ltr'>nostre</span> <span class='ocrx_word' id='word_1_471' title='bbox 650 2349 689 2369; x_wconf 82' lang='lat' dir='ltr'>anno</span> <span class='ocrx_word' id='word_1_472' title='bbox 696 2338 753 2370; x_wconf 83' lang='lat' dir='ltr'>sert0.&#39;‘</span> 
     </span>
    </p>

    <p class='ocr_par' dir='ltr' id='par_1_9' title="bbox 126 2378 830 2574">
     <span class='ocr_line' id='line_1_46' title="bbox 147 2378 829 2419; baseline 0.003 -12"><span class='ocrx_word' id='word_1_473' title='bbox 147 2378 252 2409; x_wconf 76' lang='lat' dir='ltr'>‘Auctoritate</span> <span class='ocrx_word' id='word_1_474' title='bbox 264 2380 311 2418; x_wconf 83' lang='lat' dir='ltr'>igitur</span> <span class='ocrx_word' id='word_1_475' title='bbox 322 2380 367 2410; x_wconf 87' lang='lat' dir='ltr'>huius</span> <span class='ocrx_word' id='word_1_476' title='bbox 379 2380 446 2409; x_wconf 82' lang='lat' dir='ltr'>mandati</span> <span class='ocrx_word' id='word_1_477' title='bbox 456 2380 545 2419; x_wconf 88' lang='lat' dir='ltr'>diligentem</span> <span class='ocrx_word' id='word_1_478' title='bbox 555 2381 584 2410; x_wconf 88' lang='lat' dir='ltr'>leci</span> <span class='ocrx_word' id='word_1_479' title='bbox 597 2379 708 2416; x_wconf 88' lang='lat' dir='ltr'>inquisitionem</span> <span class='ocrx_word' id='word_1_480' title='bbox 720 2388 747 2418; x_wconf 88' lang='lat' dir='ltr'>per</span> <span class='ocrx_word' id='word_1_481' title='bbox 759 2380 829 2410; x_wconf 86' lang='lat' dir='ltr'>dominos</span> 
     </span>
     <span class='ocr_line' id='line_1_47' title="bbox 126 2418 829 2458; baseline 0.001 -9"><span class='ocrx_word' id='word_1_482' title='bbox 126 2418 211 2449; x_wconf 86' lang='lat' dir='ltr'>Rohertum</span> <span class='ocrx_word' id='word_1_483' title='bbox 224 2419 243 2448; x_wconf 90' lang='lat' dir='ltr'>de</span> <span class='ocrx_word' id='word_1_484' title='bbox 257 2419 317 2455; x_wconf 83' lang='lat' dir='ltr'>Bothnl,</span> <span class='ocrx_word' id='word_1_485' title='bbox 331 2419 426 2449; x_wconf 86' lang='lat' dir='ltr'>Willelrnurn</span> <span class='ocrx_word' id='word_1_486' title='bbox 440 2420 459 2451; x_wconf 88' lang='lat' dir='ltr'>de</span> <span class='ocrx_word' id='word_1_487' title='bbox 472 2419 587 2458; x_wconf 78' lang='lat' dir='ltr'>Whelpington,</span> <span class='ocrx_word' id='word_1_488' title='bbox 600 2418 683 2449; x_wconf 81' lang='lat' dir='ltr'>Iohannem</span> <span class='ocrx_word' id='word_1_489' title='bbox 696 2418 715 2448; x_wconf 90' lang='lat' dir='ltr'>de</span> <span class='ocrx_word' id='word_1_490' title='bbox 727 2419 829 2458; x_wconf 84' lang='lat' dir='ltr'>Stanuington</span> 
     </span>
     <span class='ocr_line' id='line_1_48' title="bbox 126 2457 829 2498; baseline 0 -9"><span class='ocrx_word' id='word_1_491' title='bbox 126 2457 224 2489; x_wconf 85' lang='lat' dir='ltr'>ecelesiarum</span> <span class='ocrx_word' id='word_1_492' title='bbox 230 2462 298 2496; x_wconf 82' lang='lat' dir='ltr'>rectores,</span> <span class='ocrx_word' id='word_1_493' title='bbox 304 2459 374 2489; x_wconf 89' lang='lat' dir='ltr'>dominos</span> <span class='ocrx_word' id='word_1_494' title='bbox 380 2459 475 2490; x_wconf 87' lang='lat' dir='ltr'>Willelmurn</span> <span class='ocrx_word' id='word_1_495' title='bbox 482 2458 501 2490; x_wconf 90' lang='lat' dir='ltr'>de</span> <span class='ocrx_word' id='word_1_496' title='bbox 507 2460 553 2489; x_wconf 90' lang='lat' dir='ltr'>Novo</span> <span class='ocrx_word' id='word_1_497' title='bbox 560 2459 620 2495; x_wconf 80' lang='lat' dir='ltr'>Castro,</span> <span class='ocrx_word' id='word_1_498' title='bbox 625 2458 710 2488; x_wconf 72' lang='lat' dir='ltr'>Iohannem</span> <span class='ocrx_word' id='word_1_499' title='bbox 717 2459 735 2488; x_wconf 79' lang='lat' dir='ltr'>de</span> <span class='ocrx_word' id='word_1_500' title='bbox 742 2459 829 2498; x_wconf 87' lang='lat' dir='ltr'>Tynemwe,</span> 
     </span>
     <span class='ocr_line' id='line_1_49' title="bbox 126 2497 829 2536; baseline 0 -8"><span class='ocrx_word' id='word_1_501' title='bbox 126 2498 217 2536; x_wconf 88' lang='lat' dir='ltr'>Philippum</span> <span class='ocrx_word' id='word_1_502' title='bbox 228 2498 248 2526; x_wconf 90' lang='lat' dir='ltr'>de</span> <span class='ocrx_word' id='word_1_503' title='bbox 260 2499 321 2528; x_wconf 89' lang='lat' dir='ltr'>Neuton</span> <span class='ocrx_word' id='word_1_504' title='bbox 332 2500 348 2528; x_wconf 89' lang='lat' dir='ltr'>in</span> <span class='ocrx_word' id='word_1_505' title='bbox 359 2499 440 2535; x_wconf 86' lang='lat' dir='ltr'>Glendale,</span> <span class='ocrx_word' id='word_1_506' title='bbox 451 2499 535 2528; x_wconf 89' lang='lat' dir='ltr'>Rohertum</span> <span class='ocrx_word' id='word_1_507' title='bbox 548 2499 567 2528; x_wconf 88' lang='lat' dir='ltr'>de</span> <span class='ocrx_word' id='word_1_508' title='bbox 577 2497 704 2535; x_wconf 75' lang='lat' dir='ltr'>Chevelinghaur,</span> <span class='ocrx_word' id='word_1_509' title='bbox 714 2499 797 2527; x_wconf 87' lang='lat' dir='ltr'>Iohannem</span> <span class='ocrx_word' id='word_1_510' title='bbox 810 2498 829 2528; x_wconf 86' lang='lat' dir='ltr'>de</span> 
     </span>
     <span class='ocr_line' id='line_1_50' title="bbox 127 2536 830 2574; baseline 0 -6"><span class='ocrx_word' id='word_1_511' title='bbox 127 2537 217 2573; x_wconf 83' lang='lat' dir='ltr'>Ponteland,</span> <span class='ocrx_word' id='word_1_512' title='bbox 229 2537 315 2567; x_wconf 87' lang='lat' dir='ltr'>Gilbertum</span> <span class='ocrx_word' id='word_1_513' title='bbox 325 2537 345 2567; x_wconf 88' lang='lat' dir='ltr'>de</span> <span class='ocrx_word' id='word_1_514' title='bbox 355 2538 433 2568; x_wconf 84' lang='lat' dir='ltr'>Nevburu</span> <span class='ocrx_word' id='word_1_515' title='bbox 444 2538 543 2568; x_wconf 82' lang='lat' dir='ltr'>ecclesiarum</span> <span class='ocrx_word' id='word_1_516' title='bbox 553 2538 622 2574; x_wconf 81' lang='lat' dir='ltr'>vicarios,</span> <span class='ocrx_word' id='word_1_517' title='bbox 633 2537 704 2567; x_wconf 89' lang='lat' dir='ltr'>dominos</span> <span class='ocrx_word' id='word_1_518' title='bbox 716 2536 800 2567; x_wconf 80' lang='lat' dir='ltr'>Iohannem</span> <span class='ocrx_word' id='word_1_519' title='bbox 810 2538 830 2568; x_wconf 90' lang='lat' dir='ltr'>de</span> 
     </span>
    </p>
   </div>
   <div class='ocr_carea' id='block_1_4' title="bbox 0 0 892 2803">
    <p class='ocr_par' dir='ltr' id='par_1_10' title="bbox 0 0 892 2803">
     <span class='ocr_line' id='line_1_51' title="bbox 0 0 892 2803; baseline 0 0"><span class='ocrx_word' id='word_1_520' title='bbox 0 0 892 2803; x_wconf 95' lang='lat' dir='ltr'> </span> 
     </span>
    </p>
   </div>
  </div>
 </body>
</html>
