1762 2803
107 117 171 183 '124
208 198 210 202 ‚
316 129 396 181 mota
412 127 528 189 tremus
543 127 636 189 uncte.

126 248 173 283 stille
184 248 249 283 iniuria
259 249 321 284 illesus
333 260 408 294 semper
418 249 476 284 extitit
488 254 506 284 et
517 249 599 284 intactus.
623 248 705 293 idipsum
713 248 767 283 etiam
775 248 828 282 turba

126 302 257 345 discipulorum
271 314 346 337 suorum
359 304 378 337 in
393 304 433 337 eius
448 304 541 347 presentia
554 305 592 337 suis
605 302 675 336 meritis
689 301 786 345 sepissime
800 307 828 335 est

126 361 208 400 experta.
244 349 327 400 Contigit
335 357 423 400 reginam,
429 356 565 400 pulchritudine
571 356 665 390 cuiusdam
674 355 736 388 militis
743 354 827 396 illectam,

127 408 237 441 adulterium
243 409 362 449 commisisse,
368 414 386 441 et
392 408 495 451 preciosum
503 410 594 451 quendam
601 409 681 448 anulum,
687 408 710 441 ob
717 409 828 440 immensum

109 471 209 503 5amorem
225 461 260 495 sibi
275 472 286 494 a
300 473 344 505 rege
360 462 514 503 commendatum,
528 462 588 495 eidem
602 460 653 494 militi
665 460 769 494 contulisse.
793 458 828 501 Qui

126 513 201 548 anulum
211 512 266 556 digito
276 514 410 558 imprudentius
421 514 517 558 imposuit;
530 520 548 548 et
558 524 592 547 rex
603 524 636 559 per
645 513 764 547 secretarium
774 522 828 546 suum

126 567 161 601 hoc
172 567 276 609 aduertens,
285 572 303 601 et
314 566 360 601 iram
373 566 496 610 dissimulans,
508 566 565 602 accito
576 567 633 601 milite
644 571 730 602 venatum
742 565 829 610 perrexit.

128 619 250 664 Discopulatis
261 620 341 663 canibus,
352 626 370 655 et
382 620 440 655 sociis
448 631 482 664 per
493 621 532 655 loca
544 620 617 655 diuersa
628 620 722 665 dispersis,
734 630 767 654 rex
779 619 829 653 solus

127 684 169 707 cum
177 673 233 706 milite
240 673 290 706 iuxta
296 675 355 717 ripam
361 672 442 707 fluminis
450 673 502 715 Cliid,
509 674 527 706 in
536 674 608 707 feruore
615 673 650 707 diei
658 673 729 717 soporis
736 684 756 705 ac
763 672 829 715 quietis

101 737 119 759 10
127 726 185 770 gratia
195 725 230 759 iter
241 726 312 761 direxit.
336 726 429 771 Fatigatus
441 731 502 761 autem
513 727 572 769 miles,
580 731 598 761 et
610 727 655 760 nihil
666 726 709 760 mali
721 724 829 769 suspicatus,

127 784 205 812 extenso
213 778 287 812 brachio
295 779 375 812 dormire
384 780 436 821 cepit.
456 779 560 821 Conspecto
566 781 626 822 itaque
634 780 653 812 in
660 779 716 821 digito
723 779 762 812 eius
770 778 829 819 anulo,

127 841 162 864 rex
172 831 255 864 turbatus
263 830 294 865 vix
305 842 371 865 manus
382 842 393 865 a
403 830 463 875 gladio
475 836 493 865 et
504 831 527 864 ab
538 830 627 865 effusione
637 830 731 875 sanguinis
741 829 780 864 eius
788 840 830 863 con-

127 884 193 926 tinens,
202 885 276 918 anulum
287 885 310 919 de
322 885 377 928 digito
389 885 469 919 suauiter
480 886 562 926 extraxit,
572 885 590 918 in
601 885 670 919 flumen
680 883 761 928 proiecit,
769 888 788 916 et
798 893 830 916 ex-

128 936 181 971 citato
189 936 246 971 milite
254 938 277 971 ad
284 948 327 971 suos
335 938 392 971 rediit.
411 938 494 981 Cumque
499 938 550 972 vultu
556 938 622 972 minaci
628 938 687 971 minas
694 942 712 971 et
719 936 831 980 improperia

102 998 119 1028 15
128 990 210 1025 inferens
223 991 297 1024 anulum
310 1002 320 1024 a
331 991 395 1035 regina
406 996 507 1035 expeteret,
519 996 537 1025 et
550 991 585 1034 illa,
595 996 665 1025 secrete
678 989 729 1024 militi
742 989 830 1023 inuanum

129 1045 208 1085 mittens,
216 1043 235 1076 in
244 1045 326 1077 medium
332 1045 415 1088 proferre
423 1055 460 1078 non
468 1050 540 1088 posset;
549 1045 638 1078 triduanis
644 1045 718 1078 indutiis
724 1055 734 1077 a
740 1043 831 1076 nobilibus

128 1097 160 1130 vix
165 1097 272 1140 impetratis,
279 1098 347 1131 carceri
353 1096 471 1141 mancipatur.
487 1097 740 1141 Reginaautemlachrimosis
746 1097 831 1140 precibus

129 1158 169 1182 rem
177 1154 248 1192 gestam
256 1155 320 1183 sancto
327 1149 441 1193 Kentigerno
448 1160 483 1193 per
491 1150 578 1183 nuncium
586 1150 676 1194 exposuit,
685 1154 703 1182 et
711 1151 733 1183 ab
741 1149 772 1181 illo
778 1148 831 1182 vnico

129 1200 248 1245 propitiatore
264 1212 297 1235 5110
312 1201 390 1236 salutem
405 1207 423 1236 et
440 1202 528 1236 auxilium
543 1202 646 1246 postulauit.
674 1202 753 1236 Sanctus
771 1206 831 1235 autem

103 1269 122 1289 20
129 1253 212 1298 pontifex
224 1259 266 1288 ante
278 1254 378 1289 aduentum
390 1255 450 1289 nuncii
462 1259 520 1289 totum
532 1265 640 1299 agnoscens,
648 1254 715 1289 nuncio
725 1264 767 1288 cum
777 1254 833 1287 hamo

129 1308 153 1341 ad
161 1306 220 1350 ripam
228 1307 309 1341 fluminis
315 1307 361 1341 Cllid
369 1308 456 1342 festinare
462 1308 549 1352 precepit,
555 1314 573 1342 et
580 1310 650 1352 piscem
656 1310 716 1352 primo
725 1313 831 1347 extractum,

130 1359 198 1393 scilicet
208 1360 291 1402 ysicium‚
300 1362 330 1404 qui
341 1365 359 1393 et
370 1361 428 1394 salmo
436 1360 507 1402 dicitur,
514 1362 537 1395 ad
548 1372 569 1395 se
579 1366 679 1405 reportare.
702 1361 743 1402 Quo
753 1360 805 1401 sacto,
814 1364 832 1392 et

130 1418 242 1453 exenterato,
254 1413 328 1447 anulum
340 1413 358 1447 in
370 1419 434 1447 ventre
446 1414 502 1457 piscis
516 1420 609 1458 repertum
622 1415 684 1457 regine
697 1413 803 1453 transmisit,
815 1418 832 1445 et

130 1465 161 1498 illa
170 1465 209 1508 regi
218 1476 260 1498 cum
270 1466 380 1500 exultatione
389 1467 458 1500 obtulit.
481 1467 602 1501 Contristatus
614 1478 647 1501 rex
659 1477 692 1510 pro
704 1465 758 1499 illatis
769 1463 832 1508 regine

104 1533 122 1563 ²5
130 1520 205 1562 iniuriis,
218 1525 236 1553 et
248 1521 319 1553 veniam
332 1521 385 1554 flexis
399 1522 477 1564 genibus
490 1527 560 1565 petens,
572 1521 700 1565 grauissimam
713 1520 801 1554 ultionem
814 1518 832 1550 ln

131 1572 222 1607 delatores
236 1584 256 1607 se
268 1572 359 1607 illaturum
372 1574 443 1607 iurauit.
466 1573 499 1607 Cui
512 1574 585 1618 regina:
602 1573 670 1616 ‘Absit
682 1573 745 1616 inquit,
758 1572 832 1606 domine

131 1626 162 1667 mi,
169 1631 189 1658 vt
199 1625 235 1658 mei
245 1637 300 1659 eausa
310 1627 407 1670 quicquam
417 1627 460 1661 mali
470 1628 566 1671 quisquam
576 1629 666 1671 patiatur:
678 1627 711 1660 sed
721 1625 753 1660 tibi
762 1637 786 1660 ex
795 1630 832 1659 toto

131 1679 186 1713 corde
198 1678 288 1723 indulgeo,
298 1681 314 1713 si
325 1691 400 1714 omnem
411 1691 506 1715 rancorem
518 1681 574 1715 animi
585 1682 617 1723 tui,
628 1682 674 1715 sicut
685 1691 724 1723 ege,
733 1678 833 1713 accusatori

132 1742 174 1768 meo
182 1732 274 1766 remittas!
297 1733 372 1767 Cunctis
381 1744 424 1776 ergo
433 1734 495 1777 regine
502 1734 619 1768 clementiam
627 1733 764 1774 admirantibus,
769 1737 833 1766 vocato

105 1797 124 1825 30
132 1786 250 1828 Kentegerno
262 1786 292 1818 illa
303 1791 374 1819 reatum
386 1787 476 1829 confessa,
485 1788 541 1821 vitam
553 1798 605 1821 suam
617 1788 640 1820 de
652 1787 722 1829 reliquo
734 1786 833 1819 emendare

132 1839 206 1874 curauit.
249 1832 294 1873 Rex
301 1839 374 1883 quidam
381 1839 475 1882 Hibernie,
481 1840 541 1874 audita
549 1839 598 1884 regis
605 1839 718 1883 Rcdereclh]
726 1839 833 1872 liberalitate

131 1898 149 1926 et
163 1891 292 1934 munificentia,
303 1892 421 1927 ioculatorem
434 1894 452 1927 in
466 1900 505 1928 arte
518 1905 552 1928 sua
563 1895 641 1938 peritum
653 1893 733 1935 mittens,
745 1897 834 1936 temptare

131 1944 187 1979 voluit
202 1945 218 1978 si
233 1946 280 1979 same
296 1947 331 1979 late
347 1947 412 1979 diffuse
425 1949 494 1981 veritas
509 1948 635 1991 responderet.
664 1947 746 1989 Cumque
761 1949 834 1988 peracta

132 1999 210 2043 quadam
223 1999 351 2043 solempnitate
363 2010 440 2033 munera
452 2001 536 2044 speciosa
549 2000 566 2034 ei
579 2011 612 2034 rex
624 2000 720 2042 conferret,
733 2004 751 2033 et
763 1998 794 2032 ille
806 2009 834 2031 ac·

106 2060 125 2092 35
133 2051 194 2095 cipere
207 2061 292 2093 renuens,
304 2052 346 2086 talia
358 2052 377 2086 in
388 2057 437 2087 terra
450 2063 483 2087 sua
496 2063 516 2087 se
530 2055 574 2087 satis
586 2054 654 2087 habere
665 2063 721 2097 posse
733 2056 834 2091 asscrerct3

133 2104 231 2146 requisitus
247 2104 290 2148 quid
305 2105 361 2139 vellet
378 2106 466 2150 accipere,
482 2107 517 2140 ait:
538 2107 568 2141 ‘Si
583 2107 617 2148 vis,
632 2107 694 2149 inquit,
709 2111 729 2140 vt
743 2106 791 2138 bene
806 2114 835 2136 re-

133 2162 240 2191 muneratus
250 2160 340 2199 recedam,
348 2160 402 2193 detur
412 2160 456 2193 mihi
464 2161 526 2194 discus
536 2161 592 2193 moris
600 2160 704 2193 recentibus
712 2159 788 2203 plenus.⁵
812 2156 835 2190 Et

133 2210 200 2243 timens
213 2220 246 2242 rex
260 2221 283 2242 ne
297 2211 361 2243 honori
374 2213 413 2244 eius
428 2217 447 2244 et
462 2212 510 2245 lame
526 2212 644 2255 derogaretur
659 2211 675 2245 si
689 2211 777 2244 ioculator
792 2210 835 2243 irre-

133 2266 240 2296 muneratus
254 2261 317 2305 abiret,
330 2269 394 2297 cuncta
407 2264 467 2298 retulit
481 2265 568 2308 episcopo
583 2270 651 2298 sancto.
674 2264 703 2307 Et,
714 2274 755 2298 cum
769 2261 835 2296 hiemis

106 2326 126 2355 40
134 2320 207 2357 tempus
222 2319 276 2355 esset,
288 2316 311 2349 ad
326 2316 382 2350 deum
396 2327 462 2360 preces
474 2317 502 2352 vir
516 2317 545 2352 dei
558 2317 604 2352 fudit
615 2322 633 2352 et
647 2318 723 2352 dumum
736 2317 835 2352 111011510-

133 2366 217 2402 centibus
232 2368 307 2411 plenum
322 2369 406 2402 ostendit.
437 2369 460 2402 Et
474 2370 540 2404 tollens
558 2371 628 2404 discum
644 2376 662 2404 et
677 2372 734 2404 moris
750 2370 835 2414 implens,

133 2421 227 2457 ioculatori
241 2422 296 2456 dedit.
319 2422 360 2465 Quo
371 2423 411 2458 viso
423 2424 515 2467 miraculo,
527 2430 569 2468 post
582 2436 651 2469 paucos
664 2426 709 2467 dies,
721 2424 784 2459 relicta
797 2428 836 2459 arte

133 2486 167 2511 sua
182 2474 263 2509 melioris
275 2476 312 2510 vite
326 2477 374 2510 viam
388 2476 499 2520 ingrediens,
511 2478 573 2512 diuino
585 2489 607 2512 se
619 2479 729 2522 mancipauit
743 2478 837 2522 obsequio.

135 2522 217 2564 Sanctus
226 2527 320 2571 Columba,
328 2528 359 2573 qui
371 2530 393 2563 ab
402 2529 468 2574 Anglis
477 2530 597 2565 Columltillus
605 2536 684 2574 vocatur,
692 2531 711 2564 in
721 2531 752 2565 1110
760 2530 836 2565 cenobio

107 2591 126 2620 45
134 2583 183 2626 quod
194 2581 212 2615 in
224 2581 284 2616 insula
296 2582 329 2616 Hii
339 2588 465 2618 construxerat
474 2584 571 2619 virtutibus
582 2585 647 2627 clarus,
655 2584 714 2619 sancti
724 2584 758 2620 viri
769 2585 836 2619 samam
