1762 2803
236 136 282 193 tle
297 134 397 189 sancto
412 134 537 191 nonant.
709 148 736 193 55

36 256 123 301 spiciens,
136 256 182 291 vidit
193 256 305 291 Anselmnm
318 256 337 290 in
351 256 433 291 oratione
444 261 529 297 stantem,
541 255 610 301 ingenti
624 254 739 301 splendentis

36 310 110 345 flamme
126 310 179 355 globo
194 310 348 346 circumcinctum.
376 310 399 345 Et
414 310 503 345 estimans
520 310 631 345 Anselmum
647 308 693 344 hora
708 309 739 344 illa

36 364 98 407 sopori
107 363 168 407 potius
178 374 232 408 quam
243 363 319 398 orationi
329 362 416 404 deditum,
425 363 552 397 dormitorium
563 363 640 397 festinus
650 361 739 403 ascendit,

36 417 59 450 ad
69 415 137 450 lectum
147 415 233 451 Anselmi
243 416 314 461 pergit:
325 417 359 451 sed
370 426 412 451 eum
422 415 447 450 ibi
457 427 494 451 non
501 416 577 451 inuenit.
600 415 705 461 Regressus
715 414 738 448 ad

37 468 140 513 capitulum,
148 469 259 505 Anselmum
267 469 355 514 repperit,
369 470 403 504 sed
411 469 485 514 globum
492 469 541 514 ignis
549 480 604 515 quem
613 468 739 514 [re]liquerat¹
747 475 756 506 5

35 522 99 557 videre
106 533 144 556 non
152 522 214 567 potuit.
245 516 296 559 Cum
304 534 315 557 a
322 523 402 567 quodam
409 522 493 568 principe
501 523 615 558 Narmannie
623 523 708 557 diuersas
715 522 739 556 ob

36 586 101 610 causas
114 576 137 610 ad
151 576 261 620 colloquium
274 575 383 610 inuitaretur
393 575 500 620 Ansetmus,
512 582 530 611 et
543 577 567 611 de
580 576 691 620 hospitando
702 575 739 617 illo,

35 629 86 662 finito
97 629 192 673 colloquio,
203 629 306 673 principem
320 629 370 663 nulla
382 640 426 663 cura
438 635 515 672 teneret,
529 630 553 664 ait
563 630 638 674 quidam
650 629 706 663 irater
715 629 738 663 ad

37 692 91 716 eum:
111 681 238 726 ‘Hospicium,
253 688 310 727 pater,
325 682 451 727 qualecunque
466 693 503 717 non
518 682 573 727 longe
587 682 688 717 habemus:
704 682 738 716 sed

36 739 99 779 preter
106 745 173 779 panem
181 741 199 770 et
207 746 281 770 caseum
289 735 357 771 ibidem
365 735 447 781 reperire
455 746 492 770 non
500 738 610 780 possumus!
634 735 667 770 Ille
676 741 737 771 autem
747 745 767 768 10

36 788 134 821 subridens
146 788 201 822 dixit:
216 788 254 822 ‘Ne
266 788 331 822 timeas
341 788 401 829 irater,
412 788 468 822 immo
480 787 515 823 cito
526 788 618 833 precede²
627 793 645 823 et
656 788 707 822 mitte
718 787 737 822 in

36 851 110 874 amnem
116 840 196 875 vicinum
201 841 253 875 rbete
258 840 271 883 ³,
278 841 391 885 piscemque,
396 841 427 885 qui
434 841 519 876 omnibus
525 840 579 875 nobis
584 841 670 876 sufficere
675 840 739 886 possit,

36 892 97 928 statim
110 895 197 929 extrahe!
221 894 275 937 Quod
287 904 330 929 cum
342 894 422 937 fecisset,
435 899 511 929 truttam
524 893 597 929 insolite
609 893 739 939 magnitudinis

36 947 115 990 piscator
122 948 207 981 extraxit.
249 940 325 982 Nobilis
332 947 407 991 quidam
415 947 526 982 Anselmunt
533 947 619 988 inuitans,
627 952 739 991 conquestus

36 1005 64 1034 est
74 1000 122 1044 quod
133 1005 183 1034 tanto
193 999 233 1034 viro
243 1005 306 1044 preter
316 999 358 1035 viiia
368 1001 447 1044 quedam
459 1011 496 1034 non
507 1000 589 1035 haberet.
611 999 691 1034 Sanctus
702 1000 767 1040 illi¹15

36 1052 71 1087 ait:
85 1052 157 1087 ‘Sturio
171 1064 219 1087 vnus
231 1064 255 1087 en
268 1052 300 1087 tibi
315 1053 402 1094 defertur,
417 1057 436 1088 et
450 1053 523 1088 animus
538 1059 580 1088 tuus
597 1054 621 1088 de
635 1053 739 1088 delitiarum

36 1105 111 1139 fluctuat
122 1106 205 1149 inopia?
228 1106 284 1140 Ridet
294 1106 330 1147 ille,
341 1107 397 1140 fidem
407 1106 460 1139 dictis
471 1107 550 1150 prebere
561 1117 598 1140 non
608 1107 678 1140 valens.
701 1106 740 1140 Nec

36 1167 93 1199 mora,
104 1157 139 1192 uiri
151 1159 188 1192 duo
198 1158 297 1193 attulerunt
308 1158 409 1193 sturionem
419 1169 477 1193 vnum
487 1159 616 1203 pregrandem,
628 1158 647 1192 in
659 1159 740 1193 fluminis

36 1210 77 1255 ripa
87 1222 98 1244 a
108 1211 213 1255 pastoribus
223 1212 262 1246 suis
273 1211 369 1246 inuentum
379 1211 452 1256 sibique
460 1212 596 1246 transmissum.
624 1205 665 1247 Illis
674 1212 739 1246 diebus

36 1263 109 1307 scripsit
123 1269 209 1298 tractatus
222 1269 270 1299 tres:
284 1264 353 1298 scilicet
367 1264 400 1299 ‘de
413 1264 501 1305 veritate:
516 1264 549 1299 ‘de
561 1264 644 1299 libertate
656 1264 738 1306 arbitrii,¹
748 1274 768 1295 ιο

37 1322 55 1351 et
66 1318 98 1351 ‘de
106 1328 149 1352 casu
158 1317 253 1362 dyaboli';
265 1323 283 1351 et
290 1323 381 1362 quartum,
391 1329 447 1362 quem
458 1317 554 1353 intitulauit
565 1319 598 1353 ‘de
607 1318 738 1364 grammatico!

38 1370 87 1405 Fecit
99 1376 117 1404 et
128 1370 208 1405 libellum
220 1381 275 1415 quem
286 1371 425 1415 ‘Monologion’
436 1371 547 1416 appellauit:
561 1371 611 1406 solus
623 1372 672 1406 enim
685 1371 704 1405 in
716 1382 739 1406 eo

37 1428 55 1457 et
63 1434 126 1457 secum
136 1423 220 1468 loquitur,
229 1434 255 1466 ac,
265 1423 331 1458 tacita⁰
342 1424 392 1458 omni
401 1424 506 1459 auctoritate
517 1424 579 1459 diuine
590 1423 686 1468 scripture,
695 1423 739 1468 quid

37 1477 83 1510 deus
94 1475 122 1518 sit,
133 1477 172 1511 sola
183 1476 254 1511 ratione
267 1477 326 1520 querit
338 1482 356 1511 et
369 1477 445 1519 inuenit,
457 1482 475 1511 et
486 1477 535 1521 quod
548 1488 592 1511 vera
605 1477 652 1511 fides
665 1478 688 1510 de
702 1478 738 1511 deo

36 1528 97 1571 sentit,
105 1528 204 1563 inuIncibili
215 1529 285 1563 ratione
295 1530 322 1564 sic
332 1541 367 1564 nec
378 1529 431 1565 aliter
441 1540 483 1564 esse
493 1540 555 1574 posse,
565 1530 631 1574 probat
641 1535 660 1564 et
670 1530 739 1564 astruit.
749 1542 768 1571 ²5

38 1581 81 1615 Post
89 1582 123 1616 hec
133 1581 196 1616 incidit
205 1581 240 1616 sibi
250 1582 270 1616 in
279 1588 362 1616 mentem
372 1582 485 1626 inuestigare
496 1588 557 1616 vtrum
565 1593 602 1616 vno
610 1582 649 1617 solo
660 1588 678 1617 et
688 1583 740 1617 breui

37 1641 144 1678 argumento
157 1635 231 1679 probari
243 1640 306 1679 posset
318 1636 337 1669 id
350 1636 398 1679 quod
411 1636 435 1669 de
448 1636 483 1669 deo
496 1635 587 1669 credituri
600 1641 618 1669 et
630 1636 740 1679 predicatur,

37 1687 121 1721 videlicet
130 1688 179 1731 quod
187 1687 210 1721 sit
218 1692 298 1727 eternus,
306 1688 466 1731 incommutabilis,
478 1687 600 1733 omnipotens,
608 1688 675 1733 vbique
685 1694 740 1732 totus,

37 1740 233 1786 incomprehensibilis,
245 1741 309 1785 iustus,
322 1741 369 1787 pius,
381 1741 491 1785 misericors,
502 1753 564 1785 verax,
576 1742 650 1784 veritas,
662 1743 740 1786 bonitas,

37 1796 113 1838 iusticia,
123 1800 142 1830 et
151 1796 239 1829 nonnulla
250 1795 295 1837 alia3
308 1802 326 1829 et
335 1796 427 1839 quomodo
438 1796 472 1829 heo
482 1795 543 1829 omnia
555 1796 573 1829 in
584 1796 626 1839 ipso
634 1806 690 1830 vnum
699 1797 740 1830 sint.
749 1806 769 1836 30

38 1848 78 1891 Que
91 1859 127 1890 res,
142 1848 188 1883 sicut
203 1847 244 1892 ipse
259 1848 355 1892 referebat,
370 1859 457 1892 magnam
468 1848 503 1882 sibi
514 1849 587 1893 peperit
602 1848 739 1884 difficultatem:

38 1902 96 1936 Nam'
108 1902 141 1936 bec
153 1902 236 1945 cogitatio
247 1903 314 1945 partim
323 1901 349 1934 iili
360 1901 425 1944 cibum,
433 1906 502 1945 potum,
511 1906 530 1935 et
537 1912 624 1935 somnum
633 1901 713 1943 tollebat,
721 1908 740 1937 et

37 1955 158 1989 intentionem
171 1955 211 1988 eius
224 1955 243 1987 in
256 1954 324 1988 diuinis
339 1954 432 1997 obsequiis
446 1954 569 1998 perturbabat.
592 1954 645 1995 Quod
661 1965 702 1988 curn
716 1956 739 1988 ad

38 2009 114 2052 plenum
122 2018 188 2051 capere
196 2017 233 2041 non
240 2007 315 2050 valeret,
323 2006 395 2050 dyaboli
405 2007 544 2051 temptationem
552 2006 586 2041 hoc
596 2006 635 2041 fore
646 2005 719 2048 timens,
729 2018 740 2041 a

38 2073 71 2095 sua
78 2060 179 2095 intentione
187 2061 221 2094 hoe
231 2061 295 2103 procul
304 2060 395 2103 repellere
406 2061 511 2104 temptabat.
533 2060 609 2100 Verum,
620 2065 687 2102 quanto
697 2060 740 2102 plus
748 2070 767 2099 35

38 2113 57 2148 in
65 2115 99 2147 hoc
104 2113 211 2154 desudabat,
216 2117 267 2147 tanto
274 2112 326 2146 illum
333 2111 375 2156 ipsa
385 2112 468 2156 cogitatio
476 2110 535 2156 magis
543 2122 564 2146 ac
572 2111 631 2155 magis
637 2110 739 2147 infestabat.

38 2167 61 2201 Et
72 2178 114 2201 ecce
125 2166 204 2211 quadam
215 2171 273 2207 nocte,
284 2165 332 2200 inter
341 2172 439 2200 nocturnas
450 2165 528 2209 vigilias,
540 2165 570 2199 dei
580 2165 638 2209 gratia
648 2164 707 2200 illuxit
719 2165 738 2200 in

38 2221 94 2255 corde
111 2220 155 2260 eius,
171 2225 190 2254 et
205 2230 236 2254 res
251 2218 309 2263 patuit
325 2217 424 2253 intellectui
440 2219 485 2262 eius,
500 2225 518 2252 et
532 2218 623 2252 immenso
639 2219 706 2263 gaudio
721 2226 740 2254 et

38 2273 144 2307 iubilatione
155 2274 233 2317 repleuit
244 2272 305 2306 omnia
313 2272 377 2305 intima
386 2271 431 2306 eius.
454 2272 508 2314 Quod
517 2276 631 2315 conceperat,
642 2271 661 2305 in
673 2272 740 2307 tabulis

39 2326 117 2370 scripsit,
126 2331 143 2360 et
152 2326 223 2360 cuidam
228 2325 278 2360 fratri
285 2325 361 2360 sollicite
368 2325 518 2359 custodiendum⁸
524 2323 602 2359 tradidit.
622 2324 667 2358 Post
671 2325 740 2370 aliquot
748 2335 769 2364 40

38 2380 78 2414 dies
88 2379 159 2413 tabulas
167 2390 178 2412 a
186 2380 261 2413 custode
271 2377 349 2423 repetit:
357 2383 376 2411 et
383 2377 455 2421 quesite
464 2388 555 2420 nusquam
564 2381 650 2420 poterant
658 2377 741 2421 reperiri.

39 2432 121 2476 Reparat
132 2432 234 2467 Anselmus
243 2432 266 2467 de
276 2431 341 2466 eadem
352 2429 429 2464 materia
437 2429 528 2463 dictamen
536 2429 555 2463 in
563 2428 636 2472 tabulis,
646 2434 665 2464 et
674 2430 742 2466 iterum

58 2517 64 2534 ¹
74 2517 93 2546 E.
101 2517 177 2554 liquerat;
187 2517 205 2546 T.
213 2516 302 2554 reliquerat.
341 2515 347 2531 ²
356 2514 387 2545 Vit.
395 2514 464 2551 procede
502 2513 508 2531 ³
517 2513 535 2543 T.
543 2514 593 2543 rethe.
631 2513 637 2532 ⁴
648 2514 666 2545 T.
674 2514 703 2546 Cui
711 2514 742 2545 ilie.

37 2555 43 2573 ⁵
53 2557 71 2586 T.
79 2557 97 2587 E.
104 2560 157 2593 tanta;
167 2556 198 2586 Vit.
206 2556 258 2587 tacita.
337 2554 343 2571 ⁰
353 2555 371 2584 T.
378 2555 455 2584 credatur.
533 2552 539 2570 ⁷
549 2553 567 2583 T.
575 2553 614 2584 Nee.
694 2555 700 2573 ⁸
710 2555 743 2586 vit

38 2596 150 2627 custodiendas
