1762 2803
84 115 86 121 '
127 130 187 196 692,
385 122 510 186 duumuir
526 123 572 169 ΙΙΙ.

126 249 218 290 nolentem,
229 254 269 293 post
280 248 353 293 plurima
366 259 449 292 penarum
462 259 526 291 genera
539 248 642 282 occiderunt.
665 246 770 281 Huiusmodi
782 247 830 281 sama

127 301 259 343 circumquaque
270 299 333 341 Anglie
346 305 404 341 partes
415 299 491 342 perculit,
502 305 519 332 et
528 299 576 341 regia
588 298 671 340 dignitate
683 298 764 331 sublimes
776 298 829 331 latere

126 359 162 383 non
173 349 233 392 potuit.
257 350 334 382 Preiatus
345 348 397 391 igitur
407 359 437 382 rex
447 348 492 389 Offa,
504 348 640 382 Christianorum
652 357 712 381 necem
723 346 800 387 audiens,
812 352 829 379 et

126 401 182 443 legem
190 397 241 432 fidei¹
249 404 266 433 et
277 398 364 441 religionis
375 399 439 432 cultum
449 397 514 433 eisdem
525 398 603 432 hostibus
614 397 691 440 deperire
702 407 828 439 expauescens:

109 455 198 496 5accepto
210 461 221 483 a
233 449 268 483 suis
280 449 357 491 consilio,
369 450 391 484 de
402 448 506 492 primoribus
519 450 554 484 suis
566 449 626 491 viginti
639 449 683 482 duos
695 449 762 491 legatos
775 447 829 480 filium

126 510 176 534 suum
189 500 315 533 Freemundum
327 511 357 542 per
368 511 416 533 mare
427 511 458 542 per
468 507 522 534 terras
530 501 605 543 undique
613 500 708 542 quesituros
716 498 772 539 mittit,
780 498 829 531 inue·

126 549 213 584 nientibus
223 550 289 593 premia
300 550 355 584 labori
367 561 443 593 congrua
452 550 564 594 repromittit;
580 550 595 583 ei
608 550 648 583 fidei
660 549 752 582 christiane
764 549 829 582 cultum

92 604 93 607 ’
127 601 176 634 citius
189 601 264 633 hostium
279 600 387 633 immanitate
401 601 516 643 deperiturum
528 601 604 640 mandat,
617 599 650 632 nisi
663 599 699 641 ipse
714 609 745 642 pro
760 598 830 632 Christo

127 655 233 694 pugnaturus
243 650 293 684 citius
303 651 389 693 adueniat,
397 657 415 684 vt
425 651 465 684 fidei
476 653 534 685 hostes
544 655 635 693 expugnet,
646 650 687 683 fidei
698 649 770 683 subditis
782 648 830 682 auxi-

99 713 119 737 ιο
126 702 168 736 liurn
178 701 226 743 ferat,
236 702 295 736 fideles
305 703 327 736 ab
337 701 434 736 infidelibus
444 708 522 744 potenter
532 702 619 735 defendat.
642 702 682 734 Hoc
694 700 746 743 igitur
757 705 829 742 accepto

126 753 209 786 mandato
220 752 355 794 progrediuntur,
368 759 447 796 terraque
460 764 481 785 ex
494 758 542 794 parte
554 758 650 794 peragrata,
664 751 692 784 dei
705 752 793 784 uoluntate
806 750 829 783 ad

127 802 179 835 maris
190 802 254 835 insulas
264 803 376 844 exquirendas
387 802 440 835 cicius
450 802 547 843 pertingere
558 802 655 834 moliuntur.
677 800 760 834 Ascensis
771 800 829 841 itaque

127 851 205 892 nauibus,
216 861 250 894 qua
261 861 300 884 eum
312 855 401 894 quererent
412 861 468 894 quaue
479 856 570 893 pergerent
581 849 684 892 ignorantes,
695 850 759 884 ducatu
770 849 829 883 diuino

127 901 182 944 magis
190 911 242 944 quam
250 902 331 942 humano,
339 912 374 934 non
382 911 424 934 casu
431 901 462 934 sed
469 901 547 943 angelico
554 900 609 943 magis
617 910 705 944 persuasu,
714 901 736 934 ad
744 900 829 943 prefatam

100 966 118 997 15
127 952 201 985 insulam
212 962 246 995 qua
257 951 284 985 uir
296 951 323 986 dei
335 952 455 985 Freemundus
467 962 506 986 cum
520 951 555 986 suis
569 952 647 994 degebat,
659 951 747 994 inopinate
758 950 828 995 quidem

127 1002 234 1045 pertingunt:
246 1013 319 1045 eumque
329 1014 360 1046 per
369 1003 407 1036 loca
417 1002 469 1044 uaria,
479 1013 510 1045 per
521 1007 611 1036 nemorum
622 1003 690 1036 occulta
700 1008 795 1046 querentes,
805 1002 828 1035 ad

126 1054 163 1087 eius
174 1054 252 1085 cellulam
263 1054 334 1086 tandem
344 1053 451 1095 perueniunt,
460 1060 477 1086 et
488 1063 536 1085 more
547 1053 597 1086 solito
611 1063 650 1086 eum
663 1052 681 1085 in
694 1053 756 1085 eadem
768 1053 829 1085 cellula

126 1103 201 1136 oracioni
212 1108 308 1144 uacantem,
317 1103 372 1136 solum
384 1102 477 1143 inueniunt,
486 1108 503 1135 et
515 1102 575 1135 habitu
585 1108 678 1145 conspecto
689 1108 706 1135 et
718 1101 772 1145 ipsius
780 1102 829 1135 uultu

125 1158 208 1187 annotato
218 1159 349 1195 recognoscunt.
371 1152 418 1194 Quid
425 1153 485 1195 plura?
499 1153 571 1194 genibus
579 1152 615 1186 eius
624 1153 688 1195 pariter
694 1152 780 1195 prouoluti
793 1163 828 1185 non

99 1217 118 1238 ao
126 1207 184 1236 tamen
191 1202 213 1236 ab
221 1203 260 1247 ipso
268 1203 336 1246 cogniti,
344 1204 398 1246 patris
408 1209 425 1237 et
435 1204 529 1236 amicorum
538 1203 615 1245 graciam
624 1204 744 1245 pronunciant,
752 1204 828 1236 hostium

125 1254 219 1286 aduentum
234 1253 252 1286 in
269 1254 343 1296 patriam
361 1254 447 1294 intimant,
464 1253 601 1287 Christianorum
618 1264 679 1287 necem
696 1253 828 1297 circumquaque

124 1305 190 1336 feruere
201 1304 307 1344 confirmant,
319 1305 373 1345 patris
384 1310 401 1337 et
412 1304 472 1337 matris
483 1310 500 1337 et
511 1309 603 1346 parentum
614 1304 701 1337 interitum
713 1304 827 1347 promulgant,

125 1360 142 1387 et
153 1364 205 1395 super
215 1354 279 1394 omnia,
287 1354 327 1387 fidei
338 1354 439 1396 religionem
450 1354 529 1386 hostibus
540 1354 618 1396 deperire
629 1364 688 1387 coram
698 1365 720 1388 eo
731 1355 826 1397 deplorant.

124 1403 153 1436 Ad
167 1404 229 1437 horum
244 1403 305 1446 itaque.
315 1405 416 1438 relationem
431 1404 481 1437 miles
495 1404 559 1437 Christi
574 1403 616 1446 quid
630 1404 693 1438 saciati
720 1404 755 1446 Qui
770 1405 827 1438 seculo

99 1471 116 1501 ²5
124 1453 264 1488 renunciauerat:
277 1455 363 1498 quomodo
375 1454 398 1488 ad
408 1454 460 1487 seculi
470 1461 557 1488 certamen
565 1455 636 1489 redeat?
658 1456 749 1498 Quomodo
762 1455 827 1490 Christi

125 1511 194 1547 tyrones
208 1504 271 1538 Christi
284 1510 321 1547 tyro
335 1516 366 1548 pro
383 1505 447 1539 Christi
462 1516 520 1538 amore
535 1505 590 1547 perire
605 1506 712 1549 conspiciat?
734 1507 826 1548 Quomodo

126 1565 195 1588 suorum
208 1554 294 1587 interitum
309 1555 397 1587 uindicare
410 1557 509 1597 presumat?
533 1555 625 1596 Quomodo
640 1556 686 1589 mala
701 1555 733 1589 sibi
748 1556 777 1589 uel
791 1556 826 1590 suis

125 1605 242 1646 inserentibus,
254 1605 299 1638 mala
310 1605 365 1638 bonus
377 1604 414 1647 ipse
424 1605 512 1647 rependat,
524 1614 563 1638 cum
575 1605 612 1647 ipse
623 1603 668 1638 nisit
679 1606 724 1639 mala
737 1605 770 1640 sibi
784 1605 826 1640 infe-

125 1655 203 1688 rentibus
216 1656 262 1689 bona
275 1656 362 1698 rependat,
374 1656 430 1688 bonus
445 1665 484 1688 esse
497 1665 531 1688 non
545 1655 612 1688 ualeat?
635 1655 653 1688 Si
666 1657 688 1689 ad
702 1656 758 1699 ipsum
770 1658 826 1690 solnm

99 1720 118 1750 30
125 1706 184 1738 hostes
197 1705 237 1739 fidei
251 1705 372 1749 peruenissent,
385 1704 399 1739 si
412 1716 452 1740 eum
465 1716 496 1748 pro
508 1705 570 1739 Christi
583 1706 688 1740 consessione
699 1708 754 1741 solum
765 1718 827 1742 necare

125 1756 224 1796 uoluissent,
232 1755 301 1789 utilius³
308 1756 377 1797 quidem
387 1755 446 1789 mortis
454 1755 560 1789 sentenciam
569 1755 659 1789 sustineret
668 1767 721 1799 quam
730 1758 826 1791 resistendo

124 1806 214 1839 deuitaret.
237 1807 281 1838 Cum
292 1816 333 1839 uero
345 1805 438 1838 christiane
449 1805 488 1838 fidei
500 1806 573 1839 cultores
584 1817 595 1838 a
607 1805 646 1840 fidei
659 1807 737 1841 hostibus
750 1808 828 1850 deperire

125 1856 234 1899 conspiceret,
245 1867 302 1890 nonne
312 1867 331 1890 se
339 1856 417 1890 hostibus
427 1856 521 1900 pugnando
529 1857 608 1897 obiceret,
616 1863 635 1891 ut
645 1857 733 1901 sanguinis
744 1857 835 1893 effusione·

125 1908 171 1941 solus
179 1908 261 1950 plurimos
270 1909 361 1942 liberaret?
385 1907 413 1942 Sic
424 1907 476 1950 igitur
485 1908 526 1941 hinc
537 1908 578 1941 inde
587 1908 665 1942 discussa
676 1909 768 1951 sentencia,
776 1911 798 1943 de
809 1921 827 1944 re

97 1974 116 2006 35
125 1958 157 1992 sibi
165 1958 246 2001 ambigua
253 1959 340 2000 dubitans,
348 1964 365 1992 et
374 1959 391 1992 in
401 1964 442 1992 uoto
450 1969 481 1991 suo
491 1958 550 2000 nichil,
559 1959 590 1992 sed
601 1959 618 1992 in
628 1959 655 1993 dei
665 1959 751 1994 uoluntate
760 1961 827 2003 singula

125 2009 250 2052 derelinquens,
260 2020 302 2043 sano
312 2010 382 2052 quidem
393 2009 465 2043 consilio
476 2009 560 2051 preelegit
572 2010 600 2043 dei
610 2011 717 2044 uoluntatem
728 2011 827 2048 oracionum

126 2059 210 2099 suffragiis
222 2059 315 2102 exquirere,
329 2070 381 2102 quam
393 2069 415 2092 ex
427 2057 496 2101 proprio
510 2060 580 2092 arbitrio
592 2070 623 2101 pro
636 2060 706 2094 incertis
718 2061 767 2103 quasi
781 2068 828 2096 certa

126 2118 228 2150 presumere,
251 2108 364 2143 Orationibus
376 2109 433 2153 itaque
447 2108 501 2143 solitis
515 2109 621 2152 incumbens,
633 2116 650 2145 et
665 2122 686 2145 ex
701 2113 752 2146 corde
767 2112 828 2146 intimo

125 2170 160 2192 non
176 2169 225 2192 suam
238 2160 268 2193 sed
282 2160 310 2193 dei
323 2161 428 2194 uoluntatem
440 2160 535 2203 exquirens,
547 2161 629 2204 quidnam
640 2161 657 2195 ei
668 2173 719 2205 super
730 2162 828 2196 huiusmodi

97 2221 117 2249 40
124 2208 188 2241 nuncio
195 2210 282 2250 agendum
290 2220 301 2242 a
308 2210 341 2242 deo
349 2209 425 2253 exquirit.

171 2278 247 2311 Octurna
259 2278 310 2320 igitur
322 2280 388 2313 uisione
399 2281 450 2314 beato
462 2281 571 2315 Freemundo
583 2283 654 2323 angelus
667 2293 758 2325 apparens,
770 2286 828 2327 palam

192 2328 219 2360 dei
235 2328 341 2362 uoluntatem
357 2330 440 2363 innotuit:
460 2336 478 2363 vt
493 2337 553 2364 contra
569 2332 609 2364 fidei
627 2333 685 2365 hostes
700 2334 735 2366 fide
752 2336 828 2368 munitus

124 2379 204 2421 prodiret,
213 2378 307 2410 infidelium
319 2378 385 2412 rabiem
395 2390 430 2412 non
439 2380 537 2422 declinaret,
547 2392 566 2414 se
576 2381 655 2416 hostibus
665 2382 740 2418 obiceret
746 2395 751 2424 ;
763 2390 782 2418 ut
792 2396 827 2419 non

124 2441 134 2462 a
146 2440 165 2463 se
178 2429 228 2463 seda
240 2430 273 2463 deo
283 2429 372 2463 uictoriam
382 2431 471 2473 optineret.
493 2432 522 2465 Ad
533 2432 583 2467 huius
595 2432 619 2467 rei
631 2434 756 2478 certitudinem,
767 2437 801 2471 hoc
812 2438 828 2471 ei

96 2500 115 2529 45
123 2480 202 2523 angelico
214 2480 278 2514 nuncio
287 2481 367 2514 dominus
377 2481 480 2523 repromisit,
490 2487 509 2515 ut
519 2487 560 2525 quot
570 2484 627 2517 socios
638 2485 714 2527 haberet,
722 2492 748 2520 tot
757 2487 828 2521 hostes⁴

163 2569 261 2601 ¹T.E.dei.
323 2570 417 2602 2Μᾶηοιῑ.
478 2571 512 2603 ’Τ.
520 2573 538 2603 Ε.
546 2573 595 2604 citius
655 2574 783 2609 *diatonium
