1762 2803
237 101 283 159 Ul
297 101 398 155 &millu
414 101 541 155 wollent.
695 114 738 157 411

39 225 140 273 ingreditur
150 222 186 259 nisi
196 222 289 268 perfectus
297 227 315 258 et
322 221 411 258 innocens
419 226 437 257 et
445 221 468 256 ab
476 220 526 256 omni
536 223 611 266 peccato
618 218 691 266 penitus
699 230 742 266 pur·

40 279 102 327 gatus!
116 277 158 313 Hiis
166 276 220 313 dictis
227 276 332 312 ductoribus
339 275 379 312 eius
386 275 446 312 subito
454 275 472 311 in
481 275 539 311 celum
547 274 631 321 receptis,
639 275 663 309 ad
670 280 741 320 portam

40 336 63 371 de
74 333 149 369 Meuros
161 330 217 366 frater
227 330 258 365 ille
269 329 369 366 dimittitur.
391 329 476 374 Simplex
487 329 517 363 ille
528 329 585 363 frater
596 334 639 363 ante
647 328 743 369 visionem,

39 393 58 423 et
78 385 165 430 impedite
184 384 251 428 lingue,
270 383 295 419 ita
313 383 401 427 eloquens
421 387 439 418 et
457 381 529 417 subtilis
550 386 615 426 postea
632 381 691 415 sactus
708 385 743 422 est,

39 445 58 475 vt
73 439 96 473 de
108 436 213 481 euangeliis,
225 435 376 480 expositionibus,
389 440 408 469 et
422 434 504 469 historiis
518 434 607 469 rithmos¹
620 433 710 468 rethorice
725 438 743 467 et
750 444 760 476 5

39 495 116 528 venuste
131 494 254 533 componeret,
270 493 288 523 et
302 488 398 523 audientes
412 487 430 521 in
445 485 584 522 admirationem
602 495 702 521 conuersos
720 487 743 521 ad

40 542 136 580 lachrimas
147 546 261 587 prouocaret.
284 541 306 576 In
317 540 436 583 abstinentiis,
447 540 514 586 vigiliis
526 546 544 576 et
553 540 640 576 virtutum
651 539 743 575 exercitiis

39 607 98 641 usque
109 596 131 631 ad
143 600 222 630 mortem
234 605 363 640 perseuerans,
370 600 453 629 sanctam
465 594 543 629 Mariam
553 600 597 629 ante
608 593 677 628 obitum
688 603 743 628 suum

40 651 84 685 vidit
95 649 189 692 corporeis
199 649 257 681 oculis
266 648 327 692 ipsum
336 646 465 688 consolantem,
473 652 491 680 et
501 647 550 681 diem
562 645 672 691 egressionis
682 645 743 681 anime

40 712 73 737 sue
88 711 99 734 a
114 710 191 744 corpore
205 699 291 734 fratribus
306 699 390 746 predixit.
438 692 534 746 Apparuit
550 704 611 736 autem
630 708 695 735 seruus
713 697 743 735 dei
752 710 772 735 ro

40 754 136 790 Walleuus
146 754 218 789 cuidam
229 755 280 790 fratri
288 754 308 789 in
319 754 406 798 sompnis,
414 754 489 789 dicens:
502 753 629 798 ‘Suffragante
639 752 744 788 mediatrice

41 808 70 845 dei
84 812 102 842 et
115 807 210 842 hominurn
223 812 286 843 sancta
299 807 357 842 Maria
370 813 429 842 matre
442 807 511 842 domini
524 806 596 851 [nostri]
602 808 614 849 ²,
627 813 645 842 et
658 807 744 852 precibus

41 859 119 897 assiduis
130 859 182 904 meis,
194 861 278 896 omnibus
289 871 335 905 quos
348 861 382 896 sub
394 871 437 896 cura
450 860 537 904 pastorali
548 859 621 903 suscepi
632 871 643 894 a
654 859 745 894 saluatore

41 919 109 955 nostro,
118 913 154 947 vite
166 918 229 947 eterne
239 912 369 947 beatitudinem
381 912 489 957 impetraui;
501 911 517 947 si
528 911 569 956 quis
577 910 675 956 [illorumP
686 911 744 956 negli-

41 965 113 1011 gentius
119 965 189 1008 vixerit,
195 970 236 1009 post
243 964 291 1010 ignis
298 964 397 1011 purgatorii
404 965 551 1000 emendationem
558 965 581 1000 ad
589 965 648 1000 celum
656 964 744 1010 migrabit
753 974 771 1008 ¹⁵

42 1018 88 1061 Hoc,
100 1017 163 1063 inquit,
175 1018 248 1065 signum
258 1019 320 1054 verbis
331 1019 377 1055 meis
388 1019 444 1055 fidem
455 1025 524 1055 certam
535 1018 567 1054 tibi
578 1025 661 1064 prestare
672 1023 744 1063 potest:

42 1083 82 1107 cras
90 1072 139 1106 enirn
147 1072 193 1106 hora
200 1073 252 1107 tertia
260 1078 298 1107 tres
306 1071 371 1108 iratres
381 1078 453 1117 portam
463 1072 561 1116 intrabunt,
569 1072 599 1118 qui
607 1073 672 1107 eodem
680 1072 744 1109 ordine

42 1136 77 1170 quo
88 1125 202 1161 intrauerunt
213 1137 225 1160 a
235 1127 297 1161 seculo
306 1125 420 1171 migrabunt!
443 1126 465 1161 Et
477 1127 544 1162 iactum
555 1132 584 1161 est
593 1127 623 1160 ita.
667 1119 704 1161 Vir
714 1126 744 1161 dei

42 1179 98 1214 abbas
113 1179 211 1214 Walleuus
228 1179 338 1224 ydropicos⁴
353 1185 391 1215 tres
410 1180 489 1222 curauit;
508 1180 618 1214 monachum
636 1185 707 1214 mutum
725 1185 745 1213 et

43 1242 106 1265 cecum
114 1231 200 1275 pristine⁵
207 1232 260 1266 saluti
271 1232 359 1275 restituit;
371 1231 483 1267 calculosum
495 1236 513 1267 et
523 1230 650 1267 intestinorum
661 1230 745 1267 molestia
753 1243 773 1266 ro

42 1290 128 1320 vexatum
138 1284 219 1328 sanauit;
231 1285 356 1321 demoniacum
367 1285 455 1320 liberauit.
478 1285 550 1330 Elapsis
558 1291 619 1320 autem
626 1291 668 1329 post
676 1285 745 1320 obitum

43 1338 82 1372 eius
93 1337 146 1372 annis
157 1338 261 1382 tresdecim,
269 1349 336 1384 corpus
347 1338 392 1382 eius,
400 1349 442 1374 cum
450 1337 515 1383 pannis
523 1337 589 1382 quibus
597 1337 630 1372 suit
636 1338 746 1381 inuolutum,

43 1391 167 1435 incorruptum
180 1397 199 1428 et
212 1391 310 1437 integrum,
324 1392 381 1427 multo
396 1390 493 1427 dormienti
509 1390 587 1426 similius
602 1401 657 1436 quarn
673 1397 746 1427 mortuo

43 1444 139 1479 inuenitur.

65 1525 113 1571 [MS.
120 1526 160 1563 Tib.
168 1525 227 1564 adds:
328 1545 343 1582 q
359 1543 462 1579 Incidenda,

65 1608 128 1651 “Cum
139 1617 196 1652 abbas
209 1617 301 1653 Iohannes
316 1619 339 1653 ad
354 1618 445 1653 uisitanda
455 1618 578 1663 apostolorum
588 1618 652 1653 limina
667 1618 746 1653 Romam
755 1633 773 1665 ²5

44 1668 124 1704 uenisset
133 1674 151 1704 et
162 1671 236 1706 beatum
244 1671 353 1716 Gregorium
364 1682 432 1715 papam
443 1682 477 1714 per
487 1672 568 1705 medium
580 1671 657 1705 ciuitatis
668 1671 746 1705 transire

44 1721 124 1765 uidisset,
138 1723 194 1757 uoluit
206 1723 223 1757 ei
237 1733 333 1758 occurrere
346 1734 372 1765 ae,
385 1727 406 1757 ut
420 1723 502 1766 decebat,
516 1724 641 1758 reuerenciam
653 1724 747 1759 exhibere.

45 1771 127 1808 Cernens
140 1786 185 1809 uero
197 1775 261 1810 beatus
273 1775 374 1820 Gregorius
387 1776 435 1820 quod
450 1786 472 1811 se
484 1776 503 1810 in
515 1781 564 1811 terra
577 1776 633 1811 uellet
646 1775 747 1821 prohicere,

45 1823 135 1861 festinauit
143 1834 162 1862 et
172 1827 232 1873 primo
243 1839 265 1864 se
276 1840 338 1864 coram
348 1829 389 1874 ipso
397 1829 416 1864 in
423 1834 492 1864 terram
502 1829 606 1874 prostrauit,
613 1840 647 1864 nec
655 1829 698 1864 inde
705 1840 746 1864 sur-

45 1878 91 1913 rexit
102 1891 197 1926 quousque
208 1883 263 1917 abbas
274 1882 334 1927 primo
345 1881 462 1917 surrexisset.
509 1874 604 1927 ⁷Quidam
616 1882 705 1917 heremita
715 1882 746 1928 qui
754 1899 774 1929 3⁰

45 1932 105 1967 omnia
118 1940 194 1979 propter
204 1935 260 1970 deum
273 1935 371 1979 reliquerat
382 1939 400 1969 et
411 1935 466 1969 nichil
478 1940 542 1978 preter
552 1946 607 1969 unam
617 1941 676 1969 catam
687 1936 746 1980 possi-

45 1984 103 2028 debat,
114 1996 168 2031 quam
178 1987 273 2022 blandiens
288 1988 353 2022 crebro
365 1986 417 2032 quasi
428 1986 575 2022 cohabitatricem
588 1988 607 2022 in
620 1988 659 2022 suis
670 1989 747 2033 gremiis

45 2037 147 2084 refouebat3
160 2040 219 2074 orauit
229 2040 252 2075 ad
263 2040 356 2075 dominum
367 2045 386 2075 ut
397 2040 431 2075 sibi
443 2042 540 2075 ostendere
548 2041 654 2086 dignaretur
661 2052 702 2077 cum
711 2052 748 2088 quo

45 2088 104 2127 future
112 2093 268 2129 remuneracionis
275 2094 390 2130 mansionem
400 2105 476 2139 sperare
484 2095 583 2138 debuisset,
591 2095 621 2140 qui
629 2095 677 2130 illius
685 2107 748 2132 amore

46 2143 100 2180 nichil
112 2157 135 2182 ex
148 2147 204 2183 seculi
216 2147 286 2184 diuiciis
297 2147 408 2193 possidebat.
431 2148 454 2182 Et
465 2148 566 2183 reuelatum
578 2154 606 2183 est
616 2149 634 2184 ei
645 2151 694 2194 quod
705 2160 747 2184 cum
755 2163 774 2194 35

46 2196 134 2242 Gregorio
140 2202 255 2234 mansionem
260 2211 335 2244 sperare
341 2201 421 2235 deberet
444 2201 467 2234 Et
474 2211 516 2235 curn
521 2200 590 2236 sortiter
597 2201 749 2246 ingemiscens?

47 2247 129 2294 Gregorii
140 2251 216 2287 diuicias
227 2263 260 2287 sue
272 2254 374 2298 paupertati
385 2253 415 2288 die
426 2258 517 2298 nocteque
528 2253 639 2297 suspirando
650 2254 748 2297 conferret,

46 2300 81 2337 alia
91 2310 144 2339 noete
155 2305 223 2340 audiuit
235 2306 329 2342 dominum
341 2306 432 2342 dicentem
443 2306 490 2342 sibi:
502 2306 560 2342 ‘Cum
569 2307 645 2343 diuitem
656 2319 694 2344 non
705 2319 749 2354 pos-

47 2356 104 2391 sessio
116 2356 223 2394 diuiciarurn
234 2359 293 2403 saciat,
304 2365 333 2395 set
344 2359 422 2406 cupido:
440 2371 473 2395 cur
487 2362 544 2397 audes
558 2366 685 2406 paupertatem
698 2366 749 2398 tuam

67 2469 71 2487 ¹
81 2471 113 2504 Vll.
120 2474 160 2505 adds
167 2474 228 2513 anglica
234 2474 293 2512 lingua.
353 2474 360 2493 ⁵
370 2485 400 2506 orn.
408 2475 424 2505 in
432 2476 450 2506 Ε.
509 2476 515 2494 ¹
526 2476 545 2508 E.
552 2486 611 2507 eorum.
674 2476 680 2495 ⁴
691 2477 709 2506 Ε.
716 2481 749 2506 tres

46 2508 135 2548 ydropicus.
197 2516 203 2532 θ
211 2514 230 2544 T.
237 2513 303 2552 pnsum.
360 2513 367 2530 ¹
377 2515 424 2545 From
432 2516 470 2554 Leg.
477 2515 536 2553 Aurea,
543 2524 559 2555 p.
568 2525 602 2555 193.
659 2515 666 2533 Ὺ
676 2516 700 2547 Ci.
709 2515 746 2554 teg.

47 2547 103 2589 Aurea,
112 2560 126 2590 p.
136 2561 170 2591 195.
231 2553 237 2571 ¹
247 2553 265 2584 T.
273 2553 389 2593 ingemisceret.
