1762 2803
248 120 293 175 bt
308 119 408 172 sancto
423 120 557 187 malonia.
713 127 755 178 163

55 251 127 286 quoque
138 245 156 274 et
164 240 243 275 tonitrua
253 246 271 275 et
283 241 390 277 horribiles¹
399 242 474 287 spiritus
486 241 607 287 procellarum
615 241 664 276 dlem
671 241 756 277 ultimum

55 294 189 336 minabantur²,
195 294 310 340 vicinamque
316 295 408 329 elementa
414 294 678 340 intemptantomniamortem.
693 294 757 329 Oratio

55 347 105 383 enim
114 347 202 382 Malachie
210 353 328 383 concusserat
336 349 431 391 elementa,
439 354 457 383 et
467 348 516 383 solos
527 348 640 393 tempestas³
648 348 757 392 intercepit⁴

56 400 86 446 qui
101 401 202 444 querebant
217 401 298 435 animam
313 401 362 443 eius;
375 401 424 435 solos
439 402 492 435 turbo
507 402 617 435 tenebrosus
633 400 709 435 inuoluit
726 401 757 445 qui

55 463 112 497 opera
122 454 240 488 tenebrarum
248 459 364 498 parauerant.
387 454 430 498 Ipse
442 454 521 498 denique
532 455 563 498 qui
574 454 663 499 princeps
673 453 775 491 extiterat5

56 505 100 541 tanti
119 506 168 548 mali,
185 506 261 541 fulmine
279 517 379 551 percussus
397 507 471 549 interiit,
487 517 528 541 cum
545 507 586 542 aliis
600 506 664 548 tribus,
679 517 758 551 quorum

57 559 141 602 sequenti
158 559 188 593 die
206 559 282 594 inuenta
298 564 341 593 sunt
355 570 433 603 corpora
448 560 536 593 semiusta
551 565 569 593 et
584 560 657 602 putrida
672 561 758 592 arborum

56 611 113 645 ramis
119 611 244 653 herentia,vbi
252 611 327 655 spiritus
335 610 439 655 malignus³
446 611 522 645 eleuans
529 611 621 646 allisisset.
643 611 680 646 Alii
686 622 758 657 quoque

56 670 94 699 tres
102 663 187 699 semiuiui
198 664 268 699 inuenti
279 671 327 707 sunt,
338 665 404 698 ceteris
415 665 499 699 omnibus
511 665 653 709 circumquaque
663 665 758 709 dispersis.

56 710 115 752 Anno
131 718 184 751 etatis
199 729 232 752 sue
246 718 339 752 tricesimo
351 724 416 752 octauo
430 728 502 762 pauper
514 717 613 752 Malachias
625 717 759 753 Archmacanr⁶
768 728 788 749 ιο

57 770 111 805 totius
124 770 214 807 Hibernie
225 770 377 816 metropolitanus
390 771 469 806 intrauit.
492 770 545 815 Rege
554 782 599 806 vero
613 771 716 816 ceterisque
728 771 759 815 qui

57 825 196 859 introduxerant
207 836 250 859 eum
261 826 284 859 ad
296 825 371 870 propria
382 826 512 865 remeantibus,
523 824 564 868 ipse
578 829 661 859 remanet
672 825 691 858 in
703 834 759 858 manu

58 876 97 911 dei:
110 882 128 911 et
138 883 234 912 remanent
244 878 271 912 illi
281 878 326 912 foris
335 889 403 922 pugne,
411 877 461 912 intus
471 877 552 912 timores.
575 877 623 910 Nam
633 888 677 911 ecce
685 876 761 919 viperea

58 930 136 971 soboles,
144 930 233 963 frendens
244 936 262 964 et
272 930 375 965 vociferans
387 940 408 964 se
419 928 534 969 exheredari,
545 934 582 962 tota
593 939 615 963 se
626 928 675 963 intus
687 933 705 963 et
716 928 760 962 foris

58 982 133 1016 suscitat
151 984 241 1017 aduersus
260 982 355 1017 dominum
374 987 392 1016 et
410 982 500 1016 aduersus
517 981 606 1016 christum
622 980 668 1015 eius.
703 982 760 1015 Porro
770 991 788 1021 15

59 1035 145 1078 Nigellus‚
157 1034 222 1069 videns
234 1035 268 1069 sibi
280 1034 341 1079 sugam
353 1034 455 1077 imminere,
466 1034 507 1070 tulit
517 1045 580 1070 secum
591 1034 670 1080 insignia
681 1035 760 1080 quedam

59 1088 108 1123 sedis
116 1088 169 1130 illius,
177 1095 248 1124 textum
257 1089 324 1124 scilicet
333 1089 470 1133 euangeliorum
477 1089 508 1134 qui
517 1089 550 1123 suit
562 1088 610 1122 beati
619 1088 697 1129 Patricii,
705 1089 760 1123 bacu-

59 1142 133 1185 lumque
148 1153 193 1176 auro
206 1148 276 1177 textum
290 1148 308 1177 et
325 1143 404 1187 gemmis
420 1141 562 1186 preciosissimis
580 1142 693 1184 adornatum,
705 1152 760 1186 quem

59 1194 154 1229 nominant
166 1196 261 1231 ‘baculum
275 1195 340 1238 lhesu,¹
353 1207 375 1230 eo
389 1195 437 1240 quod
450 1196 491 1240 ipse
504 1194 595 1236 dominus,
608 1199 628 1229 vt
641 1194 676 1228 sert
692 1194 761 1237 opinio,

60 1259 101 1280 eum
115 1248 153 1281 suis
167 1249 251 1282 manibus
264 1249 344 1283 tenuerit
355 1253 410 1291 atque
422 1247 534 1287 sormauerit,
546 1252 564 1281 et
576 1245 605 1280 hic
617 1257 691 1281 summe
702 1245 790 1291 digni-10

59 1301 100 1335 tatis
116 1305 135 1335 et
146 1300 270 1336 venerationis
284 1300 304 1335 in
320 1306 376 1344 gente
392 1300 423 1334 illa
437 1305 471 1334 est.
494 1300 534 1333 lbat
547 1300 602 1333 homo
617 1300 728 1343 girouagus⁷
743 1305 762 1333 et

60 1353 105 1388 alter
112 1353 210 1397 sahanas,
218 1353 306 1389 circuibat
313 1358 381 1388 terram
389 1358 408 1388 et
415 1352 554 1398 perambulabat
567 1363 607 1387 earn
619 1352 699 1397 insignia
710 1363 763 1388 sacra

60 1406 200 1442 circumferens:
220 1418 256 1451 que
274 1407 341 1451 vbique
365 1408 467 1441 ostendens
485 1406 621 1449 venerabatur;
640 1406 763 1451 seduxitque⁸

60 1459 132 1502 multos,
148 1459 244 1494 omnibus⁰
264 1460 344 1494 suadens
363 1470 384 1494 se
402 1458 510 1503 episcopum
529 1470 571 1493 esse
590 1460 663 1493 debere.
691 1459 763 1494 Virtute

60 1511 134 1547 tandem
142 1511 204 1545 diuina
211 1511 250 1546 vias
255 1511 268 1530 ¹⁰
275 1512 315 1546 eius
322 1512 351 1546 vir
359 1512 388 1546 dei
396 1510 481 1555 sepiuit¹¹
489 1524 493 1546 ι
504 1517 523 1545 vt
529 1511 542 1531 ¹¹¹
550 1510 641 1555 malignus
651 1511 682 1545 ille
689 1517 764 1546 coactus
772 1520 791 1550 ²5

61 1563 84 1597 sit
92 1565 171 1599 reddere
180 1564 265 1608 insignia,
276 1569 294 1598 et
305 1564 325 1598 in
337 1564 388 1598 omni
399 1564 512 1598 subiectione
524 1565 548 1597 de
559 1564 629 1609 reliquo
641 1565 763 1608 requiescere.

62 1608 145 1661 Quidam
152 1616 230 1662 gratiam
238 1616 309 1652 habens
319 1617 423 1662 principum
434 1622 452 1652 et
462 1617 517 1662 regis,
529 1628 552 1652 eo
562 1617 612 1662 quod
623 1617 705 1652 adulator
713 1624 763 1653 esset

61 1675 79 1703 et
90 1671 174 1714 garrulus
185 1676 204 1706 et
215 1676 282 1715 potens
294 1671 312 1705 in
326 1670 394 1715 lingua,
407 1670 436 1705 hic
450 1671 522 1705 fauebat
533 1682 568 1716 per
579 1671 640 1705 omnia
651 1671 764 1706 aduersariis

63 1721 163 1766 Malachie3
179 1723 261 1767 presenti
272 1724 370 1758 resistebat
381 1724 400 1758 in
413 1723 465 1765 facie,
473 1723 545 1757 absenti
554 1724 662 1758 detrahebat
668 1724 686 1765 ¹³,
694 1724 764 1758 irreue·

62 1779 124 1809 renter
138 1787 237 1810 occurrens
251 1777 267 1810 ei
281 1776 300 1811 in
313 1776 363 1811 omni
376 1776 428 1810 loco:
440 1777 473 1810 sed
488 1776 523 1810 cito
539 1776 594 1819 digna
609 1777 670 1818 lingue
681 1776 764 1818 procacis
773 1789 793 1818 ³0

62 1829 147 1861 mercede
162 1829 241 1862 donatus
256 1833 290 1862 est.
313 1827 401 1862 Intumuit
417 1832 435 1862 et
451 1828 562 1871 computruit
577 1828 639 1871 lingua
653 1827 764 1868 maledica³‘,

62 1881 155 1914 vermibus
167 1891 191 1914 ex
204 1890 226 1915 ea
238 1880 350 1915 scatentibus
363 1885 382 1914 et
393 1879 527 1914 diffluentibus:
540 1891 586 1925 quos
597 1891 632 1925 per
642 1886 714 1924 septem
725 1879 765 1915 sere

63 1931 102 1967 dies
117 1932 232 1969 incessanter
243 1944 327 1975 vomens,
340 1943 382 1968 cum
395 1932 430 1968 illis
443 1934 518 1968 tandem
530 1933 616 1969 miseram
627 1934 683 1969 vitam
694 1934 764 1978 expuit.

64 1976 162 2029 Loquente
186 1987 285 2031 aliquando
309 1986 399 2021 Malachia
417 1992 436 2021 et
455 1987 543 2031 populum
565 1987 680 2028 exhortante,
699 1987 766 2022 mulier

63 2039 141 2080 quedam
149 2039 212 2074 infelix
218 2050 263 2075 ausa
270 2045 298 2075 est
306 2040 409 2083 irrumpere
415 2039 428 2058 ¹⁵
436 2050 542 2073 sermonem
550 2039 662 2073 clamoribus
670 2039 765 2083 improbis,
774 2050 792 2081 ³5

63 2099 99 2124 non
107 2091 194 2126 deterens
205 2090 296 2126 sacerdoti
304 2096 322 2125 et
333 2090 404 2136 spiritui
409 2090 423 2111 ’ὅ
434 2089 464 2136 qui
476 2091 589 2137 loquebatur.
612 2092 657 2127 Erat
668 2097 730 2127 autem
742 2092 766 2127 de

63 2144 151 2186 progenie
166 2144 228 2188 impia,
241 2150 260 2178 et
272 2145 357 2189 spiritum
372 2145 443 2179 habens
456 2145 476 2179 in
491 2146 571 2188 naribus,
585 2145 710 2190 blasphemias
722 2154 766 2179 con·

63 2196 183 2241 tumeliasque
195 2199 291 2233 euomebat
303 2197 322 2232 in
334 2202 424 2240 sanctum,
437 2197 502 2232 dicens
514 2198 616 2244 ypocritam
630 2204 648 2233 et
660 2199 765 2234 inuasorem

64 2247 123 2284 aliene
139 2250 251 2294 hereditatis,
265 2252 298 2286 sed
316 2257 334 2285 et
350 2251 431 2286 caluiciei
446 2251 495 2286 illius
501 2252 513 2272 ¹³
529 2252 662 2296 improperans
685 2251 708 2286 Et
723 2262 767 2286 ecce

63 2308 116 2335 versa
130 2309 158 2336 est
172 2304 204 2337 illa
218 2304 237 2338 in
252 2304 347 2347 insaniam,
361 2303 435 2337 domino
450 2304 559 2346 vindicante¹
575 2310 593 2339 et
607 2304 676 2340 crebris
690 2305 767 2339 uocibus
774 2313 795 2344 40

65 2351 158 2391 clamitans
177 2367 198 2391 se
217 2368 228 2391 a
245 2356 337 2392 Malachia
354 2356 445 2400 suffocari,
462 2364 522 2392 morte
540 2357 632 2393 horrenda
650 2358 765 2403 blasphemie

65 2413 159 2447 peceatum
174 2409 212 2444 luit.
257 2403 362 2445 Malachias
380 2411 455 2445 tandem
474 2411 567 2445 constituit
581 2421 616 2454 pro
634 2421 655 2446 se
672 2411 766 2445 Gelasium

65 2498 70 2518 fl
80 2464 116 2534 :lstT-
124 2467 142 2497 E.
149 2468 234 2499 horribilis.
242 2507 249 2525 ι
268 2468 274 2486 ²
284 2468 315 2499 Vit.
323 2468 419 2516 minitantur.
434 2507 440 2527 τ
449 2468 455 2486 ³
465 2468 483 2500 F„
492 2475 584 2508 rempestas
615 2470 622 2529 '¹
632 2470 650 2501 T.
658 2470 677 2500 E.
683 2470 768 2518 interiecit.

108 2516 215 2580 *taus
258 2508 608 2588 taetramarmus
630 2511 768 2581 stertet

66 2581 121 2616 double
129 2587 169 2621 inE.
195 2588 206 2608 ¹¹
214 2589 325 2621 amalecitem
346 2589 510 2629 ¹⁵atinterrumpere.
531 2589 648 2630 ¹⁶E,spiritum.
669 2590 768 2630 ”Lipsius

399 2649 432 2674 ΜΖ
