1762 2803
133 142 174 180 162
233 170 234 174 ,
321 140 401 189 muta
417 137 532 198 liumus
547 137 640 199 unalia

131 257 233 300 [obtentum
240 257 275 301 iril.
298 256 337 291 Nec
347 257 397 292 enim
407 256 509 301 episcopari
517 256 633 302 patiebantur
644 255 679 290 nisi
691 256 722 300 qui
734 262 797 291 essent
809 258 832 293 de

130 310 178 346 tribu
191 316 210 345 et
222 310 290 345 familia
303 321 341 344 sua.
365 311 411 344 Octo
426 310 475 344 enim
491 311 527 344 iam
541 311 638 344 extiterant
651 315 693 344 ante
707 309 782 344 Celsum
797 310 832 345 viri

130 363 207 406 uxorati,
220 369 238 399 et
253 365 323 407 absque
339 363 439 405 ordinibus,
454 363 528 398 litterati
545 369 611 398 tamen.
635 362 681 397 Inde
698 367 735 396 tota
752 362 783 397 illa
798 374 832 407 per

130 416 235 450 uniuersam
253 416 362 450 Hiberniam
381 416 475 450 dissolutio
492 417 615 450 ecclesiastice
635 416 735 460 discipline,
752 427 831 451 censure

113 469 229 510 5eneruatio‚
244 468 337 512 religionis
349 468 453 511 euacuati03
466 469 509 503 inde
521 468 551 502 illa
558 468 631 513 ubique,
643 479 677 513 pro
689 468 830 503 mansuetudine

131 521 245 563 christiana¹,
261 532 305 555 seua
317 522 420 555 introducta
430 521 529 562 barbaries,
544 522 601 555 immo
615 521 747 566 paganismus²
758 520 832 565 quidam

130 573 226 608 inductus³
244 575 278 608 sub
297 575 371 607 nomine
390 573 493 608 christiano.
516 575 569 616 Nam,
584 576 633 618 quod
648 574 749 608 inauditum
767 579 795 607 est
809 575 832 608 ab

82 642 83 645 ¹
130 625 171 669 ipso
183 625 320 660 christianitatis
331 625 382 659 initio
387 626 399 667 ¹,
408 625 448 660 sine
458 626 527 669 ordine,
541 627 593 660 sine⁶
604 626 674 660 ratione
686 627 803 659 mutabantur
814 633 832 660 et

130 679 296 722 multiplicabantur
304 678 386 723 episcopi
394 690 427 722 pro
433 678 485 713 libitu
497 679 637 723 metropolitani,
646 679 671 714 ita
678 684 697 714 vt
704 689 752 714 vnus
762 678 832 723 episco-

104 741 122 763 10
130 738 185 775 patus
195 743 231 766 vno
241 742 279 765 non
290 737 340 765 esset
351 736 448 766 contentus
460 732 552 776 episcopo,
565 733 598 766 sed
610 731 682 776 singule
693 743 742 776 pene
754 732 832 767 ecclesie

131 785 213 829 singulos
232 785 321 820 haberent
339 785 442 829 episcopos.
471 785 507 819 Pro
522 785 559 819 hiis
574 796 617 829 ergo
632 785 753 819 vehementer
768 785 832 820 dolens

131 839 196 873 Celsus
209 838 278 872 curauit
289 849 415 872 successorem
426 838 495 872 habere
507 838 620 880 Malachiam,
632 850 654 872 eo
666 839 714 882 quod
726 849 760 882 per
771 838 832 881 ipsum

133 892 233 925 confideret
241 901 297 935 posse
305 890 407 933 explantari
415 892 463 924 male
471 891 569 924 radicatam
578 891 719 933 successionem,
727 891 758 935 qui
766 891 832 926 charus

131 946 182 977 esset
193 943 284 983 omnibus,
296 948 314 976 et
325 953 381 986 quem
392 954 457 975 omnes
469 943 599 984 emularentur,
610 949 629 976 et
640 944 725 976 dominus
737 949 776 976 erat
789 954 830 977 cum

105 1004 122 1034 15
131 1006 158 1029 eo.
182 994 220 1028 Nec
231 995 327 1029 frustratus
339 1000 367 1029 est
378 1005 389 1028 a
400 1005 434 1038 spe
445 1006 490 1028 sua:
502 1005 545 1028 nam
557 995 588 1028 illo
599 1001 677 1036 mortuo,
685 994 793 1028 substitutus
805 1002 833 1029 est

132 1046 237 1086 Malachlas,
247 1057 284 1081 non
295 1051 357 1080 tamen
368 1057 416 1087 mox,
426 1057 486 1090 neque
496 1047 515 1080 id
524 1047 582 1081 facile.
606 1048 653 1082 Ecce
665 1048 714 1081 enim
726 1047 832 1082 desemine

132 1111 211 1144 nequam
216 1101 247 1144 qui
252 1106 329 1144 occupet
335 1101 400 1141 locum,
407 1100 507 1135 Mauricius
512 1100 596 1135 nomine:
605 1101 636 1145 qui
642 1111 676 1146 per
681 1099 832 1144 quinquennium,

131 1154 189 1187 fretus
194 1153 362 1197 potentiaseculari,
369 1153 461 1187 incubauit
466 1153 544 1187 ecclesie
550 1164 586 1187 non
593 1153 692 1197 episcopus
698 1154 731 1187 sed
737 1159 832 1197 tyrannus.

133 1199 235 1251 Egrotante
246 1211 307 1241 autem
319 1206 378 1248 Celso,
387 1204 471 1250 apparuit
479 1205 568 1240 Malachie
581 1206 635 1250 longe
646 1207 706 1250 posito
718 1206 785 1240 mulier
792 1218 832 1250 pro-

104 1269 123 1291 20
131 1252 180 1293 'cent
188 1264 206 1293 et
217 1258 315 1292 reuerendi
322 1259 389 1292 vultus.
412 1259 541 1292 Percunetanti
553 1260 644 1302 quenaml
657 1266 711 1300 esset,
722 1270 832 1302 responsum

130 1318 159 1346 est
174 1322 216 1345 esse
227 1322 304 1345 uxorem
320 1310 379 1354 Celsi;
391 1322 427 1355 que
442 1311 459 1346 ei
474 1312 549 1345 tradens
564 1311 635 1356 virgam
647 1311 764 1357 pastoralem,
777 1323 832 1355 quam

131 1376 186 1399 manu
201 1365 280 1406 tenebat,
293 1363 386 1408 disparuit.
410 1364 476 1398 Paucis
492 1364 574 1398 decursis
591 1365 662 1407 diebus,
674 1365 740 1398 Celsus
752 1366 832 1398 moriens

131 1418 179 1452 misit
190 1417 275 1451 baculum
287 1428 341 1451 suum
353 1417 442 1451 Malachie
454 1422 542 1461 tanquam
556 1417 591 1452 sibi
604 1429 718 1452 successuro.
741 1418 801 1460 Quem
813 1424 832 1451 vt

131 1471 181 1511 vidit,
194 1470 256 1513 ipsum
269 1481 312 1504 esse
325 1481 380 1513 quem
394 1470 465 1504 viderat
476 1469 582 1504 intellexit&
628 1463 692 1505 Huius
705 1471 792 1515 precipue
804 1481 832 1504 re-

104 1533 123 1562 25
132 1522 289 1557 cordatiovisionis
294 1522 358 1556 terruit
363 1521 470 1555 Malachiam
475 1533 499 1555 ne
504 1523 524 1565 si,
531 1523 589 1566 quod⁵¹
594 1523 625 1556 diu
630 1523 674 1556 satis
681 1522 832 1563 dissimulassem,

131 1576 177 1610 vltra
192 1579 282 1615 renueret,
297 1574 359 1609 diuine
374 1575 461 1608 resistere
474 1575 563 1609 voluntati
574 1576 672 1610 videretur.
698 1575 831 1609 Verumtamen

132 1628 223 1665 ciuitatem
229 1638 266 1662 non
272 1626 351 1670 intrauit,
357 1626 444 1671 quamdiu
452 1626 481 1660 ille
489 1627 584 1661 incubator
589 1627 601 1647 '¹
609 1627 688 1670 vixit,ne
694 1628 728 1662 hac
736 1629 832 1663 occasione

131 1681 245 1725 contingeret
253 1681 298 1715 mori
307 1691 417 1725 quemquam
423 1692 446 1715 ex
452 1681 488 1715 hiis
496 1682 562 1725 quibus
568 1680 623 1715 vitam
631 1681 690 1726 magis
697 1681 832 1716 ministraturus

131 1734 221 1770 veniebat.
244 1734 295 1767 lllo12
302 1734 357 1777 igitur
364 1733 419 1767 celeri
427 1739 485 1768 morte
494 1739 545 1777 rapto
552 1733 564 1753 ¹³
572 1734 595 1768 de
603 1734 669 1776 medio,
677 1745 742 1769 rursus
750 1734 832 1778 Nigellus

103 1800 123 1827 30
131 1787 210 1831 quidam,
225 1787 282 1820 immo
295 1797 338 1821 vere
352 1786 466 1830 nigerrimus,
479 1787 543 1821 sedem
554 1786 648 1830 preripuit,
660 1797 715 1830 quem
728 1787 831 1828 Mauricius

131 1841 175 1874 dum
182 1839 258 1879 viueret,
267 1838 301 1872 sibi
309 1839 397 1872 heredem
406 1839 473 1872 statuit.
497 1839 541 1872 Erat
549 1841 598 1872 enim
607 1850 630 1872 ex
638 1840 737 1882 dampnata
744 1839 832 1882 progenie

132 1890 218 1927 Mauricii.
242 1891 285 1925 Rex
296 1890 372 1935 [vero]¹4
380 1896 398 1924 et
408 1891 488 1934 episcopi
500 1895 518 1924 et
530 1891 594 1925 fideles
602 1896 652 1925 terre
660 1890 779 1925 nihilominus
790 1902 833 1924 con-

130 1950 227 1987 uenerunt,
234 1949 254 1978 vt
263 1943 372 1979 Malachiam
380 1942 522 1979 introducerent.
546 1943 569 1977 Et
577 1954 620 1978 ecce
628 1943 724 1978 consilium
732 1943 832 1987 malignan-

130 2000 176 2033 tium
190 2010 213 2032 ex
228 1995 319 2032 aduerso:
336 1997 411 2041 quidam
426 1998 449 2032 de
464 1997 507 2032 filiis
520 1996 578 2031 Belial
590 2002 688 2042 promptus
700 1998 723 2032 ad
737 1998 831 2040 maliciam,

104 2065 122 2094 35
131 2058 197 2094 potens
205 2051 224 2084 in
232 2051 330 2094 iniquitate,
339 2050 400 2085 sciens
408 2051 468 2084 locum
475 2050 506 2084 vbi
517 2050 585 2094 pariter
592 2049 692 2084 conuenire
702 2050 832 2090 decreuissent,

131 2102 194 2137 multis
202 2101 305 2146 aggregatis
317 2102 352 2136 sibi
362 2103 440 2137 latenter
447 2103 528 2137 vicinum
539 2103 634 2146 occupauit
645 2103 709 2136 collem
720 2104 832 2136 eminentem

132 2168 142 2190 e
154 2155 234 2199 regione,
247 2156 301 2196 vnde,
313 2154 348 2188 illis
362 2154 486 2197 tractantibus,
499 2154 529 2189 isti
543 2155 639 2198 repentino
653 2154 723 2200 impetu
738 2166 795 2200 super
806 2155 832 2189 in-

132 2213 195 2243 cautos
214 2208 305 2241 irruerent
321 2213 340 2241 et
355 2208 464 2241 innocentes
479 2207 609 2241 interficerent.
640 2207 764 2242 Condixerant
783 2207 832 2242 enim

131 2272 195 2306 regem
207 2271 248 2294 cum
260 2260 346 2304 episcopo
358 2260 453 2303 trucidare,
462 2265 482 2295 vt
492 2270 529 2294 non
542 2265 591 2294 esset
602 2260 633 2305 qui
644 2261 753 2305 sanguinem
764 2260 832 2295 iustum

103 2329 124 2358 4⁰
131 2313 237 2349 vindicaret.
260 2313 299 2347 Res
310 2312 388 2346 innotuit
399 2313 499 2347 Malachie:
511 2318 530 2347 et
540 2313 612 2348 intrans
623 2314 719 2348 ecclesiam
726 2314 745 2355 ¹⁶,
757 2312 832 2347 eleuatis

133 2367 218 2402 manibus
233 2365 293 2400 orauit
307 2366 330 2399 ad
346 2364 463 2401 dominumll.
487 2364 510 2400 Et
525 2376 567 2400 ecce
582 2366 642 2400 nubes
657 2371 675 2401 et
690 2366 753 2410 caligo,
766 2366 799 2400 sed
814 2368 832 2396 et

131 2421 230 2455 tenebrosa
244 2430 291 2463 aqua
304 2418 323 2452 in
335 2418 413 2453 nubibus
429 2419 483 2461 aeris,
494 2418 543 2453 diem
555 2425 629 2453 vertunt
640 2418 659 2453 in
671 2424 750 2462 noctem,
762 2419 831 2462 fulgura

151 2477 184 2508 ¹E.
192 2477 281 2508 christiane.
303 2476 461 2515 ’Epagantssimus
488 2477 615 2507 ³T.E.ind.est⁴
640 2478 734 2506 *uentum
754 2476 832 2506 5Εεὶιιε.

130 2512 831 2587 1111111111ζὲ

120 2559 181 2638 ilalllitlo.
222 2580 342 2629 14Τ.Ἐ.εῐιῐηῐ,
378 2578 396 2614 ’15
407 2597 425 2627 Ε.
434 2579 523 2628 ecclesium.
553 2580 678 2630 ¹¹⁶E.de¹um.·
754 2580 757 2587 Ι
804 2577 808 2591 Σ
