1762 2803
86 134 88 140 ⁴
135 147 190 219 ⁶⁵⁸,
399 141 522 202 onomate
540 143 571 186 11.

136 269 178 302 libet
186 269 209 301 ad
216 278 255 301 eum
263 277 303 301 cum
310 265 428 300 oblacionibus
434 266 534 300 veniemus?
557 265 597 298 l·liis
604 264 672 306 auditis,
679 263 762 297 maturius
769 262 839 296 fauentl

136 325 154 353 et
167 319 285 351 conclamant:
303 316 376 350 ‘Sancte
389 316 486 357 Edmunde,
500 316 563 349 adiuua
575 316 626 349 nosl’
650 314 729 347 Clamore
741 318 800 346 autem
812 313 840 346 vix

136 369 232 410 propalato,
243 376 284 399 ecce
296 365 402 407 tempestatis
414 367 490 408 procella
500 365 576 407 vndique
588 364 688 397 concutitur.
711 364 746 396 llic
755 373 797 396 vera
807 363 841 396 fide

136 416 192 457 magis
200 421 275 448 armatus
283 425 334 457 quam
344 414 407 456 gladio,
415 415 495 448 fluctibus
504 415 580 448 obiectus
591 413 648 456 signat
659 423 729 446 arenam
740 413 785 445 circa
796 422 814 444 se
824 418 841 446 et

118 471 126 501 5
137 465 197 507 socios,
209 464 290 499 circulum
302 475 355 507 agens
367 476 406 498 cum
418 464 481 507 gladio.
505 464 576 498 Interim
586 464 647 498 fluctus
658 463 740 505 turgescit
751 468 768 496 et
780 462 841 497 crescit

137 516 155 550 iu
170 515 228 555 altum,
244 521 351 558 mortemque
366 514 444 549 minatur
473 514 533 558 Signat
548 516 625 556 humum,
640 519 691 548 vocat
708 519 759 557 atque
777 514 839 548 deum:

137 568 232 609 fluctusque
244 565 329 599 resistunt.
353 568 469 600 Concrescunt
482 571 546 607 tamen,
558 566 593 599 alta
606 570 672 607 petunt,
685 561 786 606 signumque
797 565 840 598 refu·

138 620 179 648 tant.
202 617 240 647 Stat
253 626 301 647 mare
315 616 333 647 in
348 615 430 649 excelsis:
449 615 474 647 hii
490 621 561 647 cernunt
579 620 630 657 atque
646 619 752 656 stupescunt.
775 614 841 647 Crescit

138 665 195 698 adhuc
206 671 279 708 pontus:
298 672 323 699 set
336 676 366 698 eos
377 676 412 698 non
423 664 490 699 transiit
503 664 555 698 unda.
577 665 684 707 Expectant:
701 664 777 697 fenestra
788 669 841 707 patet,

112 716 181 750 rodant
194 715 260 749 lumina
273 716 310 749 celi.
334 716 384 749 Stetit
396 722 413 749 et
423 716 469 748 vnda
480 715 534 749 fluens
546 720 564 748 vt
575 725 638 756 murus,
651 720 668 748 et
679 714 755 757 vndique
768 720 842 756 constat,

138 766 205 807 Vixque
215 765 275 798 vident
284 766 345 806 celum,
353 770 420 798 tantum
432 775 479 797 mare
490 764 543 797 creuit
553 764 570 797 in
579 764 638 797 altum.
662 763 692 797 Hii
700 776 741 797 vero
753 764 770 797 in
781 764 842 806 spiritu

139 815 240 849 humilitatis
256 822 273 849 et
288 815 346 848 animo
359 814 432 848 contrito
447 815 469 847 de
482 814 571 856 profundis
585 814 682 847 clamabant
695 814 713 846 in
726 815 812 848 excelsum
826 821 843 848 et

140 865 219 898 exaudita
231 871 257 897 est
270 875 330 897 eorum
342 864 404 896 oracio.
427 865 450 897 Et
463 864 542 906 quamuis
554 874 603 896 mora
615 864 666 905 longa
680 874 748 906 semper
761 865 813 897 deum
825 870 842 897 et

141 920 219 948 sanctum
235 915 346 947 Edmundum
363 913 472 955 inuocabant,
489 913 517 946 hic
534 924 574 946 cum
589 913 648 955 gladio
665 913 721 956 signat
735 915 809 946 humum
825 913 842 947 in

114 965 208 1008 ¹51¹⁰ss¹isse
220 971 279 997 sancte
290 963 375 1007 trinitatis,
387 974 432 998 nunc
444 964 526 998 circulum
539 974 592 1006 agens
605 964 651 997 circa
664 974 683 997 se
696 969 713 997 et
725 964 785 1006 socios,
797 974 842 998 nunc

139 1016 235 1049 minacibus
245 1015 295 1048 vndis
306 1015 338 1048 etsi
349 1015 436 1048 altissimis
446 1020 463 1047 et
475 1014 524 1056 quasi
534 1025 587 1056 vsque
599 1014 621 1047 ad
631 1014 686 1047 nubes
698 1014 747 1047 elatis
758 1015 815 1047 obstat
826 1020 842 1047 et

139 1065 218 1099 minatur.
242 1066 320 1099 Tandem
328 1065 388 1098 fluctus
396 1075 443 1098 more
452 1064 517 1098 marino
525 1063 607 1105 diffluere,
615 1074 679 1106 eosque
687 1064 730 1097 sicut
738 1063 784 1107 prius
792 1074 844 1106 super

140 1121 211 1149 arenam
217 1115 316 1158 relinquere.
336 1116 375 1147 Hec
381 1114 430 1156 inter,
435 1114 530 1157 piscatores
537 1114 586 1147 solito
593 1115 679 1146 sulcantes
686 1115 745 1157 procul
753 1124 842 1157 aspexere:

140 1172 157 1199 et
171 1165 299 1208 appropiantes,
314 1169 406 1206 extraxere,
422 1169 439 1198 et
457 1165 480 1198 ad
495 1164 545 1198 litora
560 1164 659 1207 perduxere.
689 1164 768 1206 Miraque
783 1163 843 1198 vicinis

114 1227 133 1250 20
141 1216 253 1257 diuulgantes‚
265 1214 317 1248 deum
329 1220 346 1248 et
356 1220 436 1255 sanctum
446 1214 559 1247 Edmundum
569 1214 668 1255 laudauere,
680 1214 761 1257 precipue
772 1212 807 1247 illi²
815 1214 843 1257 qui

140 1265 200 1299 mortis
215 1264 290 1307 pericula
305 1272 341 1297 tam
355 1263 426 1298 mirifice
441 1276 516 1297 euasere.
543 1264 582 1297 Hiis
597 1265 647 1311 igitur
662 1271 699 1297 tota
713 1265 742 1297 illa
756 1265 844 1307 prouincia

141 1314 238 1356 diuulgatiS,
247 1316 270 1348 ad
281 1320 359 1347 sanctum
371 1315 483 1347 Edmundum
494 1315 526 1347 iter
536 1325 586 1347 suum
597 1313 703 1356 arripientes
714 1321 731 1348 et
743 1314 782 1348 illuc
792 1316 844 1348 adue-

141 1365 213 1405 nientes,
219 1363 255 1396 eius
261 1363 350 1397 ecclesiam
359 1363 444 1397 intrauere
450 1369 467 1397 et
476 1369 516 1397 uota
525 1374 555 1397 sua
563 1374 602 1397 cum
610 1362 728 1397 oblacionibus
734 1364 844 1398 deuotissime

141 1414 243 1456 persoluere.
267 1413 334 1454 Quibus
347 1413 388 1447 visis
403 1420 421 1447 et
434 1413 502 1455 auditis,
515 1412 596 1446 monachi
610 1414 634 1447 rei
648 1414 738 1447 veritatem
751 1425 772 1447 ex
785 1415 844 1448 ordine

115 1478 133 1509 25
142 1469 273 1507 perscrutantes,
288 1463 339 1497 laude
357 1463 458 1497 multimoda
476 1464 528 1497 deum
545 1469 562 1498 et
580 1470 659 1498 sanctum
676 1464 788 1499 Edmundum
806 1476 844 1499 cum

141 1515 210 1559 ympnis
221 1520 238 1548 et
250 1515 318 1557 organis
329 1516 427 1549 laudauere.

157 1644 188 1677 DE
199 1649 312 1676 PEREGRINO
324 1649 348 1675 ET
360 1650 426 1676 VXORE
438 1649 474 1677 ΒΗΑ
485 1650 521 1677 SUB
531 1650 590 1677 VNDlS
602 1651 662 1677 MARIS
673 1652 686 1676 Α
698 1651 835 1678 SUBMERSIONE

370 1701 499 1727 MIRABILITER
510 1701 618 1728 LlRERATIS.

183 1766 227 1801 Liud
242 1766 336 1809 consimile,
350 1767 442 1800 iocundum
457 1773 474 1800 et
490 1767 557 1810 insigne
571 1768 642 1811 contigit
656 1768 762 1809 miraculum,
777 1768 845 1802 diuerso

203 1825 262 1852 tamen
275 1823 357 1861 tempore.
379 1818 411 1851 Vir
423 1818 493 1860 quidam
505 1819 577 1852 deuotus
590 1825 641 1852 natus
653 1820 675 1852 de
689 1819 815 1861 Northfolchia,
826 1820 845 1853 in

142 1870 186 1903 mari
197 1870 272 1911 procella
284 1870 365 1909 seuiente,
377 1874 394 1901 et
406 1868 445 1901 naui
457 1878 489 1901 sua
500 1869 617 1910 naufragante,
630 1869 690 1902 ceteris
701 1869 811 1911 pereuntibus
823 1869 846 1901 ad

115 1933 135 1963 30
143 1917 238 1954 harenam³
248 1920 336 1953 subtracto
346 1918 390 1952 mari
401 1918 504 1953 exsiccatam
515 1929 554 1952 cum
563 1929 614 1953 vxore
626 1928 657 1953 sua
667 1918 775 1962 naufragium
785 1919 846 1954 euasit.

145 1973 188 2006 Cum
203 1976 260 2005 autem
275 1980 322 2004 mare
337 1971 448 2004 uehementer
464 1970 547 2012 reflueret,
563 1970 623 2004 videns
642 1970 675 2004 sibi
694 1978 766 2005 mortem
785 1971 845 2006 iterato

143 2022 243 2066 proximam,
263 2021 341 2054 flebiliter
358 2020 386 2055 dei
405 2021 539 2054 misericordiam
558 2021 656 2063 implorauit
673 2022 800 2066 gloriosumque
818 2022 845 2055 dei

144 2072 231 2107 martirem
243 2072 354 2105 Edmundum
365 2072 444 2114 precibus
456 2071 548 2111 inuocauit,
557 2077 575 2105 et
586 2071 603 2104 in
613 2072 650 2105 eius
658 2072 719 2105 virtute
728 2072 795 2114 plenius
805 2084 846 2105 con·

145 2123 205 2163 fidens
213 2121 294 2155 circulum
306 2122 351 2154 circa
363 2132 382 2154 se
392 2127 408 2154 et
415 2132 483 2154 vxorem
491 2132 540 2154 suam
548 2132 587 2154 cum
595 2132 625 2155 sue
633 2122 777 2164 peregrinacionis
785 2123 846 2155 baculo

117 2181 135 2211 35
145 2172 191 2213 fecit,
202 2182 244 2205 voce
257 2182 320 2213 magna
333 2172 410 2204 clamans
423 2171 446 2204 ad
457 2181 505 2204 mare
518 2177 535 2204 et
547 2170 618 2208 dicens:
631 2172 663 2204 ‘In
676 2171 739 2206 virtute
751 2173 778 2206 dei
792 2172 846 2205 omni-

145 2222 220 2266 potentis
228 2227 245 2254 et
257 2233 278 2255 ex
289 2228 337 2264 parte
349 2221 419 2263 gloriosi
431 2222 475 2264 regis
487 2228 504 2254 et
513 2222 588 2255 martiris
600 2222 688 2256 Edmundi
696 2223 727 2256 tibi
735 2224 818 2266 prohibeo
825 2234 846 2257 ne

145 2273 195 2308 nobis
205 2283 272 2314 noceas,
283 2283 315 2306 nec
328 2272 372 2305 infra
385 2273 466 2305 circulum
478 2273 530 2306 istum
540 2273 602 2306 intrare
617 2273 691 2307 audeas!
714 2275 760 2307 Mira
772 2275 847 2308 dicturus

145 2334 189 2364 sum,
201 2329 228 2356 set
239 2332 289 2356 vera:
305 2332 352 2355 mare
364 2323 449 2356 seuienrer
460 2323 587 2364 superundauit,
599 2334 630 2356 nec
640 2323 720 2357 circulum
736 2325 810 2366 intrauit,
821 2330 847 2358 set

146 2374 194 2418 quasi
206 2383 264 2406 murus
275 2373 340 2405 solidus
352 2378 369 2405 et
380 2373 425 2406 altus
435 2373 511 2414 undiquc
522 2373 567 2406 circa
579 2373 660 2406 circulum
671 2375 722 2414 stetit,
735 2376 789 2408 donec
800 2385 847 2408 more

117 2438 137 2466 40
145 2424 196 2459 solito
210 2428 324 2456 reuerteretur
340 2421 357 2454 in
373 2422 455 2463 abissum,
472 2423 540 2456 Christo
557 2423 608 2456 lhesu
623 2435 662 2457 cum
679 2432 739 2459 sancto
754 2425 847 2458 Edmundo

145 2474 248 2520 prouidente
260 2472 402 2515 naufragantium
417 2472 472 2507 saluti.
496 2473 549 2507 Cuius
563 2473 650 2516 magnalia
665 2475 716 2518 longe
729 2477 764 2510 late
779 2476 847 2519 uulgata

143 2523 241 2570 patescunt.

227 2610 232 2628 ¹
242 2619 255 2640 r.
262 2614 322 2640 vovent.
434 2608 440 2626 ²
451 2609 484 2638 MS.
492 2609 523 2640 ille,
635 2609 641 2626 ³
651 2610 769 2642 malardum.
