1762 2803
128 129 170 187 378
317 129 397 182 uoto
412 126 530 191 laomor
544 128 637 193 anglia

127 250 174 283 duos
185 249 216 294 qui
227 259 275 294 pape
286 249 396 291 assidebant,
404 250 512 295 priusquam
525 250 615 286 ciuitatem
627 250 759 295 ingrederetur,
767 260 830 285 occur-

128 308 197 338 rerunt.
219 303 237 337 A
245 313 292 348 papa
299 303 379 347 benigne
387 309 490 347 susceptus,
499 304 590 340 renouatis
598 304 675 339 ecclesie
683 315 716 338 sue
724 304 831 349 priuilegiis,

128 356 216 401 finitoque
228 355 307 397 concilio,
319 367 360 390 cum
372 357 499 392 benedictione
511 370 559 403 pape
571 359 594 392 ad
602 358 689 401 Angliam
700 368 790 402 prospere
802 368 831 392 re·

129 410 210 444 uertitur.
255 402 363 446 Conuocato
374 415 436 446 autem
447 410 548 446 Londoniis
559 411 686 456 parliamento,
697 422 730 446 rex
741 411 831 446 instanter

112 474 121 504 5
129 463 221 507 exigit¹vt
227 464 338 506 deprehensi
342 463 372 498 vei
380 465 458 499 conuicti
465 465 485 499 in
490 465 596 499 enormibus
604 463 677 507 flagitiis
683 463 749 504 cleriei,
754 463 832 497 ecclesie

129 516 209 558 presidio
217 515 303 556 destituti,
312 517 350 549 suis
361 516 454 551 lictoribus
464 522 589 561 exponantur;
601 517 624 550 ad
632 517 736 550 nocendum
743 515 832 560 prompti-

129 577 171 602 ores
181 578 213 603 eos
222 578 264 603 esse
276 568 370 612 adiiciens,
378 569 414 604 nisi
424 575 466 614 post
476 581 543 614 penam
554 568 667 613 spiritualem
677 569 731 604 etiam
743 569 832 613 corporali

129 631 177 665 pene
189 621 296 664 subdantur,
307 627 326 657 et
336 633 403 667 parum
413 634 477 658 curare
487 624 510 658 de
521 623 589 658 ordinis
599 623 699 657 amissione
708 622 739 667 qui
751 628 833 657 contem-

129 676 209 719 platione
217 674 286 710 ordinis
297 687 309 709 a
316 681 354 710 tam
365 677 471 711 enormibus
482 687 547 711 manus
557 676 650 711 continere
660 687 697 710 non
705 681 802 717 verentur;
815 681 833 710 et

103 740 121 762 1o
129 733 180 763 tanto
188 728 290 764 deteriores
298 741 340 765 esse
348 729 367 764 in
375 731 445 765 scelere
453 736 520 775 quanto
530 735 573 764 sunt
584 730 649 763 ceteris
660 729 729 764 ordinis
738 729 833 772 priuilegio

130 781 234 824 digniores:
246 783 296 816 vnde
307 787 326 816 et
333 783 473 826 seu[er]ioribus
481 782 589 817 cohercendi
601 781 691 823 vindictis,
700 782 772 825 quando
780 792 833 825 repe-

130 835 202 870 riuntur
213 835 233 869 in
245 835 320 878 scelere,
329 841 348 870 et
359 835 424 870 semoti
436 847 447 870 a
459 836 507 870 clero
519 836 568 869 curie
580 836 675 869 tradentur
680 836 690 868 ².
714 835 760 868 Cum
772 840 832 868 autem

131 888 281 935 archiepiscopus
290 900 331 924 cum
339 891 378 924 suis
386 888 506 934 suffraganeis
514 889 615 924 luculenter
622 890 644 923 ad
656 890 691 923 ista
702 889 836 933 respondisset,

131 947 234 976 commotus
253 953 287 976 rex
304 942 429 977 sciscitabatur
444 954 468 977 an
483 942 623 977 consuetudines
641 953 683 976 suas
699 942 759 985 regias
774 942 833 976 forent

105 1009 122 1040 15
132 994 263 1037 conseruaturi,
278 1006 324 1039 quas
339 1000 423 1038 tempore
437 996 466 1030 aui
483 996 510 1030 sui
526 995 657 1037 archiepiscopi
672 999 690 1028 et
705 995 787 1037 episcopi
802 995 834 1027 ob-

131 1048 236 1081 seruabant.
259 1047 294 1089 Qui
309 1048 450 1091 responderunt,
462 1057 482 1081 se
494 1047 534 1081 illas
547 1048 682 1089 obseruaturos,
694 1047 755 1081 ‘saluo
768 1046 833 1080 ordine

131 1100 176 1134 suo!
200 1098 242 1133 Rex
250 1109 293 1133 vero
301 1100 378 1141 dicebat,
386 1100 445 1135 aciem
453 1105 516 1135 contra
524 1111 544 1134 sc
552 1101 648 1143 firmatam,
654 1105 672 1134 et
678 1110 772 1135 venenum
777 1100 834 1134 verbo

131 1152 156 1187 illi
171 1152 238 1196 inesse,
252 1159 270 1188 et
285 1153 403 1198 capciosum³
416 1165 464 1197 esse,
479 1153 547 1189 scilicet
560 1154 622 1188 ‘saluo
634 1154 699 1188 ordine
714 1155 757 1187 suo!
780 1153 835 1187 Vnde

131 1207 205 1250 petebat
216 1211 236 1240 vt
251 1207 334 1240 absolute
349 1212 367 1240 et
382 1207 452 1250 absque
467 1207 566 1241 adiectione
581 1206 642 1251 regias
657 1206 799 1240 consuetudines
814 1217 835 1240 se

104 1275 123 1296 20
131 1260 261 1293 obseruaturos
268 1259 442 1302 compromitterent.
461 1260 563 1302 Respondit
569 1259 718 1304 archiepiscopus
723 1260 771 1304 quod
777 1259 835 1292 fideli-

132 1316 189 1346 tatem
200 1310 310 1353 iuraueraut,
323 1312 380 1346 vitam
392 1312 465 1355 scilieet,
478 1312 592 1346 membrum⁴
605 1318 623 1347 et
635 1313 724 1346 honorem
735 1317 835 1353 terrenum,

132 1366 193 1400 ‘saluo
201 1365 266 1399 ordine
274 1367 318 1408 suo,¹
327 1371 346 1399 et
353 1366 402 1409 quod
410 1365 430 1398 in
438 1366 517 1400 ‘honore
524 1368 607 1399 terreno'
615 1365 665 1409 regie
672 1365 750 1399 luissent
758 1375 835 1399 consue-

132 1419 206 1453 tudines
218 1418 359 1463 comprehense,
371 1423 389 1452 et
401 1429 421 1452 se
437 1419 456 1452 in
471 1418 506 1452 alia
518 1418 576 1452 forma
587 1419 662 1453 minime
674 1419 790 1463 obligaturos.
813 1418 835 1453 In

133 1473 213 1506 crastino
225 1483 259 1506 rex
272 1472 384 1506 munitiones
397 1478 415 1506 et
428 1472 554 1516 honoresque
568 1472 715 1517 archiepiscopus
728 1483 739 1506 a
751 1477 835 1516 tempore

106 1542 124 1571 ²⁵
134 1524 242 1559 cancellarie
254 1525 272 1558 in
283 1526 366 1558 custodia
376 1525 465 1558 habuerat
476 1536 487 1557 a
497 1535 546 1567 rege,
556 1526 632 1567 repetita
642 1526 716 1568 recepit,
724 1530 742 1558 et
752 1525 836 1558 nescien-

133 1578 182 1612 tibus
193 1575 285 1621 episcopis
295 1575 416 1611 aLondoniis
427 1576 507 1611 recessit.
559 1569 604 1611 Post
615 1577 648 1612 hec
656 1589 700 1612 vero
710 1577 762 1612 multi
772 1577 803 1623 qui
813 1578 836 1612 ad

134 1631 199 1664 horam
207 1641 249 1664 cum
258 1630 396 1674 archiepiscopo
407 1635 499 1672 steterant,
508 1630 556 1674 regis
564 1631 650 1665 voluntati
661 1641 682 1665 se
692 1631 783 1675 parituros
793 1641 836 1675 pro·

135 1684 236 1726 mittebant,
249 1683 313 1727 paucis
328 1694 370 1718 cum
385 1683 522 1728 archiepiscopo
534 1683 650 1728 pontificibus
664 1684 807 1728 remanentibus,
818 1690 837 1719 et

134 1738 160 1772 hii
171 1742 233 1772 tamen
245 1737 314 1779 occulti,
326 1742 402 1782 propter
414 1743 489 1772 metum.
517 1737 559 1771 Rex
572 1738 622 1771 enim
635 1740 734 1771 conabatur
746 1739 836 1782 archiepi-

106 1807 125 1836 30
135 1800 211 1835 scopum
219 1790 316 1834 promissis
325 1797 343 1824 et
351 1790 445 1824 blanditiis
453 1791 476 1823 ad
484 1801 538 1824 suum
546 1790 633 1824 inclinare
639 1801 756 1824 consensum.
772 1791 809 1824 Sed
817 1791 837 1824 in

134 1849 187 1888 petra
198 1842 291 1885 solidatus,
300 1854 335 1876 nec
346 1841 438 1876 blanditiis
450 1842 527 1876 emolliri
538 1843 596 1886 potuit
607 1853 640 1876 nec
651 1843 716 1877 terreri
728 1843 789 1885 minis,
796 1848 816 1878 vt
827 1854 838 1878 a

134 1897 206 1932 tramite
215 1896 286 1930 iusticie
294 1896 381 1930 deniaret.
394 1895 484 1939 Multique
490 1897 513 1929 ad
521 1896 571 1939 regis
579 1895 655 1940 gratiam
663 1907 705 1930 eum
713 1896 838 1937 hortabantur,

134 1961 184 1985 nune
195 1949 335 1985 familiaritatem
346 1949 449 1993 pristinam,
461 1959 510 1983 nunc
523 1949 616 1993 impensos
629 1951 714 1992 honores,
726 1949 769 1984 hinc
781 1960 838 1994 quan-

134 2010 173 2039 tum
183 2003 234 2049 pacis
243 2002 332 2047 [bonum],
340 2003 384 2037 inde
392 2008 480 2047 quantum
492 2002 608 2037 dissentionis
618 2003 692 2045 malum,
702 2009 837 2047 proponentes3

107 2072 126 2102 35
135 2058 241 2093 adiicientes
254 2057 309 2091 etiam
320 2061 389 2101 quanta
404 2057 451 2091 foret
466 2055 575 2099 insipientia,
587 2056 640 2091 vnius
651 2057 703 2091 verbi
715 2055 839 2090 contenciosi⁵

136 2111 231 2143 occasione
246 2114 316 2142 tantam
331 2110 410 2152 perdere
422 2108 504 2152 gratiam,
518 2113 535 2141 et
548 2113 638 2142 tantorum
650 2109 739 2142 malorum
754 2107 839 2143 solueret

136 2162 222 2197 radicem.
245 2161 309 2196 Abbas
317 2173 389 2206 quoque
398 2162 421 2196 de
430 2160 536 2203 Elimosina,
548 2172 558 2195 a
570 2172 646 2195 romano
657 2162 743 2206 pontifice
754 2161 839 2204 directus,

136 2215 185 2259 regis
205 2214 293 2248 voluntati
315 2226 358 2249 eum
377 2216 505 2259 obtemperare
524 2216 652 2257 persuadebat,
671 2225 757 2249 asserens
775 2225 839 2258 regem

137 2267 216 2303 dominis
227 2267 349 2302 cardinalibus
361 2268 478 2302 iureiurando
490 2267 562 2302 cauisse
573 2268 621 2311 quod
632 2267 678 2302 nihil
689 2268 708 2302 in
720 2267 840 2312 preiudicium

109 2337 129 2368 4⁰
137 2322 214 2357 ecclesie
220 2320 342 2364 postularet⁷3
354 2326 372 2355 et
380 2320 396 2355 si
404 2321 447 2365 quid
454 2325 592 2365 presumeretur
599 2332 610 2355 a
616 2332 665 2364 rege,
672 2321 767 2355 dominum
773 2331 840 2363 papam

138 2375 172 2410 sibi
180 2373 235 2407 malle
242 2373 334 2416 imputari,
340 2383 395 2416 quam
403 2383 468 2417 pacem
476 2383 513 2406 non
520 2372 620 2407 reformari.
642 2373 696 2407 Vnde
703 2377 721 2407 et
727 2373 749 2406 ab
755 2372 841 2407 omnibus

137 2436 242 2472 persuasus
248 2425 279 2460 vix
285 2426 359 2460 tandem
365 2427 388 2460 ad
394 2437 458 2470 regem
463 2425 541 2459 accessit
548 2432 566 2460 et
570 2427 648 2460 verbum
653 2427 701 2471 quod
708 2426 746 2471 regi
754 2427 841 2459 scandalo

138 2486 177 2517 erat
185 2492 205 2516 se
213 2484 325 2514 mutaturum
330 2479 419 2524 promisit,
438 2479 480 2514 Rex
488 2479 542 2524 igitur
548 2479 679 2525 aliquantisper
686 2480 766 2521 sedatus,
773 2479 841 2523 obliga·

158 2555 192 2587 ’Β
200 2555 258 2592 exegit
306 2555 341 2585 9Ε.
350 2555 454 2585 traderentur.
505 2554 640 2592 ³E.capsiosum.
688 2553 841 2586 ⁴E.membrorum.

138 2595 144 2614 ⁵
155 2596 173 2627 E.
180 2595 282 2627 contensiosi.
322 2594 328 2613 ⁰
339 2595 358 2634 Q.
366 2595 434 2626 radicem
441 2595 496 2626 fouere
503 2595 623 2637 dissensionem.
664 2593 670 2613 ⁷
681 2595 699 2626 E.
706 2595 810 2634 postularunt.
