1762 2803
55 117 190 158 nouarum]
215 106 678 171 memuomunoouueetmutuu.
712 110 755 167 583

55 229 405 265 EdmundiThefordiamnominecastra
413 235 525 263 metatusest.
547 230 677 262 AbboFlorioc.
700 229 757 270 Quam

55 282 127 314 latenter
142 278 205 322 ignaris
216 278 282 312 ciuibus
294 279 413 322 introgressus,
427 279 495 323 ignibus
506 280 617 314 cremandam
628 278 682 321 dedit,
695 288 757 322 pueros

55 341 104 363 senes
112 341 151 362 cunr
159 329 252 361 iunioribus
260 330 329 362 obuiam
336 331 391 363 factos
400 331 469 372 iugulat,
473 338 490 364 et
498 332 610 364 matronalem
618 341 648 364 seu
656 329 758 371 virginalem

55 380 157 424 pudiciciam
169 379 242 412 ludibrio
250 380 352 413 tradendam
363 381 440 414 mandat.
463 381 536 414 Maritus
546 392 586 414 cum
597 381 669 424 coniuge
680 386 758 413 mortuus

55 436 83 462 aut
91 429 203 461 moribundus
213 429 280 461 iacebat
290 430 307 461 in
317 430 381 470 limine,
389 430 445 461 infans
456 438 515 472 raptus
526 441 537 462 a
548 431 608 463 matris
615 430 695 463 uberibus
706 429 775 468 truci-5

55 481 127 512 dabatur
142 488 200 511 coram
215 479 297 511 maternis
309 480 401 512 obtutibus
430 481 508 523 Cumque
522 481 599 513 tirannus
614 490 635 513 ex
649 479 758 512 multitudine

55 529 181 563 interfectomm
199 534 288 562 cruentam
306 529 374 563 rabiem·
389 529 512 573 aliquantulum
529 536 654 564 exsaturasset:
674 529 757 572 quosdam

55 580 130 623 plebeios
145 581 218 612 aduocat
232 590 276 622 quos
290 590 321 613 suo
335 580 393 622 gladio
408 580 480 614 credidit
494 591 532 614 esse
547 581 633 623 indignos,
644 586 662 615 et
677 580 699 614 cle
713 580 757 622 regis

55 629 142 663 Edmundi
151 629 230 663 conuenit
241 630 327 672 facultate,
335 637 419 674 potestate
429 636 446 663 et
454 630 557 672 fortitudine,
566 642 586 664 ac
595 631 624 664 vbi
632 641 699 663 moram
706 630 758 663 faciat

55 686 71 713 et
83 686 147 722 quanto
158 681 180 713 sit
193 679 264 721 stipatus
275 680 335 721 milite,
346 688 410 723 quanta
421 681 473 713 fretus
488 681 614 714 emissariorum
629 682 697 720 virtute,
712 681 758 712 solli·
768 691 786 712 10

55 730 107 763 cicius
121 729 218 772 inuestigat.
241 730 311 763 Sciebat
322 737 380 764 tamen
393 731 439 774 quod
452 730 498 763 idem
510 742 539 764 rex
551 732 653 764 Edmundus
665 729 730 762 viribus
741 735 758 762 et

54 780 106 814 armis
118 780 214 822 peremnia
224 786 269 813 esset
280 786 358 814 strenuus
370 791 390 814 ac
402 780 418 814 in
426 780 473 814 omni
482 780 558 823 corporis
566 780 673 814 dimensione
680 779 731 813 simul
741 785 759 813 et

56 830 157 873 proceritate
169 830 313 873 incomparabilis,
321 837 337 864 et
349 830 366 864 in
375 830 439 864 Christi
446 841 505 864 amore
512 841 579 865 summe
587 831 664 868 deuotus,
672 836 689 863 et
697 829 758 864 iccirco

54 879 147 913 festinabat
160 880 225 922 passim
238 880 276 913 neci
289 881 356 913 tradere
370 890 413 922 quos
424 881 557 923 circumquaque
568 887 634 923 poterat
646 879 725 922 reperire,
736 890 758 913 ne

55 929 109 960 multo
120 928 192 971 stipatus
204 928 278 961 militum
289 929 358 970 agmine
365 930 388 962 ad
396 930 450 971 patrie
464 936 481 962 et
489 930 528 963 fidei
536 941 567 963 sue
574 930 692 963 defensionem
699 935 758 972 posset
767 939 785 969 15

55 989 84 1010 rex
95 978 128 1011 sibi
139 978 222 1012 resistere.
245 979 268 1012 Et
279 979 358 1022 quamuis
370 986 415 1013 esset
427 990 474 1013 more
485 980 579 1023 piratarum
590 981 637 1014 ferox
649 986 665 1014 et
676 978 759 1013 crudetis-

56 1027 109 1060 simus
120 1038 208 1071 opumque
219 1033 236 1061 et
247 1029 334 1062 mundane
346 1029 467 1072 suppellectilis
482 1029 609 1073 cupidissimus,
621 1040 689 1064 summo
700 1036 758 1064 tamen

55 1083 73 1110 et
80 1077 161 1120 precipuo
169 1078 254 1111 desiderio
261 1079 340 1112 estuabat
349 1079 405 1113 delere
417 1080 468 1113 tidem
477 1080 545 1114 Christi.
567 1081 645 1114 Audiens
653 1080 705 1123 igitur
712 1081 758 1124 quod

55 1138 84 1160 rex
92 1129 195 1161 Edmundus
202 1129 249 1170 apud
259 1129 362 1171 Eglesdene,
370 1130 405 1162 alio
414 1129 483 1163 nomine
492 1132 554 1165 iloxne
559 1129 570 1170 ¹,
578 1142 599 1164 eo
606 1137 684 1174 tempore
691 1142 757 1164 moram

55 1178 123 1218 faceret,
133 1178 207 1211 accitum
219 1188 271 1210 vnum
286 1189 306 1212 ex
318 1179 463 1213 commilitonibus
474 1180 497 1213 ad
509 1190 548 1213 eum
558 1180 621 1222 dirigit,
629 1180 690 1214 iubens
702 1179 757 1222 primo
767 1189 786 1212 10

55 1226 145 1260 blandiciis
158 1238 188 1260 cor
199 1226 236 1260 eius
249 1227 294 1260 allici
307 1234 325 1261 vt
338 1235 398 1271 spreto
408 1229 441 1262 deo
453 1239 488 1270 suo,
498 1229 583 1271 ydolatrie
593 1240 611 1263 se
622 1230 657 1271 det,
668 1229 732 1272 pariter
741 1235 758 1263 et

57 1277 124 1319 lngwar
134 1277 224 1317 maiestati,
236 1284 253 1311 et
265 1277 344 1311 mediatis
356 1278 439 1312 thesauris
452 1278 488 1312 suis
500 1290 539 1312 cum
552 1290 578 1319 eo,
590 1279 701 1321 subterfugiat
713 1279 758 1312 illius

56 1327 193 1369 indignacionem
207 1328 238 1361 sub
252 1339 272 1361 eo
284 1334 396 1371 regnaturus,
409 1339 430 1362 ac
443 1328 511 1362 interim
523 1329 555 1362 sub
568 1329 693 1363 blandiciarum
706 1328 758 1372 pallio

56 1378 151 1418 exploretur
159 1378 219 1410 virium
230 1377 267 1410 eius
278 1384 359 1420 potestas,
367 1379 486 1411 thesaurorum
497 1379 574 1419 facultas,
581 1385 598 1411 et
611 1379 644 1411 loci
657 1379 732 1411 municio
743 1379 758 1411 si

55 1426 77 1460 sit
83 1426 200 1469 expugnabilis
209 1427 235 1460 vel
243 1426 382 1469 inexpugnabilis,
396 1428 472 1461 Veniens
479 1427 537 1470 itaque
545 1428 567 1461 ad
573 1439 631 1470 regem
639 1426 688 1462 miles
695 1427 758 1461 tiranni
768 1440 786 1469 ²5

55 1477 134 1518 nuncius,
144 1478 216 1510 siceum
226 1477 328 1521 alloquitur:
339 1477 434 1511 ‘Dominus
444 1489 493 1511 meus
503 1478 566 1522 ubique
574 1479 675 1512 metuendus
687 1479 759 1521 inguar,

56 1538 85 1560 rex
93 1529 183 1561 Danorum
190 1527 318 1568 inuictissimus,
323 1527 400 1561 diuersas
408 1534 462 1562 terras
470 1527 570 1562 subiciendo
578 1528 610 1562 sibi
618 1528 671 1562 armis
678 1528 701 1561 ad
709 1528 759 1562 huius

55 1578 142 1620 prouincie
153 1578 192 1612 litus
206 1589 245 1611 cum
258 1578 315 1612 multis
325 1579 398 1612 nauibus
408 1579 514 1613 hiematurus
525 1579 596 1621 appulit,
607 1579 672 1622 tibique
681 1579 759 1619 mandat,

55 1634 114 1660 mouet
122 1639 142 1660 ac
150 1628 223 1660 consulit
230 1634 249 1659 ut
259 1634 289 1660 tue
300 1628 350 1660 saluti
361 1628 454 1669 prouidens
464 1629 497 1660 deo
507 1635 537 1660 tuo
544 1629 639 1668 renuncies,
647 1634 663 1661 et
672 1629 719 1660 colas
726 1638 759 1670 que

56 1678 95 1710 colit
105 1678 161 1720 ydola,
172 1683 189 1712 et
203 1678 293 1711 thesauros
304 1683 342 1711 tuos
354 1688 393 1711 cum
405 1688 425 1711 eo
436 1678 521 1719 dimidies,
532 1678 602 1721 eiusque
617 1678 699 1712 voluntati
712 1683 729 1711 te
742 1683 759 1711 et
767 1688 787 1718 ³0

55 1738 128 1769 regnum
141 1734 189 1762 tuum
202 1739 233 1770 per
245 1728 304 1762 omnia
317 1728 396 1762 subicias.
427 1729 493 1771 Quodsi
506 1729 584 1770 neglecto
599 1729 635 1763 eius
650 1728 722 1771 imperio
737 1728 759 1761 de

56 1778 89 1810 tuis
104 1779 168 1810 viribus
184 1779 306 1820 presumpseris
321 1784 338 1811 et
352 1779 434 1812 rebellare
449 1779 559 1821 disposueris,
572 1777 602 1811 tuo
617 1778 711 1821 preiudicio
723 1777 759 1810 vita

56 1828 149 1870 priuaberis
161 1834 179 1861 et
191 1838 249 1869 regno.
272 1827 346 1861 Proinde
358 1828 484 1861 communicato
497 1838 536 1860 eum
549 1828 582 1861 tuis
594 1828 670 1867 consilio,
684 1826 758 1860 velocius

56 1877 99 1919 elige
111 1878 156 1920 quod
168 1883 196 1910 tue
207 1876 258 1910 saluti
267 1877 346 1919 expediat
356 1877 420 1919 pariter
431 1883 448 1911 et
457 1877 528 1911 honori!
551 1878 593 1918 Rex,
601 1877 634 1911 hiis
644 1876 712 1917 auditis,
723 1877 758 1909 alto

56 1927 112 1959 cordis
122 1928 180 1959 dolore
190 1926 278 1967 ingemuit,
286 1932 303 1959 et
314 1926 413 1969 episcopum
423 1927 545 1959 Hunberthum
553 1937 604 1969 quern
612 1937 669 1960 secum
678 1926 758 1968 habebat,
767 1938 788 1969 ³5

56 1977 162 2019 familiarem,
177 1987 254 2010 seorsum
268 1977 337 2010 uocauit
350 1983 367 2011 et
383 1977 423 2019 quid
438 1977 484 2011 facto
500 1977 522 2011 sit
537 1987 580 2019 opus
595 1976 674 2017 consulit,
687 1976 758 2011 dicens:

56 2028 82 2061 ‘0
95 2039 144 2061 serue
156 2027 184 2061 dei
196 2027 230 2060 viui
244 2028 345 2060 Hunberthe
358 2033 374 2061 et
387 2028 478 2061 dimidium
490 2028 547 2061 anime
560 2039 605 2069 mee,
618 2039 658 2061 ecce
673 2028 758 2061 aduentus

56 2077 168 2111 barbaromm
180 2083 196 2110 et
208 2076 263 2110 crucis
271 2077 334 2111 Christi
345 2076 453 2110 inimicomm
464 2076 563 2119 im[m]inet,
571 2077 601 2119 qui
609 2077 677 2112 dulcem
686 2077 758 2119 patriam

57 2137 95 2160 cum
102 2127 137 2160 suis
145 2126 275 2166 habitatoribus,
282 2126 317 2159 iarn
324 2136 355 2168 pro
361 2133 409 2168 parte
417 2127 517 2166 desolatam,
522 2126 599 2159 funditus
607 2127 665 2160 delere
670 2133 759 2159 conantur.

57 2177 87 2210 Set
98 2189 138 2211 ecce
147 2189 175 2210 me
186 2177 298 2211 occumbente
308 2177 374 2210 vtinam
385 2176 472 2210 subiectus
483 2176 535 2210 michi
547 2178 620 2220 populus
627 2178 676 2211 viuus
685 2178 758 2211 euadere
768 2191 789 2220 40

57 2228 150 2269 potuisset:
163 2237 203 2260 nam
214 2237 247 2269 ego
257 2237 289 2270 pro
300 2237 359 2260 amore
370 2226 417 2269 regni
429 2226 528 2270 temporalis
535 2228 562 2260 vel
573 2227 621 2261 lucro
629 2227 663 2261 vite
674 2227 758 2270 presentis

56 2288 91 2310 non
103 2289 131 2311 me
141 2276 225 2310 subiciam
236 2277 304 2310 tiranno
316 2277 381 2320 gentili,
389 2288 428 2310 cum
439 2288 470 2320 pro
481 2277 515 2310 fide
526 2277 601 2310 moriens
612 2284 629 2311 et
641 2277 701 2321 patria,
709 2276 758 2310 miles

56 2328 122 2368 possim
140 2327 185 2360 effici
203 2333 220 2359 et
239 2328 309 2368 signifer
326 2327 371 2369 regis
389 2327 452 2360 eterni.¹
479 2328 599 2370 Warengsord.
622 2328 654 2361 Cui
669 2327 759 2369 episcopus

57 2383 121 2410 secrete
129 2376 226 2419 respondit:
243 2376 328 2410 ‘Domine
335 2387 369 2418 rex,
377 2377 391 2410 si
399 2377 469 2420 aliquod
477 2383 573 2410 occurreret
580 2378 670 2420 diffugium
677 2387 711 2420 quo
719 2387 758 2419 pos·

57 2437 115 2460 semus
122 2428 188 2461 saluare
196 2427 262 2460 animas
269 2434 337 2461 nostras
344 2428 419 2471 presidio
426 2428 471 2471 fuge,
478 2439 567 2471 possemus
575 2429 684 2462 dedicionem
692 2427 758 2461 subter·
766 2441 786 2473 45

56 2477 114 2518 fugere
121 2488 125 2512 :
133 2484 160 2511 set
165 2477 204 2520 quia
209 2477 282 2510 duorum
289 2478 362 2511 alterum
370 2478 469 2521 im[m]inet,
474 2478 553 2512 videlicet
559 2484 589 2511 aut
595 2489 641 2512 mors
648 2483 678 2511 aut
685 2477 758 2519 dedicio,

150 2541 156 2559 ¹
166 2541 199 2574 MS.
208 2542 271 2581 Home;
281 2552 315 2574 now
322 2543 385 2581 Horon,
393 2553 413 2575 on
420 2543 446 2575 the
453 2544 493 2575 rirer
499 2544 573 2584 llareny,
581 2543 596 2575 iu
603 2543 667 2575 Suifolk.
