1762 2803
93 120 95 126 ¹
123 145 167 199 564
194 202 195 206 Ἰ
386 137 510 200 duumuir
528 140 559 187 11.

122 262 183 297 stridet
194 261 242 306 quasi
252 261 325 296 tridente
337 262 426 296 confossus
436 268 453 297 et
462 263 520 298 statim
532 262 613 307 expandit
625 273 644 297 se
654 264 760 299 moriturum.
773 268 779 307 ΙΙ
793 268 822 304 Set

122 319 139 346 et
147 315 179 346 hec
187 313 263 346 eiusdem
268 313 321 346 virtus
327 313 396 355 egregia
401 324 437 346 non
443 320 469 347 est
475 315 589 357 pretereunda
596 314 667 348 narrari.
690 316 737 348 Nam
742 325 781 350 cum
787 320 822 360 qui.

122 364 163 396 dam
171 363 228 396 ouium
234 368 293 405 pastor
300 363 328 404 qui
337 364 456 405 appellabatur
463 365 571 398 Wedmonus
579 365 611 397 sub
617 365 661 397 duce
669 374 700 397 suo
708 366 822 407 Quonethedu

121 424 191 457 gregem
199 424 248 447 suurn
256 412 274 446 in
285 413 353 456 pascuis
364 413 411 448 iuxta
422 413 484 449 siluam
495 420 579 458 pasceret,
587 414 644 449 subito
651 425 682 449 aer
689 415 742 449 densa
751 417 822 460 caligine

105 473 113 503 5
122 465 233 499 conturbatus
241 464 303 497 ictibus
314 465 374 498 crebro
381 464 466 498 fulmineis
475 465 553 500 intonare
563 465 612 508 cepit.
635 465 758 500 Obtenebratis
766 467 822 512 itaque

122 526 153 558 per
167 513 256 548 circuitum
271 513 355 555 omnibus,
370 522 429 558 pastor
443 521 509 550 tantam
525 527 560 550 non
575 516 649 559 perferre
664 517 723 549 valens
740 517 785 551 aeris
798 519 821 553 in·

121 565 238 605 clemenciam,
253 571 322 597 cecatus
336 566 359 597 ad
373 571 436 598 terram
451 567 563 607 prosternitur
577 566 654 607 pauidus.
686 568 748 599 Custos
765 575 822 603 autem

121 614 207 657 pecudum
214 613 249 646 iam
260 620 311 647 nocte
322 614 380 647 omnia
391 621 460 657 tegente
472 616 541 658 quando
552 616 570 649 in
582 626 600 648 se
611 614 667 657 capite
678 621 735 648 erecto
745 627 822 652 reuersus

122 670 154 706 est,
167 675 209 698 oues
221 663 276 698 nullas
288 663 320 698 nisi
332 665 382 707 lupos
393 675 424 707 pro
436 665 468 699 illis
480 665 526 699 circa
537 675 556 699 se
567 666 671 707 glomeratos
682 665 730 700 vidit.
758 668 822 710 Magno

95 724 114 747 10
122 716 179 760 itaque
187 715 248 749 timore
256 726 353 756 concussus,
360 715 384 749 ait
392 727 396 749 :
409 716 413 733 ‘
420 717 483 749 Sancte
490 716 518 749 dei
526 716 625 758 Winwaloe,
632 726 659 757 ne,
666 716 743 757 obsecro,
749 718 821 753 furorem

122 769 184 800 horum
191 772 251 800 contra
258 777 286 799 me
294 768 370 799 dimittas
378 769 475 809 preualere.¹
489 769 520 800 Set
528 778 560 800 nec
568 768 640 800 multum
646 767 672 799 vir
679 767 707 800 dei
715 768 821 812 imprecatus,

122 828 174 859 opem
185 827 220 853 non
233 816 297 849 distulit
308 817 352 849 ferre
363 817 445 858 poscenti.
468 818 515 849 Nam
528 816 573 850 inter
585 828 604 849 se
617 823 634 850 et
645 817 688 850 alios
699 817 746 850 visus
757 819 794 859 suit,
804 827 822 853 vt

121 871 182 909 postea
192 865 281 907 referebat,
293 875 346 907 vsque
356 876 406 899 mane
417 871 462 899 stare
473 872 543 899 sanctus
553 866 675 900 Winwaloeus.
703 868 756 901 Mane
766 874 821 902 autem

121 917 172 958 facto,
185 915 278 958 intrepidus
290 915 370 957 sugitiuas
384 916 449 958 absque
462 917 495 949 vilo
509 916 607 950 discrimine
620 923 714 959 congregat
728 923 745 950 et
757 919 821 953 reducit

95 975 113 1005 15
122 967 209 1000 vniuersas
224 966 313 1007 bidentes‚·
330 978 351 999 ac
366 967 428 1007 statim,
443 978 505 1009 pecore
520 967 606 1008 derelicto,
620 967 697 1009 graditur
709 968 731 1001 ad
745 975 822 1003 sanctum

121 1016 149 1050 dei
157 1015 285 1057 Winwaloeum,
293 1027 365 1049 narrans
375 1016 391 1050 ei
399 1017 457 1050 omnia
465 1027 498 1061 que
510 1027 541 1060 per
552 1028 591 1051 eum
601 1017 633 1051 sibi
642 1017 659 1050 in
667 1024 717 1052 nocte
725 1018 771 1053 facta
778 1025 822 1054 sunt.

121 1069 161 1100 Hec
172 1066 199 1099 uir
210 1066 238 1099 dei
251 1077 262 1099 a
275 1066 338 1099 rustico
350 1067 427 1106 audiens,
441 1077 488 1100 more
500 1067 550 1100 solito
564 1068 630 1101 auferre
642 1079 653 1100 a
666 1079 685 1102 se
696 1069 765 1102 laudem
778 1071 822 1103 hanc

120 1116 186 1151 virtutis
199 1116 295 1150 nitebatur:
312 1122 338 1150 set
351 1116 423 1150 rusticus
436 1127 481 1151 nunc
494 1116 573 1151 laudibus
589 1116 675 1159 insistens,
688 1128 733 1152 nunc
746 1128 785 1153 cum
798 1119 821 1153 in·

121 1167 226 1210 crepacione,
240 1166 287 1200 illum
299 1166 326 1199 dei
338 1167 414 1200 misteria
428 1167 483 1201 celare
495 1167 592 1209 cupientem
604 1178 675 1209 arguere
685 1178 720 1201 non
734 1169 801 1202 desinit.
814 1171 820 1210 11

94 1227 114 1249 ao
122 1217 201 1263 Quadam
210 1217 238 1250 die
250 1217 291 1250 dum
304 1215 381 1250 ¹ludicra
393 1217 437 1250 inter
449 1218 545 1250 Fracanum
557 1218 593 1250 eius
605 1217 699 1260 genitorem
710 1224 728 1251 et
739 1218 822 1252 Riwalum

121 1267 233 1303 domnonice²
243 1268 297 1311 partis
309 1268 331 1302 de
339 1268 430 1302 velocitate
441 1278 522 1311 equorum
532 1279 601 1302 suorum
611 1275 649 1302 orta
658 1269 748 1303 contencio
758 1269 821 1312 fuisset,

121 1319 215 1351 conuencio
231 1318 305 1349 condicti
319 1318 358 1358 diei,
372 1318 389 1349 in
404 1329 439 1360 qua
454 1319 533 1359 quisnam
548 1329 607 1350 eorum
622 1319 707 1360 pernicior
721 1320 769 1352 fieret
783 1331 821 1361 pro-

121 1369 195 1407 baretur,
204 1368 294 1400 amborum
306 1377 390 1400 consensu
401 1368 448 1400 facta
459 1373 490 1400 est.
513 1368 536 1399 At
545 1373 586 1400 tunc
598 1367 676 1409 plurimis
688 1373 724 1400 tam
738 1368 822 1401 nobilibus

121 1428 172 1461 quarn
180 1417 284 1460 ignobilibus
294 1418 317 1450 ad
328 1419 445 1460 spectaculum
453 1418 499 1452 istud
509 1417 622 1460 congregatis,
630 1418 712 1452 leuissimi
722 1420 775 1461 pueri,
783 1419 822 1453 arti-

94 1468 229 1512 a5ficiosissime
247 1469 270 1501 ad
288 1469 390 1502 currendum
409 1467 470 1509 edocti,
489 1478 542 1511 equos
561 1469 679 1502 ascenderunt.
710 1469 822 1502 Plurimorum

121 1520 172 1563 igitur
183 1529 266 1562 equorum
279 1530 328 1551 cursu
342 1524 430 1561 concepto,
444 1519 500 1551 cuntis
511 1529 545 1552 vna
559 1530 577 1552 se
591 1518 668 1551 certatim
681 1520 789 1552 mouentibus
801 1519 822 1552 de

121 1571 159 1604 loco
175 1568 241 1611 agonis,
257 1569 303 1601 solus
320 1568 393 1601 Fracani
409 1569 484 1602 caballus
501 1573 541 1601 ante
557 1579 617 1602 omnes
633 1570 711 1602 cucurrit.
739 1571 769 1602 Set
784 1579 822 1602 cum

121 1621 166 1654 terre
178 1618 261 1661 impetum
276 1618 359 1651 currentis
374 1618 413 1660 equi
426 1628 468 1661 puer
482 1628 517 1650 non
529 1618 587 1658 valuit,
600 1627 642 1651 casu
657 1618 701 1651 inter
716 1619 822 1652 acutissimas

121 1676 179 1714 petras
191 1667 270 1703 concidit.
293 1667 345 1701 Cuius
357 1667 414 1701 statim
426 1668 550 1710 corpusculum,
561 1668 643 1702 membris
657 1678 688 1711 per
699 1668 756 1702 omnia
766 1668 822 1702 fractis

95 1734 114 1763 30
122 1727 139 1755 et
150 1719 269 1754 miserabiliter
280 1719 343 1752 collisis
348 1717 359 1759 ³,
368 1719 394 1751 sui
404 1725 507 1760 acceperunt
517 1724 608 1759 mortuum,
616 1725 668 1761 atque
677 1719 736 1752 omnia
746 1720 822 1752 membra

122 1769 235 1814 particulatim
247 1769 387 1810 recompaginare
398 1769 477 1809 nitentes,
489 1767 564 1801 studium
577 1769 659 1810 gerebant
672 1768 763 1802 incassum.
785 1770 822 1801 Plo-

120 1822 170 1854 rabat
184 1819 264 1861 precipue
277 1820 370 1858 Fracanus,
381 1819 428 1850 cuius
440 1824 488 1850 reatu
500 1818 601 1860 omniaque
612 1818 716 1851 accidissent
726 1819 773 1851 mala
782 1828 822 1850 con-

121 1871 179 1912 tigisse
193 1868 291 1910 fereba[n]t,
304 1873 322 1901 et
336 1873 382 1901 totus
396 1868 472 1910 vndique
486 1867 578 1910 promiscui
594 1877 643 1901 sexus
654 1867 721 1909 ploratu
735 1878 774 1901 cum
788 1867 822 1900 alto

121 1920 185 1964 gemitu
190 1925 207 1953 et
213 1919 275 1952 eiulatu
283 1919 356 1960 repletur
363 1928 398 1951 aer.
413 1918 492 1951 Tandem
500 1928 539 1951 cum
547 1917 650 1952 sufficienter
657 1918 728 1952 modurn
736 1917 822 1952 dedissent

94 1984 112 2014 55
121 1970 178 2005 fletui:
191 1968 264 2003 ‘Tollite
274 1968 320 2009 hinc,
331 1968 425 2011 inquiuunt,
433 1979 473 2001 eum
483 1968 506 2001 ad
518 1968 646 2011 sepeliendum:
662 1966 697 2001 iam
709 1968 764 2001 nichil
777 1965 822 2000 aliud

121 2023 193 2055 debetur
207 2025 274 2052 mortuo
287 2020 320 2052 nisi
334 2019 440 2061 sepulcrum!
467 2018 494 2051 illi
509 2024 566 2051 autem
579 2018 607 2060 qui
623 2018 670 2061 prius
683 2025 761 2052 sanctum
774 2017 822 2051 Win-

122 2072 204 2104 waloeum
212 2070 302 2102 audierant
310 2074 361 2111 atque
368 2074 458 2109 nouerant,
466 2068 557 2101 dicebant:
570 2068 628 2109 ‘Vere,
637 2068 710 2101 simodo
718 2069 746 2101 hic
754 2072 822 2101 sanctus

122 2122 166 2155 filius
177 2126 215 2154 tuus
226 2119 343 2153 Winwaloeus
353 2119 427 2161 adesset,
435 2118 537 2152 reuiuiscere
548 2118 627 2161 equidem
639 2119 671 2151 iste
683 2119 763 2162 puerulus
773 2122 822 2161 potu-

122 2171 173 2206 isset·
196 2172 240 2203 Cum
251 2169 392 2210 hecdicerentur,
401 2170 433 2203 deo
441 2175 580 2211 agentesanctus
589 2168 638 2202 adest
646 2168 768 2203 Winrvaloeus.
790 2164 822 2209 Qui

94 2233 162 2267 4omon
176 2221 237 2254 uidens
252 2220 318 2253 illorum
337 2221 393 2253 uultus
412 2219 537 2253 mestissimos:
557 2219 654 2260 ‘Recedite
670 2218 730 2263 inquit,
744 2230 779 2252 non
797 2220 822 2249 est

122 2277 198 2305 mortuus
210 2281 256 2311 puer,
270 2276 296 2302 set
309 2281 348 2310 eger
361 2270 415 2303 iacet)
442 2269 478 2302 Illis
491 2269 570 2302 omnibus
585 2270 665 2302 recedere
679 2271 759 2312 pusillum
773 2266 822 2301 iussis

122 2327 139 2352 et
154 2319 223 2359 globum
238 2318 256 2350 in
271 2317 341 2350 circuitu
356 2318 379 2349 ad
393 2317 488 2349 uidendum
501 2315 542 2358 quid
554 2323 612 2358 ageret
623 2316 735 2350 facientibus:
753 2327 792 2349 mox
804 2317 821 2346 vt

122 2369 173 2401 fidern
182 2366 248 2399 illorum
260 2364 397 2398 ardentissimam
408 2364 479 2405 aspexit,
487 2364 575 2397 dexteram
585 2365 660 2398 defuncti
671 2363 822 2407 comprehendens,

123 2417 225 2458 ‘Dominus
237 2416 297 2459 inquit,
311 2416 371 2449 ihesus
385 2416 468 2456 Christus,
481 2414 509 2458 qui
521 2421 537 2449 te
549 2426 588 2449 cum
600 2426 633 2450 non
646 2427 685 2450 eras
697 2413 793 2459 plasmauit,
806 2415 822 2444 et

94 2486 113 2516 45
122 2479 191 2504 carnem
200 2478 269 2501 sumens
277 2479 298 2500 ex
305 2466 370 2508 virgine
378 2465 481 2498 inmaculata
488 2465 523 2508 pati
532 2476 562 2507 pro
571 2471 588 2499 te
596 2477 630 2499 non
638 2466 728 2506 dubitauit,
735 2461 822 2518 resuscitet

122 2521 149 2555 te.¹
172 2520 195 2552 At
204 2524 245 2552 tunc
256 2528 298 2559 puer
309 2517 338 2559 qui
349 2523 425 2549 mortuus
437 2517 496 2557 tuerat,
505 2517 554 2559 quasi
565 2528 576 2550 a
587 2527 660 2561 sompno
671 2517 754 2551 excitatus
765 2519 821 2548 statim

179 2588 184 2605 ¹
194 2588 228 2619 MS⁴
235 2587 314 2618 contencio
321 2587 331 2618 l.
411 2587 417 2605 ²
427 2586 460 2617 MS.
468 2586 562 2618 demuonioe.
643 2588 649 2604 ³
659 2587 692 2618 MS.
700 2587 767 2618 collisus.
