1762 2803
225 99 270 155 Di
285 96 387 151 &altitu
402 97 534 155 fflifbssdt.
685 113 728 157 507

29 223 107 265 armillas
119 232 189 264 aureas,
201 218 299 255 nobilitatis
312 217 405 262 indicium,
416 218 545 265 preferentem.
569 221 629 264 Quem
641 231 674 256 rex
685 221 730 265 bap·

29 280 78 319 tizari
91 278 137 318 tecit,
151 282 169 310 et
184 287 195 310 a
211 275 259 316 nido,
272 274 403 318 ‘Nesttngurn’
416 285 489 315 vocans,
503 272 589 308 nobiliter
602 275 699 309 educatum
711 275 730 308 in

30 334 113 371 comitem
126 328 216 373 prouexit.
240 327 276 361 Hic
288 327 351 370 genuit
363 326 527 372 Witburdingum;
538 328 569 372 qui
581 328 643 372 genuit
650 328 732 361 Wlshel-

30 397 84 426 mum,
99 382 130 426 qui
144 393 168 416 ex
183 392 240 416 vxore
256 392 289 415 sua
304 380 372 414 liberos
384 391 491 423 procreans,
503 391 540 413 vna
552 391 594 413 cum
606 382 684 424 coniuge
699 391 732 413 sua

30 441 92 474 decem
100 440 118 468 et
126 439 167 468 octo
174 433 228 467 annis
235 443 294 476 usque
302 432 325 466 ad
335 438 442 476 prouectam
450 437 517 466 etatem
526 433 603 467 celibem
610 435 667 467 vitam
675 432 732 466 duxit.
740 444 749 474 5

31 489 112 534 Angelus
124 492 185 521 autern
196 485 266 520 domini
277 486 352 520 tandem
363 486 411 520 trina
421 485 493 520 visione
504 492 601 531 utrumque
612 486 695 520 hortatus
704 492 732 520 est

31 551 49 580 vt
60 541 185 581 conuenirent,
197 539 239 584 quia
250 539 287 574 iam
298 539 371 574 castiori
382 550 417 574 euo
429 550 517 583 sponsam
530 540 597 575 Christi
609 545 731 583 generarent;

32 604 49 633 et
60 598 144 630 decetero
155 592 271 637 propositum
284 596 421 627 conseruarent.
444 592 498 626 Fiunt
509 592 570 637 itaque
581 593 668 627 certiores
679 593 733 626 alter-

32 657 71 685 utro
86 645 195 688 testimonio,
211 657 245 680 nec
264 646 355 680 rebellare
370 647 438 680 audent
454 652 490 680 tam
507 647 580 680 euident
596 647 658 680 celesti
674 646 733 680 edocti

33 701 113 746 imperio,
123 700 172 733 trina
183 699 271 733 inditione
283 699 364 742 probato.
388 699 435 733 Nata
445 698 501 744 igitur
512 698 605 743 infantula,
613 706 631 733 et
639 698 734 733 Wllhildis
745 709 762 731 ιο

32 760 98 794 vocata,
106 752 236 795 ablactataque,
244 752 347 796 virginibus
355 752 454 786 Wiltonie¹
466 752 543 787 traditur
551 753 651 787 educanda.
674 752 734 796 Quam

34 820 72 844 cum
85 806 180 841 interiecto
194 810 278 849 tempore
293 805 377 849 Edgarus
391 817 424 840 rex
438 806 545 850 fugientem,
556 812 576 840 vt
589 807 673 840 columba
688 806 735 840 aect-

34 863 103 906 pitrem,
112 859 161 893 nullo
169 864 277 903 argumento
285 858 414 893 blanditiarum
419 859 449 893 vel
455 858 599 903 promissionum
607 858 736 893 minarumue²

34 913 121 949 accersire
133 912 156 945 ad
168 921 189 945 se
200 916 270 954 posset,
282 923 316 945 nec
327 912 350 945 de
362 911 432 945 domini
443 922 509 955 rapere
521 911 598 946 ecclesia
610 913 690 954 auderet,
702 922 736 956 per

35 967 72 1000 eius
85 965 160 998 amitam
171 963 246 997 nomine
257 964 382 1006 Wenlledam,
393 975 430 1008 que
442 965 469 998 illi
481 965 552 1009 apicem
563 964 615 1009 regni
627 965 736 1009 consangui-
745 978 763 1008 15

35 1022 94 1057 nitatis
112 1020 177 1055 affectu
196 1019 306 1064 concupiuit,
321 1020 404 1055 irretire³
419 1025 501 1064 temptat.
530 1020 555 1054 At
573 1020 609 1062 illa,
625 1019 694 1054 callens
713 1020 735 1055 ad

36 1074 167 1119 decipiendum,
182 1074 245 1117 ⁴graui
260 1085 281 1108 se
297 1074 379 1118 corporis
394 1075 422 1108 sui
437 1074 525 1118 languore
543 1075 626 1109 laborare
645 1074 736 1114 simulat⁴‚

36 1129 113 1172 puellam
125 1129 180 1161 adse
193 1126 211 1160 in
224 1128 298 1160 domum
311 1138 364 1161 suam
379 1128 427 1170 apud
443 1127 554 1161 Werewelle
569 1127 638 1167 inuitat,
649 1132 669 1160 vt
684 1126 736 1170 quasi

37 1186 108 1223 neptem
121 1180 174 1213 vnice
186 1178 270 1213 dilectam
285 1189 345 1213 rerum
358 1190 433 1213 suarum
446 1179 533 1213 heredem
549 1179 637 1213 moritura
652 1179 737 1212 ascribat.

38 1233 76 1274 Quo
84 1243 125 1265 cum
133 1231 255 1275 peruenisset,
264 1242 306 1266 ecce
314 1242 348 1266 rex
355 1231 439 1274 Edgarus
445 1233 513 1266 sedens
519 1232 542 1265 ad
549 1231 638 1274 conuiuia,
644 1231 737 1266 assidente
746 1244 766 1264 ao

37 1285 75 1328 ipsa
83 1284 181 1318 Wenlleda
192 1294 229 1318 hon
238 1284 324 1328 languida
335 1284 368 1318 sed
381 1284 473 1328 regalibus
484 1285 544 1329 epulis
556 1284 639 1318 iocunda.
662 1284 738 1319 iubetur

38 1337 55 1371 iu
70 1337 151 1372 cubiculo
166 1336 227 1381 puella
240 1337 326 1382 regaliter
338 1338 399 1381 parari
404 1337 416 1380 ⁶,
429 1342 447 1372 et
462 1342 567 1372 auratarum
578 1338 658 1372 vestium
671 1338 738 1373 decore

38 1391 109 1424 radians
117 1392 140 1424 ad
151 1401 214 1433 regem
226 1391 297 1424 adduci.
320 1391 379 1431 Quam
392 1401 425 1424 rex
437 1390 505 1434 colligit
516 1396 535 1423 et
545 1390 598 1423 lateri
609 1392 649 1423 eius
659 1396 738 1425 amatam

38 1443 117 1476 assidere
129 1442 171 1477 fecit
184 1442 264 1477 mediam
276 1443 324 1476 inter
337 1453 357 1476 se
371 1448 390 1477 et
402 1442 442 1476 eius
454 1443 542 1477 amitam:
563 1442 656 1486 blanditie,
669 1443 739 1488 pollici·

39 1495 119 1539 tationes,
134 1497 236 1539 suasiones,
253 1495 322 1538 diuitie,
337 1507 415 1541 regnum
436 1502 454 1531 et
473 1496 571 1541 imperium
590 1496 658 1531 affatim
673 1496 739 1541 virgini
748 1509 766 1539 ²5

40 1550 171 1592 promittuntur,
184 1549 247 1594 regina
259 1555 277 1584 et
289 1550 363 1584 domina
374 1560 436 1584 rerum
450 1550 545 1584 Britannie
557 1550 661 1594 prolibatur.
683 1550 740 1595 Virgo

40 1607 98 1637 autern
104 1603 171 1637 Christi
176 1603 230 1637 tacito
235 1614 272 1644 ore,
278 1604 310 1637 sed
316 1603 396 1637 clamoso
402 1604 457 1638 corde
465 1595 535 1647 respuit
543 1608 561 1636 et
566 1604 667 1637 detestatur
673 1604 740 1645 omnia,

41 1658 57 1687 et
68 1654 101 1689 hec
112 1655 236 1690 blandimenta
244 1661 263 1689 vt
274 1655 402 1689 crudelissima
413 1656 470 1699 gemit
482 1660 583 1690 tormenta:
596 1655 619 1689 de
627 1655 666 1689 sola
674 1656 740 1699 cogitat

40 1705 85 1748 suga,
101 1713 119 1741 et
132 1710 167 1742 alto
183 1708 254 1742 silentio
269 1709 305 1741 alta
320 1708 343 1742 ad
359 1708 452 1742 Christum
467 1715 486 1741 vt
504 1708 592 1752 eripiatur
606 1708 683 1742 attollitt
700 1719 741 1742 sus·

41 1757 89 1801 piria.
112 1760 151 1795 Iam
159 1767 196 1796 toto
204 1761 289 1796 conuiuio
300 1761 373 1806 fatigata
381 1761 404 1795 ab
416 1762 501 1796 omnibus
509 1767 528 1795 vt
539 1762 651 1806 epularetur,
659 1761 742 1796 animosa
750 1774 770 1804 30

41 1811 147 1849 abstinentia
154 1815 215 1859 potius
223 1815 305 1849 dolorem
312 1825 366 1848 suum
370 1815 473 1848 ulciscitur:
485 1814 570 1848 simulata
576 1814 625 1848 enim
632 1813 742 1856 infirmitate,

42 1863 83 1898 nihil
94 1877 170 1910 prorsus
182 1868 273 1912 acquieuit
284 1872 362 1911 gustare.
385 1867 469 1900 Tandem
480 1867 511 1900 vix
523 1867 619 1910 impetrata
630 1867 742 1904 dimissione,

42 1917 63 1949 ad
71 1927 146 1961 pausam
154 1925 174 1955 vt
182 1920 255 1955 defessa
264 1919 362 1964 egreditur.
385 1918 427 1954 Rex
435 1930 479 1953 vero
486 1919 564 1963 virginis
575 1919 695 1954 intentionem
705 1919 741 1954 iam

42 1969 111 2011 pridem
123 1983 232 2016 agnoscens,
243 1985 267 2007 ne
278 1984 352 2018 quoquo
363 1973 417 2006 modo
433 1973 512 2007 euadere
527 1978 596 2018 posset,
607 1972 652 2007 soris
664 1974 742 2008 militum

43 2025 90 2065 ponit
101 2028 208 2070 custodiam,
220 2032 238 2062 et
249 2027 268 2062 in
280 2027 340 2071 ipsum
352 2025 455 2060 cubiculum
468 2025 573 2070 importuna
586 2036 627 2060 eam
639 2026 743 2071 assequitur
751 2039 770 2070 35

43 2078 127 2113 custodia.
150 2078 298 2124 Procedit[que]⁷
307 2079 382 2113 tandem
392 2079 443 2123 virgo
455 2079 507 2123 quasi
519 2080 542 2113 ad
554 2085 626 2114 secreta
637 2086 702 2113 nature
713 2081 743 2114 vbi

43 2131 93 2172 turpe
101 2137 139 2165 erat
147 2133 219 2166 mares⁸
227 2133 290 2176 sequi:
302 2137 320 2166 et
328 2132 445 2175 presentibus
453 2132 524 2165 duabus
536 2131 603 2175 puellis
611 2137 666 2166 exuta
675 2142 743 2176 pompa

43 2189 190 2219 ornamentorum
202 2190 219 2220 et
231 2185 331 2227 monilium,
339 2194 373 2228 per
383 2189 464 2219 meatum
476 2184 555 2219 cuniculi
567 2184 632 2229 angelo
644 2185 690 2219 duce
701 2185 743 2229 luga

43 2231 131 2279 dilabitur,
139 2243 193 2283 atque
201 2238 220 2273 in
227 2239 270 2273 villa
278 2239 301 2272 de
309 2238 420 2272 Werewelle
432 2238 528 2273 cuiusdam
536 2237 647 2283 paupercule
655 2238 727 2282 tugurio
732 2238 744 2281 ⁹,

43 2290 61 2318 vt
75 2290 162 2333 mendica,
178 2292 269 2337 hospitata
285 2296 318 2326 est.
348 2291 366 2325 A
381 2290 479 2326 curialibus
493 2290 574 2336 undique
589 2291 744 2327 conclamantibus
752 2306 772 2336 4⁰

44 2342 128 2385 queritur,
145 2345 178 2379 sed
191 2356 307 2389 nequaquam
320 2344 416 2388 reperitur.
444 2345 500 2379 Mane
513 2351 574 2380 autem
586 2344 638 2387 sacto,
650 2346 744 2379 accersitis

44 2511 49 2528 ι
62 2473 67 2530 ἔ
78 2475 95 2506 Τ1
102 2477 189 2518 Wiitonie;
199 2481 311 2513 E.Wintonie.
391 2480 397 2499 ²
407 2480 425 2511 E.
433 2482 535 2511 mlnarumne.
614 2479 620 2498 ³
630 2480 648 2510 T.
657 2481 674 2511 E.
682 2481 744 2511 irritire.

51 2521 61 2526 “
77 2515 192 2556 T-hrnguorem
200 2522 267 2551 simulat.
308 2521 487 2559 ⁵E.paratiregalitcr.
531 2520 629 2551 ‘Eattolit
675 2519 745 2558 'soT.;

45 2550 62 2581 Ε.
70 2563 99 2586 om.
107 2567 142 2594 que.
183 2561 217 2591 θΕ.
226 2562 277 2591 maris.
317 2561 434 2598 'rangono
