1762 2803
45 124 180 164 usuarium]
206 112 667 176 &radamantuttgtetmuttute
704 127 745 172 591

46 237 141 277 dormienti,
156 242 173 270 et
188 246 227 270 cum
244 246 307 278 corpus
322 236 360 270 eius
374 246 404 278 pre
420 235 474 269 nimia
489 235 572 277 temporis
587 235 683 278 prolixitate
697 235 750 269 aridis

46 287 113 322 ossibus
124 286 141 319 in
153 283 241 329 puluerem
253 285 342 319 redactum
355 285 458 327 crederetur,
470 285 494 319 ita
505 284 590 328 integrum
603 290 620 319 et
633 284 750 328 incorruptum

46 343 71 371 est
83 342 169 378 repertum
180 335 216 369 acsi
228 336 289 369 eodem
302 335 346 379 [die]
356 335 416 369 fuisset
428 336 520 378 sepultum.
550 335 611 378 Capud
623 345 692 378 quoque
703 335 750 378 quod

45 386 130 430 precisum
144 386 200 418 fuerat
215 396 225 417 a
240 396 311 428 corpore
326 385 343 418 in
358 385 444 427 passionis
459 385 536 425 articulo,
548 384 573 417 ita
587 384 654 428 corpori
666 385 704 417 loco
719 395 750 417 suo

46 435 170 469 consolidatum
185 440 202 467 et
216 434 282 466 vnitum
298 435 406 475 inuenerunt,
419 441 437 467 vt
452 436 500 468 nulla
514 434 532 467 in
544 444 570 475 eo,
582 434 626 468 sicut
639 434 701 467 necin
714 440 767 473 toto5

46 495 121 527 corpore,
129 485 198 517 macula
206 484 290 517 cicatricis
298 485 326 517 vel
334 483 406 517 alicuius
414 485 484 517 lesionis
492 490 588 527 appareret.
611 486 631 517 ln
640 485 684 518 collo
692 491 750 517 tamen

46 534 113 568 subtilis
121 545 141 567 ac
148 534 244 567 rubicunda
251 534 296 567 linea
304 534 405 567 admodum
413 534 437 567 fili
445 534 520 567 coccinei
529 534 609 568 rutilabat
616 546 647 578 per
655 535 750 576 circuitum,

46 584 137 626 vestigium
156 584 277 618 decollacionis
296 590 421 628 representans.
453 586 527 619 Eleuata
545 586 615 619 tandem
635 596 674 619 cum
692 586 750 619 leticia

46 635 149 668 sanctissimi
162 635 238 676 corporis
249 636 311 675 gleba:
325 636 394 668 Christo
406 636 449 668 duce
461 646 500 668 cum
512 635 602 677 maxi[m]o
614 636 654 668 cleri
662 637 750 678 plebisque

46 684 126 725 tripudio,
137 683 155 716 in
166 684 250 726 prefatam
262 684 363 717 transfertur
373 684 470 725 ecclesiam,
482 684 510 717 vbi
521 685 579 717 adbuc
591 684 609 717 in
621 685 683 718 eadem
696 686 779 718 forma10

47 739 125 777 expectat
132 734 183 767 beate
191 734 321 768 resurreccionis
329 733 392 777 gaudia
399 735 507 778 repromissa.

105 821 208 863 QUALITER
221 821 291 853 OSWEN
304 828 406 854 PRESCIDIT
417 829 507 856 CAPILLOS
519 829 563 855 EIUS
575 830 599 854 ET
610 830 693 856 VNGUES.

68 902 116 935 Albo
123 903 198 936 Floriac.
206 905 279 945 etpn'or
290 905 410 947 Warengsord.
426 883 480 956 DE
493 883 623 938 incf’rrupcmne
632 883 689 939 ,edam
699 888 715 938 ‘ft
725 883 751 916 in*

482 938 562 972 tegrrtate
569 942 646 973 corporis
652 938 708 964 sancti
716 933 751 964 Ed-

47 981 106 1014 mundi
114 982 163 1015 testis
171 987 207 1016 erat
215 982 237 1015 ad
245 983 327 1024 populum
335 984 385 1017 beate
393 981 519 1016 recordacionis
525 981 590 1014 femina
598 982 660 1014 Oswen
668 981 752 1014 vocabulo

48 1032 98 1073 dicta,
106 1044 139 1075 que
147 1044 201 1076 prope
209 1034 254 1066 dicte
261 1034 381 1067 translacionis
388 1033 481 1077 primordia
492 1032 514 1065 ad
526 1032 580 1064 sancti
592 1031 666 1065 martiris
674 1033 752 1065 tumbam
762 1046 779 1077 15

48 1082 65 1114 in
72 1082 133 1115 habitu
140 1083 219 1124 religioso
228 1083 294 1116 ieiuniis
302 1091 319 1117 et
327 1084 435 1117 oracionibus
443 1093 512 1123 vacans,
518 1082 572 1114 multa
577 1082 660 1124 transegit
668 1093 752 1115 annorum

48 1130 135 1163 curricula.
158 1133 197 1172 Que
205 1132 263 1164 diuine
270 1133 382 1165 reuelacionis
390 1133 417 1165 vel
428 1132 496 1174 proprie
504 1130 602 1163 deuocionis
610 1131 717 1171 auctoritate,
725 1132 752 1163 vel

48 1185 93 1213 certe
100 1180 188 1224 vtriusque
195 1182 333 1224 presumpcione,
341 1182 363 1216 de
370 1192 418 1227 more
426 1180 514 1216 consueuit
522 1180 540 1213 in
552 1190 595 1214 cena
603 1180 695 1221 dominica,
703 1187 752 1223 pate-

47 1229 92 1263 facto
104 1230 149 1263 beati
163 1230 238 1265 martiris
251 1232 334 1275 sepulcro,
348 1231 419 1275 singulis
434 1230 484 1265 annis
498 1229 569 1273 capillos
582 1229 646 1273 pariter
656 1236 674 1264 et
686 1241 752 1273 vngues

48 1280 103 1313 sancti
123 1281 168 1323 regis
188 1281 293 1324 precidere¹,
312 1289 329 1316 et
350 1282 367 1315 in
388 1283 459 1325 capsula
481 1280 571 1321 diligenter
589 1280 690 1321 recondens,
709 1281 752 1315 mira
761 1294 781 1317 ro

48 1330 141 1364 affeccione
152 1331 235 1374 quamdiu
244 1332 285 1366 vixit
296 1332 374 1372 excoluit,
386 1338 403 1366 et
413 1338 501 1374 tamquam
511 1330 599 1372 preciosas
608 1331 689 1373 reliquias
701 1342 753 1373 super

48 1381 102 1411 altare
112 1380 190 1413 eiusdem
201 1382 273 1414 ecclesie
285 1383 347 1415 deuote
359 1383 445 1424 reposuit3
462 1380 490 1413 vbi
503 1380 561 1411 adhuc
572 1386 683 1412 reseruantur
695 1381 753 1413 debita

48 1430 164 1464 veneracione.
186 1432 242 1464 Prior
250 1431 271 1464 de
284 1430 423 1475 Wure[n]gfirrd.
447 1432 467 1464 In
475 1428 536 1463 veten's
544 1435 602 1462 autem
610 1429 646 1463 siue
654 1429 694 1462 noui
702 1436 753 1463 testa·

48 1480 101 1514 menti
117 1481 161 1514 serie
176 1491 211 1515 non
226 1486 253 1515 est
267 1482 338 1525 aliquod
352 1482 392 1515 huic
408 1480 497 1515 consimile
512 1479 600 1521 mirabile;
618 1480 665 1524 quod
677 1480 723 1514 enim
736 1480 753 1514 in

48 1537 116 1563 mortuo
130 1532 215 1564 cadauere
228 1539 293 1565 crescat
306 1532 382 1575 capillus,
396 1532 423 1564 vel
436 1531 498 1573 unguis
512 1536 604 1570 excrescat,
616 1541 649 1563 nec
664 1530 707 1572 legis
721 1542 754 1564 nec
763 1541 781 1569 25

47 1580 131 1621 euangelii
140 1580 212 1614 occurrit
220 1583 321 1624 exemplum.
344 1581 419 1615 Proinde
429 1579 520 1623 singularis
532 1580 603 1622 gauisus
611 1587 637 1613 est
644 1579 688 1622 signi
696 1580 754 1623 specie

49 1628 78 1670 qui
86 1628 103 1660 in
111 1629 216 1663 sublimitate
224 1630 290 1672 positus
298 1630 406 1673 singulariter
413 1631 435 1664 de
446 1636 501 1663 morte
512 1629 535 1662 ad
543 1629 596 1662 vitam
607 1628 697 1662 transitum
708 1630 754 1670 fecit,

49 1683 66 1710 et
77 1678 152 1720 speciem
164 1679 235 1722 imperio
246 1679 317 1722 dignam
326 1681 343 1714 in
356 1680 436 1713 seruilem
449 1678 562 1712 commutauit
575 1679 645 1721 quando
655 1689 685 1712 rex
696 1679 755 1714 more¹

49 1727 94 1761 serui
106 1728 186 1771 dignatus
199 1735 225 1763 est
238 1730 286 1764 mori.
309 1731 445 1774 Verumptamen
461 1726 519 1774 quod*¹
531 1728 624 1763 inattencio
640 1728 754 1773 percucientis

49 1780 121 1813 credidit
128 1781 195 1822 seruile,
203 1780 278 1814 intencio
286 1781 369 1823 pacientis
376 1781 417 1814 fecit
424 1780 521 1823 imperiale:
534 1779 574 1821 quia
582 1790 650 1813 summa
658 1779 754 1822 ingenuitas
763 1784 783 1813 30

49 1834 75 1861 est
88 1829 106 1861 in
118 1840 153 1872 qua
166 1830 239 1862 seruitus
251 1830 315 1863 Christi
330 1831 456 1873 comprobatur.
477 1829 526 1862 Allo
538 1829 613 1862 Flumine.
636 1828 675 1865 llO
691 1836 755 1872 quanta

49 1879 147 1912 reuerencia
160 1880 208 1912 locus
220 1880 248 1912 ille
264 1881 326 1921 dignus
340 1879 396 1913 existit
411 1880 440 1922 qui
456 1880 488 1911 sub
503 1878 560 1920 specie
575 1878 675 1911 donnicatis
687 1885 755 1911 tantum

51 1927 114 1961 Christi
122 1934 184 1962 testem
192 1928 274 1970 continet,
282 1935 299 1962 et
307 1930 324 1962 in
336 1940 371 1972 quo
382 1935 429 1962 tante
439 1929 511 1962 virtutes
520 1928 563 1960 fiunt
573 1934 590 1961 et
600 1928 645 1961 facte
653 1928 755 1968 referuntur,

50 1984 124 2019 quantas
131 1980 177 2021 apud
185 1979 251 2020 Anglos
258 1990 344 2022 nusquam
353 1979 393 2011 alibi
401 1979 505 2012 audiuimus.
527 1979 555 2010 De
563 1988 598 2020 quo
606 1984 678 2017 constat,
687 1979 730 2012 sicut
738 1986 755 2013 et

50 2027 71 2061 de
84 2028 121 2061 aliis
130 2028 194 2063 sanctis
205 2029 285 2063 omnibus
298 2029 333 2063 iam
345 2040 384 2062 cum
398 2028 467 2063 Christo
480 2027 598 2070 regnantibus,
609 2028 656 2071 quod
667 2028 706 2062 licet
718 2028 755 2063 eius
763 2036 782 2067 35

50 2077 107 2111 anima
115 2079 166 2120 digne
174 2090 205 2121 pro
212 2079 277 2113 meritis
285 2080 306 2113 sit
314 2080 332 2113 in
343 2079 402 2112 celesti
412 2079 472 2120 gloria,
480 2088 515 2111 nun
526 2084 585 2111 tamen
596 2089 627 2120 per
637 2078 755 2112 visitacionem

50 2125 78 2159 die
85 2133 171 2170 noctuque
178 2130 229 2170 longe
237 2135 262 2161 est
270 2140 281 2161 a
289 2128 364 2171 corporis
371 2128 465 2170 presencia,
474 2137 513 2161 cum
521 2137 555 2169 quo
563 2128 655 2169 promeruit
664 2137 685 2160 ea
693 2128 756 2170 quihus

50 2174 83 2209 iam
92 2177 182 2219 perfmitur
189 2178 239 2211 beate
246 2177 378 2213 immortalitatis
386 2177 454 2220 gaudia.
477 2178 524 2210 Nam
535 2177 577 2210 dum
586 2177 603 2210 in
611 2184 669 2211 eterna
677 2178 733 2221 patria
739 2179 755 2212 ei

51 2225 126 2268 iungitur
140 2227 181 2270 qui⁴
196 2228 259 2270 ubique
272 2234 318 2261 totus
330 2233 361 2268 est,
373 2228 395 2260 de
408 2239 428 2260 eo
442 2228 495 2260 habet
508 2238 560 2269 posse
572 2227 654 2271 quicquid
666 2229 727 2262 habuit
739 2235 757 2263 et

50 2276 98 2318 velle,
113 2284 169 2319 preter
184 2278 201 2311 id
216 2278 272 2311 solum
288 2279 334 2321 quod
349 2278 449 2320 infatigabili
465 2276 551 2310 desiderio
570 2278 676 2321 concupiscit
690 2285 708 2313 vt
726 2290 757 2322 per
764 2286 784 2316 40

50 2326 209 2368 resur[r]eccione1n
217 2328 333 2361 circumdetur
343 2328 387 2360 stola
399 2328 486 2360 demutate
497 2327 565 2359 carnis:
582 2329 663 2370 quoniam
676 2334 718 2361 tunc
725 2330 757 2362 erit

51 2375 125 2415 perfecta
133 2383 232 2410 sanctorum
239 2377 327 2411 beatitudo
333 2388 373 2411 cum
379 2377 402 2410 ad
408 2377 426 2410 id
431 2377 481 2410 fuerit
488 2376 556 2409 Christo
561 2377 644 2420 largiente
650 2384 756 2420 peruentum.

52 2425 81 2457 Set
89 2432 106 2459 et
114 2428 136 2459 de
143 2427 177 2460 hoc
184 2433 244 2460 sancto
252 2428 322 2460 martire
332 2427 408 2461 estimari
417 2428 457 2460 licet
469 2427 518 2459 cuius
526 2427 577 2459 fuerit
587 2427 683 2460 sanctitatis
695 2427 712 2460 in
722 2428 756 2461 bac

51 2475 90 2518 vita,
98 2477 147 2511 cuius
159 2489 199 2511 caro
210 2484 277 2511 mortua
285 2479 347 2521 prefert
354 2478 442 2520 quoddam
450 2476 598 2519 resur[r]eccionis
606 2478 665 2518 decus,
672 2477 710 2510 sine
717 2477 756 2511 labe

91 2540 247 2582 lMS.prescindere.
295 2543 399 2573 ²MS.mori.
449 2543 500 2572 ’ΜΞ
509 2542 552 2579 quid.
599 2541 716 2581 ‘MSquibus
