1762 2803
118 168 120 174 ,
135 146 179 178 220
323 133 403 185 mata
419 130 642 194 tenentemque.

134 247 220 289 Audiens
231 255 298 289 deinde
311 254 395 298 pontifex
408 265 495 288 romanus
507 255 597 298 quosdam
608 255 627 288 in
639 254 730 289 occiduis¹
742 254 837 290 Britannie

134 308 217 352 partibus
230 308 309 341 necdum
323 307 379 340 fidem
392 306 460 340 Christi
472 307 582 350 suscepisse,
595 307 618 340 ad
630 306 747 349 episcopatus
760 307 836 349 gradum

136 360 235 395 Ninianum
243 359 357 394 consecrauit
364 364 382 394 et
390 358 481 404 premisse
489 359 539 403 genti
547 360 589 394 data
596 358 724 394 benedictione
734 360 837 404 apostolum

135 413 237 449 destinauit.
283 406 367 448 Rediens
384 419 446 448 autem
462 413 491 448 vir
508 414 537 448 dei
554 414 577 447 ab
594 413 650 456 Vrbe,
666 413 728 447 actus²
746 412 837 448 desiderio

118 467 208 508 5videndi
225 472 308 500 sanctum
326 466 425 501 Martinum
442 467 555 511 episcopum,
571 468 594 500 ad
610 466 702 501 ciuitatem
717 471 837 502 turonensem

135 521 170 555 iter
180 520 258 554 diuertit.
282 521 342 563 Quem
353 526 428 554 sanctus
440 519 530 554 Martinus
543 520 642 554 honorifice
653 519 762 564 suscipiens
773 531 815 554 eum
827 531 838 555 a

135 573 318 607 deo'sanctificatum
334 579 353 606 et
369 574 467 606 multorum
486 573 539 605 saluti
557 573 678 614 profuturum,
694 573 729 605 deo
744 573 838 606 reuelante

135 625 224 670 cognouit.
253 623 369 660 Licenciatus
386 625 462 660 demum
481 624 504 659 ab
523 635 545 659 eo
564 623 654 659 Ninianus
676 634 717 659 eum
736 624 759 659 ad
778 624 838 659 locum

136 677 231 723 legationis
247 688 280 712 sue
296 679 383 721 venisset,
399 689 476 722 magnus
492 678 602 722 populorum
616 677 637 713 fit
652 689 757 720 concursus,
772 677 838 722 ingens

109 744 128 766 10
136 731 206 765 cunctis
218 731 281 772 leticia,
292 731 339 765 mira
350 732 429 773 deuotio,
440 732 480 764 laus
493 731 591 774 (quoque)³
601 730 668 774 vbique
680 736 753 764 resonat
765 731 838 774 Christi,

136 784 222 828 quoniam
234 783 280 819 sicut
290 785 400 829 prophetam
410 794 452 819 eum
463 784 559 819 habebant,
582 782 635 828 Cepit
646 794 689 818 mox
699 785 747 819 male
757 784 839 828 plantata

136 837 222 879 euellere,
230 838 278 872 male
286 838 361 872 collecta
369 839 482 881 dispergere,
490 838 538 871 male
546 837 630 872 edificata
637 838 738 872 destruere.
755 837 839 881 Purgatis

137 892 160 924 ab
177 890 228 923 omni
244 900 307 923 errore
323 889 405 924 fidelium
422 889 519 931 mentibus,
535 888 596 923 omnia
612 900 648 932 que
665 888 750 924 fidelibus
768 890 840 933 agenda

138 942 218 988 [erant]⁴
230 943 287 976 verbo
300 943 367 986 docuit,
380 941 467 988 operibus
482 948 500 976 et
516 942 602 987 exemplo
617 942 731 987 monstrauit,
745 949 763 977 et
777 943 839 978 multis

111 1010 128 1041 1⁵
137 997 229 1031 miraculis
240 997 359 1031 confirmauit.
404 990 467 1040 Elegit
477 1001 538 1030 autem
549 996 583 1030 sibi
594 997 658 1030 sedem
668 997 687 1030 in
698 997 738 1031 loco
748 997 780 1041 qui
790 1008 839 1031 nunc

138 1050 222 1085 Witerna
240 1050 308 1091 dicitur,
322 1050 341 1084 in
356 1050 416 1084 littore
431 1050 498 1090 maris;
514 1050 554 1094 ipso
571 1050 637 1094 pelago
654 1049 772 1093 clauditur,a
787 1055 839 1094 parte

137 1109 208 1138 tanturn
223 1103 323 1146 aquilonari
337 1103 367 1137 via
382 1103 453 1147 ingredi
468 1103 571 1137 volentibus
588 1102 673 1147 aperitur.
697 1103 725 1136 lbi
740 1103 763 1136 de
778 1103 839 1147 lapide

137 1155 234 1189 ecclesiam
247 1155 414 1188 construxit—ante
429 1154 495 1198 quam⁵
511 1155 579 1188 nullam
595 1155 614 1189 in
630 1154 724 1189 Britannia
739 1156 762 1188 de
779 1155 840 1198 lapide

138 1208 200 1242 dicunt
218 1217 260 1242 esse
278 1211 405 1243 constructam,
433 1207 456 1241 Et
473 1207 559 1252 quoniam
578 1207 614 1241 iam
632 1212 716 1241 sanctum
735 1206 840 1247 Mardnum,

111 1278 130 1299 20
138 1271 193 1305 quem
205 1262 252 1294 miro
264 1271 338 1304 semper
350 1262 471 1295 venerabatur
483 1260 553 1302 affectu,
566 1272 577 1295 a
587 1259 641 1295 terris
653 1261 676 1295 ad
687 1260 736 1295 celos
749 1260 840 1304 migrasse

138 1314 231 1356 didicerat,
247 1313 307 1358 ipsam
324 1313 420 1348 ecclesiam
437 1313 456 1348 in
474 1313 513 1348 eius
531 1314 602 1348 honore
620 1313 715 1348 dedicauit.
761 1307 805 1349 Fuit
821 1313 840 1348 in

138 1369 203 1403 eadem
214 1367 290 1411 regione
298 1377 332 1402 rex
340 1368 480 1412 quidam—nam
490 1373 528 1401 tota
538 1367 597 1402 insula
608 1368 686 1402 diuersis
697 1368 771 1413 regibus
782 1367 840 1402 diuisa

138 1421 362 1456 subiacuit—Tudwaldus
368 1421 374 1440 ⁰
380 1420 460 1463 nomine,
466 1421 519 1455 diues
527 1427 545 1455 et
554 1421 617 1462 elatus,
627 1421 671 1464 [qui]
678 1421 684 1441 ⁴
692 1421 761 1455 monita
768 1421 803 1455 viri
811 1420 840 1454 dei

138 1479 272 1518 contempnens
287 1479 306 1508 et
321 1473 403 1508 doctrine
419 1473 459 1508 aius
472 1479 490 1508 et
503 1474 584 1508 moribus
599 1475 696 1518 derogans,
707 1474 726 1508 in
738 1474 783 1508 facie
796 1472 841 1518 [ei]⁷

112 1542 130 1572 25
139 1528 241 1561 resistebat.
264 1528 349 1569 Quodam
358 1533 420 1561 autem
431 1527 466 1568 die,
476 1538 518 1561 curn
528 1528 570 1571 plus
580 1527 633 1561 solito
644 1528 732 1561 molestus
743 1533 793 1561 esset
801 1526 841 1561 viro

140 1581 175 1623 dei,
189 1591 226 1613 non
238 1579 297 1614 vltra⁵
310 1591 377 1624 passus
389 1580 445 1614 iudex
460 1580 533 1614 celestis
547 1580 596 1614 serui
610 1579 637 1614 sui
651 1579 735 1613 iniuriam
748 1579 824 1613 inultam
830 1579 841 1621 ⁰,

139 1632 250 1668 intolerabili
258 1633 322 1667 morbo
330 1634 430 1677 superbum
438 1633 529 1677 percussit
537 1633 556 1666 in
564 1634 628 1677 capite,
636 1638 654 1667 et
661 1634 718 1667 elatos
727 1632 768 1667 illos
779 1632 841 1667 oeulos

140 1687 207 1721 cecitas
212 1687 225 1705 ¹⁰
239 1686 335 1729 repentina
345 1686 412 1720 inuasit
423 1686 482 1729 etqui
493 1686 553 1720 lucem
564 1685 678 1729 impugnauit
686 1685 772 1727 veritatis,
782 1686 841 1720 lucem

141 1737 206 1773 merito
216 1738 276 1772 amisit
287 1738 352 1772 carnis.
375 1738 447 1772 Saniori
458 1739 531 1772 tandem
542 1739 606 1772 ductus
617 1738 697 1780 consilio,
708 1737 800 1773 advirum
812 1737 842 1771 dei

113 1805 132 1835 50
141 1791 293 1837 (sanctissimum)
299 1791 311 1811 ¹¹
325 1790 380 1834 misit,
391 1793 490 1826 obsecrans
503 1798 523 1826 vt
535 1792 614 1826 imitator
624 1792 714 1827 dominice
725 1791 842 1836 benignitatis

141 1845 251 1881 retribueret
255 1845 268 1864 ¹²
275 1845 293 1879 ei
304 1845 352 1879 bona
364 1856 398 1889 pro
409 1845 467 1889 malis,
475 1850 494 1880 et
503 1846 619 1880 dilectionem
630 1856 663 1889 pro
671 1845 718 1880 odio.
740 1845 774 1879 Vir
781 1850 842 1879 autem

140 1899 170 1935 dei
180 1899 240 1943 primo
250 1898 363 1942 increpando
374 1909 437 1943 regem
446 1898 525 1943 corripit,
533 1899 600 1934 deinde
608 1899 669 1944 ipsum
674 1899 687 1919 ¹³
694 1904 777 1943 tangens,
785 1897 842 1933 oculis

141 1953 215 1996 signum
223 1952 282 1986 crucis
293 1951 391 1995 impressit.
414 1952 453 1985 Nec
463 1963 520 1994 mora,
531 1953 577 1995 fugit
587 1954 643 1994 dolor,
653 1952 720 1986 cecitas
730 1953 812 1995 fugatur;
825 1956 843 1983 et

141 2016 174 2039 rex
182 2004 242 2038 virum
250 2009 334 2038 sanctum
342 2004 430 2049 deinceps
439 2004 537 2046 honorans,
545 2005 631 2049 quicquid
641 2006 664 2038 ab
676 2016 698 2039 eo
709 2010 774 2048 postea
785 2003 842 2048 petiit,

113 2071 131 2103 35
141 2058 181 2091 sine
190 2067 241 2091 mora
248 2056 325 2101 implere
333 2056 407 2091 curauit.
453 2050 519 2091 Puella
525 2057 604 2101 quedam
610 2057 629 2091 in
636 2056 743 2101 obsequium
749 2056 842 2091 cuiusdam

141 2109 207 2145 nobilis
219 2110 293 2144 domine
300 2110 313 2128 ¹⁴
324 2110 394 2152 tradita,
405 2109 482 2154 pulchra
493 2109 539 2144 facie
551 2115 569 2144 et
582 2115 659 2145 venusto
673 2115 748 2154 aspectu
762 2115 812 2145 erat:
824 2108 843 2142 in

141 2173 196 2208 quarn
212 2173 254 2197 curn
269 2162 362 2197 iniecisset
378 2164 440 2197 oculos
455 2163 526 2197 iuuenis
542 2163 651 2207 impudicus,
666 2174 729 2198 amore
746 2162 843 2207 corripitur

141 2268 217 2304 mulier:
230 2274 248 2302 et
255 2274 369 2303 tumescente
374 2275 425 2302 vtero
433 2269 503 2303 crimen
512 2269 600 2313 proditur,
607 2275 625 2304 et
633 2281 676 2305 mox
684 2270 733 2304 risus
741 2270 760 2303 in
768 2270 842 2309 luctum,

113 2331 134 2362 40
142 2321 229 2367 gaudium
245 2320 264 2354 in
282 2321 369 2362 dolorem,
385 2322 470 2365 voluptas
489 2326 570 2356 mutatur
586 2322 605 2356 in
621 2332 694 2366 penam,
717 2322 817 2367 Compulsa
833 2329 843 2353 a

141 2374 241 2411 maioribus
250 2383 302 2408 rcum
313 2375 397 2417 prodere,
405 2384 426 2409 se
434 2373 494 2408 minus
503 2385 554 2409 ream
565 2375 642 2409 credidit
652 2375 668 2410 si
679 2375 702 2410 ab
712 2375 772 2420 aliquo
782 2371 844 2418 magni

161 2463 195 2493 1Τ.
204 2463 289 2494 occiduuis.
328 2463 470 2502 ²Vit.tactusque.
510 2464 605 2496 8ominT.
646 2464 693 2496 ⁴om.
702 2465 742 2497 inT.
751 2465 769 2497 E.
810 2463 844 2493 ὗΕ.

141 2509 216 2541 anteque.
261 2504 417 2535 ⁶Vit.Tnduvallus.
467 2504 576 2541 1εοΤ.;οιτι.
584 2506 600 2535 in
608 2505 626 2535 E.
674 2505 759 2536 ⁸E.v1tro.
810 2502 843 2532 ⁹E·

142 2543 359 2581 multam5Vit.inultamiri.
417 2544 429 2562 ¹⁰
439 2544 538 2575 E.cecitatis.
590 2544 601 2562 ¹¹
612 2555 642 2576 om.
650 2545 666 2576 in
674 2545 691 2576 T.
752 2544 764 2562 ¹²
774 2545 792 2575 E.
800 2542 844 2574 retri-

142 2586 214 2614 buernnt.
256 2583 369 2622 l³Vit.caput.
409 2583 493 2615 “atum
534 2584 650 2616 ¹⁵E.libidine.
