1762 2803
241 123 287 180 ba
302 121 401 176 &aaran
417 122 559 178 bannato.
706 138 750 180 243

49 242 91 277 esse
99 245 190 279 sacerdos.
214 244 325 279 Celestivita
333 243 398 279 frueris
406 244 589 288 perseculacuncta.
614 243 683 278 V.Iam
691 246 752 279 cernis

49 295 143 331 Christum
151 297 431 342 patrisadextrisresidentem.
453 298 527 333 Celesti.
551 297 618 332 Gloria.
640 297 752 332 Celestietc.

70 350 119 386 ‘llIn
130 351 205 386 sectando
220 354 308 387 nocturno.
330 350 373 385 Ant.
394 351 428 384 Vir
443 351 524 391 effectus,
537 361 629 395 prospere
645 350 751 385 Neustriam

48 403 134 446 regebat;
145 406 220 439 tandem
229 409 290 449 partes
298 404 366 448 Anglie
375 410 442 448 potens
452 403 567 445 defendebat,
578 404 655 448 alleluya
667 404 752 447 alleluya.

49 455 80 488 Pe.
96 456 143 490 Cum
159 458 270 492 inuocarem.
293 458 336 491 Ant.
357 457 459 499 Vtrubique
477 456 527 500 regia
541 457 581 490 iura
596 456 683 496 dilatauit,
698 467 719 490 ac
732 455 769 497 in5

49 518 94 551 pace
103 509 161 544 solida
169 508 352 544 cunctaresormauit.
374 508 475 544 PsVerba
483 519 529 544 mea.
551 508 595 544 Ant.
614 509 652 544 Sed
660 514 678 544 ct
686 509 752 543 domus

50 562 119 596 domini
134 563 227 597 maximus
239 563 312 604 zelator,
324 561 382 608 pluris
396 562 480 597 beneficii
492 562 555 607 largus
567 568 595 598 est
608 562 698 597 fundator.
720 562 752 597 Ps.

50 613 129 648 Domine
137 617 183 649 deus
192 622 260 650 noster.
282 616 302 650 V.
311 615 381 650 Iustum
390 614 471 650 deduxit.

71 668 151 704 llLectio
160 669 190 703 iiii.
213 662 261 702 Vis¹
273 668 351 713 plenius,
359 667 483 708 deuotissime,
491 672 552 702 cetera
560 673 597 702 tam
608 667 654 702 mire
663 678 753 713 propaga·

49 720 104 754 tionis
116 727 187 756 secreta
198 723 314 765 pandamus?
337 722 432 754 Hactenus
443 721 521 754 didicisti
534 722 583 764 quod
597 727 660 755 sancta
671 721 753 755 Cesaris-
762 731 782 753 ie

50 773 114 817 burgi²
125 774 202 808 ecclesia
213 773 290 817 preclari
304 774 395 817 pontilicis
408 772 499 806 Osmundi
511 783 588 816 corpore
603 778 690 817 tanquam
705 772 753 808 virili

50 825 122 861 semine
130 827 226 861 fecundata
234 832 268 861 est.
290 826 360 867 Verum
371 825 414 870 quia
423 825 474 860 iuxta
483 824 564 860 instituta
574 832 639 861 nature
644 826 656 869 ³,
664 837 701 860 non
709 837 753 861 mox

51 885 136 924 suscepto
148 880 225 922 semine,
237 881 271 914 sed
284 880 342 914 multo
355 880 423 924 [post]⁴
435 890 535 924 progressu
551 879 599 913 setus
611 879 721 915 conualescit
734 881 753 914 in

50 933 157 975 perlectum,
173 933 197 968 ita
212 934 298 967 meritum
313 932 362 967 beati
376 932 411 967 viri
427 931 537 966 successiuis
552 932 680 966 miraculorum
696 933 753 977 signis

51 985 99 1030 cepit
107 985 126 1020 in
135 987 175 1021 dies
182 986 264 1020 fidelium
272 986 364 1020 mentibus
372 985 431 1029 magis
438 985 559 1020 innotescere.
576 985 616 1020 Ac³
623 986 670 1021 sicut
677 987 753 1020 materia
763 1000 781 1030 15

50 1038 82 1072 illa
90 1039 187 1073 seminaria
193 1039 283 1083 frequenti
290 1038 318 1073 sui
324 1039 430 1072 alteratione
435 1039 441 1056 ὓ
446 1039 501 1073 certis
507 1039 611 1072 labentibus
619 1038 690 1073 dierum
697 1040 753 1074 curri·

52 1092 97 1127 culis
104 1103 153 1126 nunc
160 1093 223 1135 lactea,
231 1098 273 1137 post
285 1093 395 1136 sanguinea3
407 1093 482 1126 demum
492 1092 511 1126 in
523 1092 597 1126 modum
606 1103 668 1126 masse
676 1104 754 1133 carnea;

51 1156 72 1179 ac
86 1151 179 1189 postremo
194 1145 269 1190 aperte⁷
281 1146 395 1189 figurationis
407 1145 512 1179 liniamenta
523 1150 543 1178 vt
554 1144 629 1188 spiritus
640 1145 699 1180 vitalis
711 1157 753 1180 eam

51 1197 137 1231 informet
145 1198 239 1242 suscipere
245 1198 345 1231 indicatur:
357 1197 396 1241 pari
404 1197 469 1231 ordine
477 1196 564 1231 sustinuit
572 1197 658 1231 dominus
665 1198 753 1242 paulatim

52 1260 135 1285 crescere
143 1256 227 1286 sanctum
236 1261 295 1292 suum,
304 1261 324 1284 ac
334 1261 356 1284 eo
365 1250 447 1284 nondum
459 1250 482 1284 de
494 1250 550 1284 corde
561 1256 610 1283 terre
621 1250 688 1293 leuato,
695 1252 755 1295 quoti-
763 1262 783 1285 ro

53 1303 160 1348 dianapene
166 1304 246 1339 nouitate
252 1304 346 1348 signorum
353 1303 476 1347 accurrentle]
481 1303 487 1321 ⁸
493 1302 557 1348 populi
563 1303 755 1339 multitudinevterum

53 1357 121 1399 matris,
130 1357 149 1391 in
157 1369 193 1402 quo
201 1363 251 1392 tanto
262 1363 345 1402 tempore
356 1357 467 1402 repausauit,
474 1357 548 1392 vberius
556 1356 647 1402 grauidari
658 1360 755 1394 constituit.

52 1410 76 1445 R.
92 1410 188 1454 Proposito
204 1411 253 1454 plebi
268 1422 335 1453 magna
350 1410 417 1445 virtute
433 1411 514 1453 petentil
530 1411 586 1444 Sacra
601 1422 667 1444 manus
686 1412 755 1445 domini

52 1463 174 1497 subueniebat
183 1462 206 1505 ei,
214 1463 292 1506 alleluya
299 1462 381 1507 alleluya.
406 1461 427 1497 V.
438 1461 463 1497 Vt
471 1461 537 1505 Dauid,
545 1468 574 1497 est
580 1469 652 1505 vnctus,
660 1469 679 1498 vt
686 1464 755 1507 Aaron,

52 1516 128 1559 estipse
137 1517 228 1550 sacerdos.
251 1516 308 1550 Sacra
316 1527 382 1550 manus
390 1521 423 1549 etc.
764 1528 783 1559 ²5

74 1570 88 1605 tl
96 1569 153 1603 Lectio
161 1579 177 1603 v.
193 1562 234 1603 lam
242 1568 333 1603 intellecta
338 1568 448 1603 fecunditate
453 1567 522 1609 matris,
527 1574 612 1613 superest
617 1573 636 1603 vt
641 1569 755 1614 superiorem

53 1622 137 1656 ordinem
152 1628 217 1656 nature
232 1627 295 1656 nostro
310 1621 404 1666 proposito
419 1622 533 1665 adaptemus.
559 1622 612 1656 Tunc
628 1622 677 1657 eninr
693 1629 757 1658 sancta

54 1675 199 1710 Sarisburiarum
208 1675 285 1710 ecclesia
293 1675 351 1709 lacteo
363 1679 433 1709 tantum
445 1674 520 1718 coagulo
530 1674 587 1710 foueri
595 1675 634 1710 visa
642 1681 676 1718 est,
683 1678 756 1721 quando

53 1729 107 1762 beata
118 1728 148 1762 dei
159 1728 244 1771 genitrix,
256 1728 308 1761 cuius
320 1728 397 1761 candida
408 1727 503 1770 virginitas
516 1728 569 1761 lactei
581 1728 660 1762 dulcoris
674 1729 756 1763 similitu·

54 1780 116 1815 dinem
129 1781 187 1825 habet,
200 1780 239 1815 sola
251 1779 309 1825 ipsius
322 1780 399 1816 ecclesie
411 1785 488 1824 patrona
505 1780 602 1815 constituta
617 1787 650 1816 est.
673 1781 711 1816 Sed
726 1782 756 1817 vbi
766 1795 785 1824 30

54 1835 109 1869 etiam
118 1845 152 1879 per
159 1834 225 1869 merita
233 1834 333 1870 sacerdotis
341 1834 376 1876 sui,
383 1834 413 1868 cui
421 1834 513 1879 quondam
521 1834 638 1870 incumbebat
645 1834 757 1871 immolando

54 1899 129 1923 carnem
141 1893 159 1921 et
170 1888 279 1932 sanguinem
293 1888 361 1922 Christi
373 1893 449 1932 peccata
459 1888 522 1931 populi
536 1888 617 1932 expiare,
628 1900 665 1923 non
678 1890 757 1924 cessauit

54 1942 154 1976 altissimus
161 1941 244 1976 conferre
256 1940 347 1985 languidis
358 1941 448 1975 beneficia
457 1940 546 1982 sanitatis,
554 1941 621 1975 exinde
631 1948 673 1986 post
683 1942 757 1986 dignam

53 1995 193 2029 venerationem
201 1994 339 2028 rutilantissime
347 1995 376 2028 dei
384 1993 448 2028 matris
456 1994 504 2037 cepit
510 1994 564 2028 etiam
570 1994 683 2037 atqueetiam
689 2007 757 2039 corpus

54 2047 129 2092 gloriosi
136 2046 228 2091 pontificis
236 2047 259 2080 ab
271 2046 368 2080 innumera
380 2046 434 2090 plebe
446 2045 516 2080 deuotis
527 2045 622 2080 affectibus
631 2046 706 2082 visitari.
731 2048 758 2082 Ita
767 2061 785 2090 35

55 2101 130 2146 quidem
143 2099 228 2134 effectum
241 2103 270 2134 est
281 2104 300 2134 vt
313 2099 366 2134 beata
379 2098 436 2142 virgo,
450 2099 501 2133 cuius
513 2098 641 2133 inestimabilis
654 2102 723 2136 candor
734 2101 757 2136 ab

55 2153 141 2188 humanis
147 2152 210 2197 nequit
216 2152 566 2197 comprehendiobtutibus‚peculiarem
572 2153 635 2197 populi
641 2154 758 2190 deuotionem

55 2209 78 2243 ad
87 2208 169 2242 relictam
176 2208 195 2240 in
200 2206 253 2241 terris
258 2217 339 2241 massam
346 2216 432 2241 carneam
438 2206 487 2240 serui
494 2206 522 2240 sui
529 2206 620 2241 Osmundi
628 2218 662 2251 pro
670 2209 759 2253 rependio

56 2273 93 2296 non
105 2261 180 2304 indigno
191 2260 308 2295 transtulerit.
327 2260 351 2294 R.
364 2260 385 2294 ln
397 2269 461 2304 regum
472 2260 565 2303 quondam
577 2266 676 2304 conspectu
688 2262 759 2306 magni-

56 2316 126 2356 ficatus,
139 2314 192 2348 Nunc
206 2313 303 2348 immortali
316 2313 383 2358 gaudet
396 2312 469 2357 cepisse
482 2323 555 2348 corona.
579 2313 600 2348 V.
612 2314 711 2349 Deseruire
724 2316 759 2351 deo
766 2328 787 2358 40

56 2369 127 2403 malens
136 2377 191 2410 quam
199 2377 256 2410 regna
264 2371 333 2409 tenere,
342 2367 395 2400 Nunc
403 2366 506 2399 immortali.

76 2544 151 2575 ¹E.Vir.
196 2542 369 2575 'aLSarisburiensis
415 2543 507 2574 ’alesta
552 2542 648 2575 ‘om.inE.
690 2544 760 2574 ⁵E.At.

56 2583 205 2615 “adtentione
246 2582 333 2621 latapte.
373 2583 508 2614 ⁸E.accurcntis.
548 2582 659 2622 ⁹alpotenti.

397 2650 428 2674 Ra
