1762 2803
176 95 222 152 ma
237 93 337 148 &endo
353 93 455 153 dhone
470 94 652 158 acdicpiscopo.
722 98 766 154 389

64 217 209 254 communicatus
227 216 302 252 nomine
318 216 348 252 vel
366 216 466 262 participio.
492 216 547 252 Vnde
565 216 648 252 turbatus
667 224 709 251 cum
727 216 767 252 suis

64 271 141 306 nimium
152 280 191 312 rex,
199 279 240 304 cum
249 269 298 305 omni
309 269 425 305 festinatione
435 271 458 305 ad
469 280 536 314 papam
547 269 624 305 nuncios
634 268 693 304 mittit.
716 269 767 304 Misit

65 333 139 370 quoque
146 333 180 358 rex
188 322 301 358 Francorum
309 323 332 358 ad
340 333 433 358 summum
440 323 546 369 pontificem
554 329 572 359 et
583 323 606 358 ad
614 323 714 359 familiares
723 334 767 359 suos

62 376 172 418 cardinales,
186 377 277 411 mandans
292 378 340 421 quod
355 377 386 422 qui
401 377 560 422 archiepiscopum
575 382 664 422 tangeret,
679 377 767 421 pupillam

64 434 148 475 tangeret
162 429 210 464 oculi
225 429 264 472 sui;
282 440 339 473 super
353 430 415 465 omnia
429 440 474 465 vero
489 430 564 475 rogabat
578 439 603 464 ne
618 430 703 464 dominus
718 440 785 475 papa5

65 482 145 517 solueret
153 491 200 524 quos
208 486 245 515 tam
253 487 328 515 sanctus
336 482 485 526 archiepiscopus
492 487 530 516 tam
537 482 584 516 iuste
590 482 671 526 ligasset.
689 481 767 526 Scripsit

65 545 138 580 quoque
149 533 235 568 dominus
246 544 295 579 papa
306 534 418 570 Francorum
430 534 474 579 regi,
482 535 572 570 mandans
583 540 601 569 et
612 544 679 579 rogans
687 539 706 570 vt
716 534 767 578 pacis

65 588 185 622 mediatorem
194 597 216 622 se
226 587 350 632 interponeret
358 587 464 633 benignum.
486 587 540 623 Vnde
551 592 569 622 et
580 586 603 623 acl
614 587 702 634 pleraque
712 587 767 623 collo·

65 641 108 687 quia
118 641 165 675 inter
172 642 233 686 ipsum
242 647 260 676 et
270 652 339 686 regern,
347 641 506 687 archiepiscopum
514 640 590 677 uocauit.
612 642 667 677 Vnde
677 642 735 677 semel
746 652 767 677 se

65 696 88 730 ad
98 695 157 740 pedes
168 695 218 738 regis
225 694 292 739 Anglie
303 695 385 740 procidit,
393 695 467 730 dicens:
479 695 569 730 ‘Domine
579 705 619 737 rex,
626 700 683 729 totam
692 705 766 730 causam
777 710 796 732 ro

65 749 114 783 vnde
124 747 214 781 internos
225 752 264 781 orta
271 752 300 782 est
308 747 403 789 dissentio,
411 754 442 782 tuo
450 748 543 782 committo
550 747 630 789 arbitrio,
638 748 690 782 saluo
697 747 767 782 honore

65 800 106 835 dei'
127 799 168 834 Tali
183 799 285 834 adiectione
297 801 359 834 audita
373 810 406 834 rex
419 799 540 835 vehementer
553 799 692 842 scandalizatus,
704 800 767 834 multis

65 851 182 898 improperiis
190 858 208 887 et
215 852 319 897 obpropriis
326 853 388 898 ipsum
396 852 461 895 affecit,
469 863 549 898 arguens
558 864 600 888 eum
608 859 694 897 tanquam
702 863 767 897 super-

65 907 114 949 bum,
127 910 145 940 et
160 905 211 950 regie
222 905 347 941 munificentie
360 907 488 941 immemorem
502 912 520 941 et
534 906 638 950 ingratum3
655 911 674 941 et
688 906 713 940 ait
728 905 767 950 regi

66 959 81 993 F
82 958 154 993 rancie:
167 957 268 1002 ‘Quicquid
276 958 306 993 isti
314 958 431 1002 displicuerit,
438 959 481 993 dicit
488 957 554 993 honori
562 959 591 993 dei
600 969 642 993 esse
650 960 767 1000 contrarium,
777 972 795 1001 ¹⁵

66 1016 84 1044 et
96 1010 122 1044 sic
133 1019 167 1043 sua
179 1015 197 1044 et
208 1020 250 1044 mea
261 1010 322 1044 omnia
333 1011 368 1045 sibi
375 1011 483 1045 vendicabit.
506 1010 544 1046 Sed
556 1021 580 1045 ne
588 1010 652 1045 videar
662 1011 728 1045 honori
737 1011 767 1045 dei

65 1063 95 1098 vel
110 1062 145 1097 sibi
160 1062 179 1097 in
194 1061 254 1107 aliquo
267 1063 314 1098 velle
330 1064 422 1106 resistere,
438 1064 473 1099 hec
488 1064 555 1098 offero:
573 1063 614 1106 Que
628 1069 767 1099 antecessorum

66 1116 156 1160 [suorum]
163 1115 167 1135 ¹
176 1115 234 1149 maior
241 1121 259 1150 et
267 1116 348 1150 sanctior
355 1117 396 1151 fecit
405 1122 543 1152 antecessorum
551 1126 635 1152 meorum
643 1117 724 1159 minimo,
732 1117 767 1152 hec

66 1168 110 1204 mihi
118 1169 176 1212 saciat,
184 1174 202 1203 et
210 1168 294 1213 quiesco!
312 1169 524 1214 Acclamaturvndique:
537 1169 596 1205 ‘Satis
603 1180 637 1205 rex
644 1181 665 1205 se
673 1170 767 1205 humiliat!

66 1222 156 1256 ‘Domine
169 1222 381 1267 archiepiscope,inquit
393 1233 426 1257 rex
438 1222 521 1264 Francie,
531 1223 560 1257 vis
573 1222 631 1257 maior
642 1233 685 1258 esse
698 1223 767 1257 sanctis
776 1235 796 1257 ro

65 1275 115 1317 viris,
130 1275 159 1309 vel
178 1274 244 1309 melior
258 1275 324 1309 Petro?
347 1275 394 1317 Quid
410 1275 495 1310 dubitas?
518 1275 566 1309 Ecce
581 1285 618 1319 pax
635 1285 669 1319 pre
687 1276 767 1309 loribus!

65 1327 223 1370 Archiepiscopus
233 1326 339 1371 respondit:
355 1327 428 1361 ‘Sancti
439 1328 594 1371 predecessores²
604 1327 641 1361 mei
652 1327 768 1371 temporibus

66 1380 110 1422 suis,
121 1380 156 1414 etsi
169 1390 206 1414 non
218 1379 278 1414 omnia
291 1389 313 1415 se
324 1379 413 1415 aduersus
425 1380 480 1414 deum
492 1379 603 1421 extollentia,
614 1380 694 1424 quedam
706 1385 768 1415 tamen

66 1437 236 1467 resecarunt-nam
244 1432 260 1467 si
268 1431 329 1467 omnia
336 1431 422 1467 radicitus
430 1432 560 1478 extirpassent,
567 1432 609 1477 quis
615 1443 663 1468 nunc
669 1433 768 1468 aduersum

66 1497 101 1521 nos
112 1486 174 1531 ignem
185 1485 310 1531 temptationis
321 1486 421 1521 excitaret?
444 1485 503 1521 Multo
513 1486 580 1521 mellus
589 1487 624 1521 deo
631 1487 705 1522 volente
715 1486 769 1522 nobis
778 1499 796 1530 25

67 1545 95 1575 est
105 1545 130 1582 vt,
140 1540 186 1574 sicut
198 1539 217 1574 in
228 1550 292 1574 eorum
303 1549 381 1574 numero
393 1545 412 1574 et
424 1544 474 1574 sorte
487 1539 616 1581 laborauimus,
627 1539 652 1574 lta
664 1544 683 1574 et
696 1539 769 1575 illorum

66 1592 134 1626 laboris
145 1598 164 1627 et
175 1591 240 1636 premii
253 1592 352 1636 participes
364 1592 427 1626 simus.
454 1592 504 1626 Nec⁸
515 1593 531 1626 si
542 1593 584 1636 quis
595 1602 659 1627 eorum
669 1592 728 1637 tepuit
738 1592 769 1627 vel

67 1644 147 1680 excessit
158 1644 177 1679 in
188 1645 254 1690 aliquo,
262 1644 302 1678 eius
312 1644 331 1679 in
341 1644 376 1679 hoc
385 1644 455 1689 teporis
462 1645 492 1680 vel
500 1654 589 1680 excessus
599 1645 706 1688 exemplum
716 1644 769 1690 sequi

67 1703 155 1734 tenemur.
179 1698 254 1733 Petrum
264 1698 333 1733 etenim
341 1697 434 1733 Christum
446 1703 545 1742 negantem
555 1697 656 1742 arguimus,
667 1699 701 1733 sed
711 1709 770 1743 usque

67 1752 90 1786 ad
98 1751 162 1796 capitis
170 1751 199 1786 sui
206 1751 308 1796 periculum
314 1751 393 1786 Neronis
400 1751 490 1795 impetum
498 1757 606 1794 arguentem
613 1751 770 1786 commendamus.
778 1763 799 1793 30

68 1804 97 1838 Ex
108 1804 170 1838 multis
181 1804 274 1847 pressuris
285 1803 365 1837 surrexit
376 1809 394 1837 et
403 1804 460 1837 creuit
469 1803 551 1837 ecclesia.
574 1803 639 1837 Patres
650 1803 707 1837 nostri
719 1805 770 1848 passi

67 1862 110 1891 sunt
117 1856 161 1900 quia
168 1856 266 1890 noluerunt
277 1854 345 1889 Christi
352 1865 420 1888 nornen
427 1856 524 1898 subticere,
531 1860 550 1889 et
557 1865 597 1899 ego,
604 1860 624 1889 vt
634 1854 715 1890 hominis
724 1855 770 1890 mihi

68 1909 126 1955 gratia
134 1909 244 1951 restituatur,
253 1907 321 1943 Christi
329 1908 417 1943 honorem
426 1909 512 1943 deberem
521 1907 650 1952 supprimere?
671 1907 731 1950 Absit,
739 1908 770 1951 ait,

67 1963 124 1998 absit!
152 1962 295 1998 Insurrexerunt
309 1971 354 2006 ergo
368 1960 387 1996 in
403 1972 446 1997 eum
461 1971 526 1996 omnes
542 1966 643 2005 magnates,
658 1961 770 2006 imputantes

68 2017 171 2060 arrogantie
185 2014 317 2059 archiepiscopi
333 2014 486 2059 impedimentum
499 2014 560 2059 pacis;
578 2024 614 2049 vno
628 2015 694 2050 comite
708 2015 769 2060 palam
778 2028 798 2059 35

67 2074 181 2113 protestante
192 2069 241 2113 quod
250 2069 303 2112 ‘quia
312 2068 408 2112 utriusque
418 2067 471 2110 regni
483 2067 558 2102 consilio
569 2071 588 2101 et
597 2066 685 2102 voluntati
696 2067 770 2111 resistit,

68 2123 154 2156 decetero
169 2121 253 2156 neutrius
265 2121 332 2165 dignus
347 2120 381 2155 erit
396 2119 468 2163 auxilio,
480 2120 514 2154 sed
526 2119 604 2155 eiectum
617 2120 640 2155 ab
652 2120 721 2165 Anglia
732 2131 770 2156 non

68 2175 144 2220 recipiat
152 2174 239 2210 Francia!
281 2167 350 2210 Soluto
357 2174 418 2218 itaque
426 2172 520 2217 concilio⁴,
526 2172 624 2209 insalutato
631 2173 771 2219 archiepiscopo

68 2239 123 2273 reges
136 2233 264 2271 recesserunt;
280 2233 298 2263 et
313 2228 344 2271 qui
358 2226 410 2272 pacis
421 2227 533 2262 mediatores
546 2227 649 2270 extiterant,
662 2227 681 2261 in
695 2238 770 2262 recessu

69 2282 127 2315 multa
138 2281 194 2316 etiam
204 2282 224 2315 in
235 2280 281 2315 sacie
291 2280 331 2315 viro
343 2280 372 2314 dei
384 2279 500 2314 obiecerunt:
517 2280 567 2323 quod
579 2289 655 2324 semper
668 2279 726 2315 luerat
739 2291 770 2315 su·
778 2292 799 2322 4⁰

69 2335 143 2377 perbus,
151 2334 215 2376 elatus,
223 2335 298 2377 sapiens
307 2334 326 2367 in
335 2333 392 2368 oculis
403 2332 447 2376 suis,
455 2331 529 2377 proprie
539 2342 614 2376 semper
621 2337 701 2368 sectator
707 2332 771 2368 volun·

69 2386 111 2422 tatis
119 2393 137 2422 et
144 2387 245 2429 sententie;
257 2386 368 2428 adiicientes,
373 2386 442 2430 grande
448 2385 506 2420 luisse
511 2385 580 2419 malum
586 2390 604 2419 et
611 2396 687 2419 enorme
693 2385 771 2421 ecclesie

70 2439 176 2484 dampnum,
185 2440 233 2485 quod
245 2439 286 2485 ipse
293 2450 373 2484 unquam
385 2444 445 2474 rector
456 2438 514 2473 lucrat
525 2438 640 2482 constitutus,
648 2444 666 2473 et
676 2440 725 2484 quod
736 2450 771 2484 per

135 2546 232 2579 ιοιιιὶηΕ.
271 2546 438 2585 ²E.predecessoris.
478 2546 512 2577 ³T.
521 2545 550 2577 Ne.
591 2545 704 2576 ¹E.consilio.
