1762 2803
225 116 271 172 be
285 115 385 169 &aneto
400 115 565 179 biertanam
705 132 748 173 119

46 238 143 283 diligenter
150 236 270 272 ministrabat.
293 236 314 272 in
327 237 356 272 die
367 247 483 282 parasceues,
494 236 554 282 plagis
562 236 654 281 virgarum
666 241 684 272 et
695 237 748 272 nudi-

46 298 82 328 tate
95 296 113 326 et
126 290 195 325 crebris
208 291 372 335 genuflectionibus
384 291 433 325 diem
445 301 486 325 cum
498 295 552 325 nocte
563 290 679 325 continuauit.
702 290 748 325 Sab-

46 349 87 381 bato
104 350 165 379 autern
183 350 252 384 sancto,
267 349 285 378 et
300 355 359 387 vsque
376 344 399 378 ad
414 344 479 378 horam
494 345 635 379 resurrectionis
650 345 748 386 dominice,

46 405 129 441 ternpore
142 396 198 431 diuini
212 397 266 430 officii
279 403 363 441 excepto,
374 396 393 430 in
407 398 486 440 quodam
497 398 596 442 sepulchro
607 407 628 431 se
639 397 748 441 ilageilando

45 451 130 485 latitabat.
176 442 266 483 Nondum
283 456 357 482 renatos
371 449 391 483 in
408 460 442 483 sua
459 450 527 483 diocesi
544 450 567 484 ad
582 450 638 484 fidem
653 450 748 491 conuertit,
757 462 765 492 5

45 507 137 548 apostatas
150 507 169 535 et
182 502 273 538 hereticos
285 512 319 537 sua
332 503 414 537 doctrina
426 511 471 536 sana
484 503 507 536 ad
519 507 582 537 sancte
595 503 659 537 matris
672 501 749 537 ecclesie

46 556 136 601 gremium
142 554 244 597 reuocauit;
254 555 354 589 demonum
360 554 470 590 simulachra
475 554 542 599 ubique
549 556 643 599 subuertit,
648 556 748 591 nonnullas

45 609 132 644 ecclesias
144 610 251 651 construxit,
261 608 369 653 parochias¹
380 608 435 643 certis
446 609 533 643 limitibus
545 609 636 650 distinxit;
652 615 670 643 et
681 610 748 654 ubique

46 664 117 697 lucrum
125 662 227 696 animarum
236 662 330 707 querendo
338 661 463 707 proficiscens,
469 673 506 696 non
514 673 561 707 equo
569 663 649 705 uectusl,
657 663 690 697 sed
697 673 748 697 more

46 716 169 760 apostolorum
180 717 238 759 pedes
249 715 277 749 ire
288 716 365 750 volebat.
410 708 444 750 Ne
457 721 518 750 autem
531 727 598 759 panem
610 726 664 750 suum
676 716 749 750 ociosus
759 728 777 749 10

46 768 167 810 comederem,
180 769 264 802 manibus
280 768 319 802 suis
334 768 352 802 in
368 768 479 812 agricultura
493 768 576 802 laborare
592 768 692 802 consueuit.
725 768 749 802 Et

46 832 87 857 curn
95 823 152 856 boues
160 821 218 856 semel
227 821 262 855 sibi
270 821 362 862 deessent,
371 832 437 854 ceruos
444 821 468 854 de
475 820 522 854 saltu
530 822 549 854 in
560 822 634 855 nomine
645 822 714 855 domini
725 823 749 856 ad

46 886 66 910 se
81 875 144 909 venire
160 880 178 909 et
193 874 232 908 loco
247 874 303 908 boum
318 879 386 908 terram
401 884 454 908 arare
469 874 557 919 precepit.
590 874 626 917 Qui
641 876 702 909 statim
717 874 749 909 ob-

45 933 169 971 temperantes
185 932 204 961 et
219 927 310 961 mansueti
325 927 390 969 effecti,
405 933 474 961 terram
489 938 548 969 arare,
562 928 586 961 ad
600 938 669 971 pascua
683 928 716 968 ire,
731 934 750 962 et

45 982 68 1014 ad
81 991 128 1024 opus
140 985 248 1014 consuetum
263 979 324 1015 redire
339 980 428 1014 solebant.
450 979 534 1014 Tandem
549 980 568 1014 in
580 990 637 1014 vnum
650 980 673 1014 de
689 980 749 1015 cernis
760 992 777 1023 ¹5

45 1034 107 1067 labore
118 1033 212 1077 fatigatum
223 1033 278 1078 lupus
286 1034 359 1067 irruens
366 1033 468 1075 suffocault,
475 1038 494 1067 et
504 1043 590 1068 voracem
602 1033 713 1078 ingluuiem⁴
725 1044 750 1068 ex

46 1084 85 1119 eius
93 1085 183 1118 cadauere
191 1084 284 1118 saturauit.
306 1084 348 1126 Quo
358 1083 424 1124 audito,
432 1089 507 1118 sanctus
519 1084 665 1127 Kentegernust,
673 1094 749 1118 manum

45 1142 109 1172 contra
118 1137 183 1171 siluam
197 1138 306 1176 extendens,
320 1136 376 1170 dixit:
394 1136 513 1171 ‘innomine
528 1142 592 1172 sancte
606 1138 692 1172 trinitatis
706 1147 750 1182 pre-

45 1190 93 1233 cipio
105 1196 124 1223 vt
135 1191 190 1233 lupus
203 1190 234 1233 qui
247 1190 303 1223 miehi
317 1190 418 1233 dampnum
432 1189 496 1231 intulit,
508 1189 634 1224 satisfacturus
646 1190 686 1224 sine
697 1199 749 1223 mora

46 1244 131 1276 accedat!
155 1242 178 1275 Et
186 1252 235 1282 ecce,
244 1242 299 1284 iupus
310 1242 333 1274 de
341 1242 387 1274 silua
394 1241 498 1284 prosiliens,
505 1252 547 1275 eum
554 1242 623 1275 vlulatu
631 1242 698 1275 corruit
706 1247 749 1276 ante
759 1257 778 1280 η

46 1295 104 1338 pedes
123 1295 168 1329 eius.
194 1293 228 1328 Cui
247 1301 333 1327 sanetus:
358 1294 432 1338 ‘Surge
449 1295 512 1339 inquit,
530 1300 549 1329 et
565 1295 584 1329 in
601 1297 676 1329 nomine
693 1296 749 1330 ihesu

46 1348 114 1383 Christi
131 1347 214 1392 precipio
229 1347 261 1381 tibi
276 1353 296 1382 vt
310 1348 351 1382 loeo
366 1349 415 1381 cerui
432 1359 487 1391 quem
502 1348 601 1389 deuorasti
615 1355 676 1382 aratro
690 1349 750 1393 appli-

46 1407 96 1435 catus
107 1412 149 1435 ares
158 1412 182 1434 ex
192 1401 264 1444 integro
276 1400 325 1443 quod
336 1405 394 1434 restat
404 1401 493 1434 arandum
499 1401 516 1434 ³!
540 1400 604 1444 Lupus
615 1402 676 1445 itaque
687 1401 751 1435 verbis

46 1453 103 1487 sancti
119 1453 212 1495 obediens,
227 1458 245 1486 et
262 1452 328 1487 ceruo'
344 1452 445 1496 copulatus,
461 1463 529 1486 nouem
544 1453 608 1496 iugera
623 1454 703 1487 arando⁸
718 1464 750 1487 ex·

45 1505 104 1548 plens,
121 1507 178 1539 libere
197 1504 248 1539 abire
265 1505 382 1548 permittitur.
410 1505 433 1538 Et
450 1514 492 1538 cum
511 1504 563 1538 multi
581 1504 712 1538 conuenissent
726 1506 749 1539 ad
759 1518 777 1548 ²5

45 1558 175 1601 spectaculum,
187 1562 261 1591 sanctus
276 1558 362 1601 aperiens
376 1569 398 1590 os
412 1568 467 1591 suum
480 1557 535 1592 dixit:
556 1557 606 1592 ‘Viri
621 1558 693 1599 iratres,
706 1559 749 1601 quid

45 1611 161 1645 admiramini
169 1610 279 1655 aspicientes
286 1611 364 1645 verbum
375 1611 421 1645 hoel
443 1610 518 1645 Credite
529 1611 579 1653 mihi,
587 1616 685 1654 antequam
694 1610 750 1645 bomo

45 1664 153 1699 inobediens
165 1674 199 1698 suo
211 1663 299 1698 conditori
311 1663 404 1704 existeret,
416 1674 454 1698 non
469 1663 529 1698 solum
544 1663 635 1706 animalia,
647 1665 681 1698 sed
694 1664 749 1698 etiarn

45 1718 136 1753 elementa
147 1717 298 1762 obtemperabant
309 1716 341 1752 illi.
363 1716 417 1752 Nune
424 1728 469 1752 vero
480 1717 504 1751 ob
515 1717 574 1762 ipsius
585 1717 749 1762 preuaricationem

45 1771 130 1806 omnibus
144 1772 163 1805 in
179 1771 258 1805 aduersa
269 1771 334 1813 versis,
348 1771 377 1805 leo
392 1770 478 1812 lacerare,
492 1770 547 1814 lupus
561 1771 656 1812 deuorare,
670 1781 750 1815 serpens
758 1782 778 1812 30

46 1824 127 1858 sauciare
132 1824 144 1865 Θ,
152 1834 199 1868 aqua
210 1824 335 1867 submergere,
343 1822 392 1866 ignis
403 1823 518 1864 comburere,
526 1834 559 1857 aer
568 1833 692 1867 corrumpere,
701 1828 750 1858 terra

46 1887 91 1921 sepe
99 1876 159 1911 ferrea
167 1876 231 1911 effecta
239 1876 287 1910 lame
293 1876 382 1910 subruere
388 1875 489 1910 consueuit.
507 1876 529 1909 Et
537 1877 560 1909 ad
567 1877 659 1910 cumulum
666 1877 750 1909 consueti

46 1930 93 1971 mali,
101 1929 157 1967 homo
167 1939 204 1961 non
215 1928 275 1962 solum
284 1927 383 1969 hominem,
391 1928 424 1961 sed
436 1928 477 1972 ipse
487 1928 543 1961 homo
552 1928 571 1961 in
583 1928 645 1972 seipso
656 1929 750 1972 peccando

46 1987 108 2015 contra
118 1981 200 2026 seipsum
208 1987 274 2025 sponte
282 1982 358 2015 deseuit.
381 1981 418 2016 Sed
427 1983 513 2025 quoniam
521 1980 604 2026 plerique
612 1981 671 2016 sancti
679 1980 698 2015 in
705 1992 750 2016 vera

45 2034 153 2077 innocentia,
162 2039 180 2069 et
188 2045 234 2079 pura
242 2034 350 2076 obedientia,
358 2035 376 2068 in
385 2034 485 2076 sanctitate,
493 2034 595 2076 dilectione,
603 2034 645 2075 fide,
654 2040 672 2069 et
680 2034 750 2069 iusticia
759 2044 777 2074 35

46 2099 107 2122 coram
115 2089 190 2122 domino
200 2087 276 2130 perlecti
287 2087 358 2121 inuenti
369 2092 418 2129 sunt,
425 2086 478 2132 quasi
489 2087 585 2132 antiquum
596 2088 625 2122 ius
637 2092 655 2121 et
666 2087 750 2122 naturale

46 2141 146 2175 dominium
152 2152 163 2174 a
171 2140 244 2174 domino
252 2146 363 2182 recuperant
368 2140 386 2181 ¹⁰,
394 2141 438 2173 dum
446 2141 510 2174 bestiis
518 2146 536 2174 et
544 2141 647 2182 elementis,
655 2140 725 2175 morbis
732 2146 750 2175 et

35 2209 37 2213 Α
46 2194 136 2227 mortibus
142 2193 234 2237 imperare
239 2193 299 2226 solent
305 2193 328 2225 ¹¹.’
340 2192 364 2226 Et
369 2203 411 2226 cum
416 2198 473 2226 totam
481 2203 574 2227 annonam
580 2193 692 2237 pauperibus
700 2203 750 2228 erro-

46 2252 113 2289 gasset,
125 2251 221 2290 assumpta
234 2255 295 2286 arena,
306 2245 347 2278 vice
358 2244 434 2278 seminis
446 2245 465 2279 in
477 2250 546 2280 terram
558 2244 637 2289 sparsit:
653 2250 671 2280 et
682 2245 750 2280 messis

46 2304 131 2343 tempore
143 2298 222 2333 triticum
234 2298 324 2342 optimum
338 2303 388 2332 terra
403 2297 512 2342 producens,
525 2308 590 2333 omnes
605 2298 639 2333 hoc
654 2299 750 2333 audientes
757 2313 778 2343 4⁰

47 2353 101 2387 deum
116 2352 135 2386 in
149 2351 231 2386 sancto¹²
243 2351 282 2385 eius
293 2350 369 2384 laudare
384 2355 402 2384 et
416 2350 527 2385 benedicere
542 2351 589 2386 iecit.
635 2344 688 2385 Dum
699 2351 749 2385 enim

46 2404 131 2440 victualia
141 2415 174 2449 pro
182 2404 268 2439 iratribus
276 2403 315 2438 vice
323 2403 401 2447 quadam
412 2413 449 2437 non
460 2402 541 2444 haberet,
549 2414 613 2448 regem
621 2404 749 2438 cambrensem

66 2490 71 2508 ¹
82 2490 100 2519 E.
107 2490 195 2528 perochias.
249 2488 255 2505 ²
266 2489 283 2519 E.
291 2492 351 2518 nectus.
408 2486 414 2504 ³
424 2487 442 2517 E.
449 2488 559 2517 commederet.
615 2487 621 2505 ⁴
633 2488 651 2519 Ε,
658 2487 750 2526 ingluuiem.

46 2529 80 2561 lli.
88 2531 202 2567 Kentegrinus.
257 2528 304 2558 ”vit
312 2527 381 2564 agelluli.
427 2526 474 2556 'vit
482 2536 518 2555 cum
524 2527 575 2556 altero
582 2536 595 2557 c.
641 2527 676 2556 ΗΞ,
683 2528 748 2557 orando.

46 2568 52 2584 ⁹
62 2569 80 2598 E.
86 2569 151 2600 saciare.
212 2567 223 2585 ¹⁰
233 2567 264 2599 Vit.
273 2566 391 2605 recuperabant.
432 2565 442 2585 ¹¹
454 2566 555 2605 imperabant.
598 2565 608 2584 ¹²
618 2566 658 2597 ἨΣ
669 2572 745 2600 sanctum.
