1762 2803
272 104 317 159 Dt
332 103 433 156 &antia
448 102 566 164 istium.
729 117 770 160 153

69 225 136 260 multos
149 237 208 260 annos
223 225 349 269 peruenimus,
361 225 418 259 multa
431 225 477 258 mira
492 224 537 268 [εἴ]1
549 224 640 268 stupenda
651 224 674 257 ab
687 223 727 258 eius
740 234 772 258 ore

69 278 183 322 audiuimus3
200 279 230 323 qui
243 279 265 313 ad
278 278 337 312 instar
352 278 392 312 auis
407 277 450 322 pilis
465 277 493 311 sui
509 277 591 322 corporis
607 276 682 310 omnino
697 276 772 311 indutus

69 331 133 364 fuerat.
156 332 227 373 Nonne,
235 331 306 372 fratres,
314 331 379 365 beatus
391 330 426 364 iste
438 330 494 371 multo
506 330 559 374 plura
570 329 648 373 reliquit,
657 340 712 372 quam
723 328 772 362 illam

70 383 196 419 delectabilem
209 389 277 418 terram
293 383 379 429 superius
394 394 405 418 a
419 383 471 418 vobis
486 383 629 418 collaudatamt'
689 374 772 427 Quidam

69 436 125 471 frater
136 437 181 471 dixit
192 437 244 472 alteri
256 437 311 479 fratri,
321 437 419 472 Brendano
428 436 524 471 audiente:
537 436 568 471 ‘Si
576 441 651 480 peccata
659 440 772 470 mortuorum
781 448 790 479 5

70 489 135 523 redimi
145 496 223 533 possunt
234 491 257 523 ab
269 490 332 524 amicis
342 490 380 524 suis
392 489 529 524 remanentibus
540 489 559 523 in
571 489 605 523 hac
612 488 654 530 vita,
663 489 733 522 orando
743 489 772 523 vel

70 542 175 577 elimosinas
187 542 292 578 faciendot'
315 543 425 578 Brendanus
437 542 542 587 respondit:
559 543 616 578 ‘Cum
627 543 706 586 quadam
718 548 773 577 nocte

70 595 89 629 in
102 606 168 640 magno
180 596 226 630 mari
236 607 325 639 essemus¹
339 596 443 641 suspiciens
454 596 492 630 vidi
504 597 572 631 nubem
585 596 678 630 horridam
691 600 710 629 et
719 596 773 630 valde

70 649 142 691 nigram
149 648 256 682 venientem
266 649 289 683 ad
300 659 335 692 me,
343 656 361 684 et
370 649 389 683 in
398 649 459 690 medio
466 648 505 683 eius
514 655 552 683 erat
561 649 619 683 forma
627 648 706 682 hominis
714 649 772 693 nigri;

71 700 102 744 qui
113 702 190 735 multum
198 701 288 745 plangens
296 707 314 736 et
322 702 397 744 eiulans,
406 701 451 736 dixit
459 701 513 736 michi
521 714 526 737 :
538 703 548 719 “
555 702 638 736 Obsecro
645 707 664 735 te
671 701 690 734 in
699 701 773 735 nomine
782 711 801 732 ιο

72 754 127 788 ihesu
139 754 205 789 Christi
215 760 235 789 vt
245 754 263 788 in
274 754 303 788 his
314 755 372 789 tribus
382 755 446 789 diebus
458 764 512 798 roges
520 755 575 789 deum
587 764 621 798 pro
631 764 661 787 me
671 760 773 797 peccatore,

71 807 135 850 grauia
146 807 235 851 supplicia
246 807 341 850 patiente.”
364 808 408 841 Post
420 808 453 841 hec
464 808 487 840 ab
495 807 552 841 oculis
563 807 609 841 meis
617 806 696 840 euanuit.
719 807 775 841 Facto

72 864 133 893 autem
145 869 205 902 mane,
217 859 321 894 conuocatis
333 860 425 901 iratribus,
437 869 473 903 que
486 858 569 893 videram
581 858 660 900 narraui,
673 863 691 892 et
705 863 725 892 vt
740 869 774 903 pro

72 912 132 946 anima
147 913 178 945 illa
193 918 267 946 orarent
281 912 389 955 postulaui².
412 913 456 946 Post
470 917 508 945 tres
523 912 563 946 dies
577 911 630 945 rediit
644 911 775 955 aliquantulum

72 965 129 998 nitida
141 971 159 998 et
170 964 268 1006 subtristis,
276 964 379 1008 iterumque
390 964 465 1008 rogauit,
473 970 493 998 ut
504 975 539 1008 pro
551 964 583 998 se³
591 964 631 998 aliis
641 964 699 998 tribus
711 964 803 1002 diebus15

73 1018 128 1049 deum
140 1027 253 1059 rogaremus.
276 1017 316 1057 Quo
328 1017 381 1058 facto,
392 1016 443 1050 venit
455 1016 473 1049 in
487 1017 536 1050 nube
548 1017 625 1050 candida
637 1022 656 1050 et
669 1016 687 1049 in
700 1027 776 1060 corpore

73 1068 181 1112 splendido:
200 1068 221 1102 ln
234 1069 283 1103 nube
295 1074 356 1103 autem
369 1068 400 1103 illa
413 1068 490 1103 candida
502 1068 623 1103 audiebantur
636 1068 688 1113 quasi
704 1074 776 1113 septem

74 1122 154 1155 carmina
162 1121 246 1155 dissimili
253 1132 308 1164 voce3
320 1127 338 1155 et
350 1122 374 1155 ait
386 1122 446 1155 anima
457 1121 500 1155 illa:
513 1122 602 1156 “Gratias
614 1132 648 1165 ago
656 1121 730 1155 domino
742 1123 777 1156 deo

73 1174 177 1218 vestrisque
189 1174 311 1208 orationibus:
324 1174 366 1219 quia
374 1174 410 1208 iam
419 1174 437 1208 in
445 1173 541 1208 mansione
549 1174 613 1208 celesti
625 1184 666 1208 sum
675 1175 777 1217 receptus.''

75 1228 114 1271 Ego
121 1239 165 1262 vero
173 1227 211 1261 dixi
220 1227 257 1261 illi:
271 1227 338 1269 “Quod
350 1233 379 1262 est
390 1238 457 1261 nomen
467 1229 546 1262 tuum?”
570 1227 703 1269 “Colmannus
711 1226 775 1272 inquit,
785 1235 805 1257 ²⁰

73 1291 139 1315 vocor:
157 1280 188 1324 qui
200 1280 225 1313 sui
239 1280 340 1315 monachus
355 1280 454 1315 iracundus
469 1279 598 1324 discordieque
614 1280 714 1314 seminator
728 1280 777 1315 inter

75 1333 155 1367 iratres.’¹
179 1332 214 1366 His
232 1332 285 1367 dictis
300 1332 394 1378 disparuit.
417 1333 439 1367 ln
454 1333 488 1367 hoc
504 1343 553 1378 ergo,
569 1332 687 1374 dilectissimi,
700 1339 777 1378 apparet

75 1388 123 1429 quod
138 1386 195 1420 oratio
209 1386 294 1420 uiuorum
309 1387 386 1420 multum
403 1386 481 1419 mortuis
495 1387 581 1429 prodest'
636 1379 687 1421 Cum
703 1387 777 1429 quidam

75 1449 129 1481 reges
141 1438 231 1472 Hibernie
243 1438 319 1471 alteram
330 1438 426 1481 regionem
433 1443 506 1472 vastare
514 1438 588 1479 vellent,
597 1443 614 1472 et
626 1438 685 1472 incole
697 1438 778 1481 regionis

75 1490 123 1524 illius
131 1490 223 1524 auxilium
235 1490 327 1524 Brendani
341 1496 460 1534 expeterent;
476 1490 585 1533 deprecatus
598 1496 626 1524 est
637 1490 666 1524 vir
677 1490 706 1524 dei
719 1490 778 1524 humi·
787 1495 806 1525 25

76 1543 117 1576 liter
125 1554 179 1587 reges
187 1544 229 1576 illos
236 1548 255 1576 vt
263 1554 274 1576 a
281 1543 421 1586 presumptione
429 1543 544 1576 desisterent.
560 1543 599 1576 Illis
604 1554 648 1576 vero
656 1543 675 1575 in
683 1543 780 1586 pertinatia

77 1595 223 1640 persistentibus,
239 1594 310 1639 rogauit
325 1601 399 1631 sanctus
414 1596 481 1630 deum:
500 1600 518 1629 et
534 1595 626 1630 exaudiuit
642 1606 689 1630 eum.
717 1595 780 1640 Reges

76 1648 126 1683 enim
138 1650 162 1683 de
174 1649 218 1691 loco,
232 1648 251 1682 in
265 1659 301 1691 quo
314 1653 372 1691 erant,
384 1648 435 1683 exire
448 1658 485 1681 non
497 1653 592 1691 poterant:
606 1649 639 1682 sed
653 1648 688 1682 huc
700 1647 779 1692 illucque

77 1702 189 1744 oberrantes
200 1701 248 1736 viam
261 1700 335 1746 penitus
347 1712 383 1735 non
397 1699 521 1735 inueniebant.
544 1700 623 1735 Reuersi
634 1700 689 1746 igitur
700 1700 747 1735 intra
759 1711 780 1736 se

77 1754 175 1790 dixerunt:
191 1755 289 1798 ‘Ineptum
302 1760 330 1789 est
343 1755 392 1798 quod
403 1754 485 1788 facimus.
508 1754 554 1796 Quis
565 1754 613 1789 enim
623 1759 683 1798 potest
693 1754 780 1789 resistere
788 1767 808 1797 3⁰

77 1807 129 1842 nutui
137 1807 171 1848 dei,
183 1806 240 1850 quiin
252 1811 315 1841 sancto
325 1818 359 1841 suo
370 1807 468 1840 Brendano
476 1806 529 1840 nobis
537 1808 638 1850 repugnat?
657 1807 781 1841 Reuertamur

78 1870 127 1904 ergo,
139 1865 157 1895 et
168 1859 280 1894 desistamus
290 1859 387 1894 deuastare
398 1859 446 1893 velle
461 1857 555 1903 regionem
567 1859 656 1894 alienam!
678 1859 702 1893 Et
712 1859 779 1895 sactum

78 1918 107 1947 est
119 1914 148 1947 ita.
172 1913 195 1946 Et
207 1913 278 1946 oblatus
291 1917 320 1946 est
332 1918 395 1947 sancto
409 1912 508 1945 Brendano
521 1912 540 1945 in
553 1912 582 1946 via
595 1912 669 1955 quidam
682 1918 744 1947 mutus
755 1924 780 1947 ex

78 1970 130 2000 vtero
141 1965 205 1999 matris
217 1975 260 1999 sue:
273 1969 291 1998 et
302 1965 422 1999 benedicente
435 1975 457 1997 eo
468 1963 548 2007 linguam
562 1964 607 2005 eius,
619 1964 680 1997 statim
693 1964 780 1999 liberatus

79 2024 107 2053 est
118 2024 186 2053 mutus.
230 2011 313 2053 Sanctus
323 2029 367 2052 vero
377 2017 486 2051 Brendanus
499 2027 548 2051 anno
558 2017 594 2051 vite
608 2028 641 2051 sue
653 2018 780 2062 nonagesimo·
789 2030 808 2061 55

78 2072 136 2115 tertio,
152 2072 218 2115 plenus
234 2070 331 2105 virtutibus
346 2075 364 2104 et
379 2069 471 2104 miraculis
484 2069 569 2113 migrauit
583 2070 606 2104 ad
620 2070 720 2113 dominum,
732 2070 780 2106 ‚xvii

79 2124 167 2158 kalendas
175 2123 229 2167 iunii;
242 2129 260 2157 et
267 2123 286 2156 in
294 2123 406 2157 Cluenarca⁴
415 2122 508 2166 sepelitur.

255 2207 271 2244 il
287 2199 320 2241 Du
331 2217 402 2241 saucia
415 2199 500 2240 Buram
511 2205 604 2241 maome&

80 2272 140 2350 Vlr
151 2271 224 2315 quidam
232 2270 251 2304 in
260 2270 355 2311 Hibernia,
362 2280 430 2314 genere
439 2269 553 2313 Laginensis,
562 2270 655 2304 Dubtacus
663 2268 742 2311 nomine,
749 2281 782 2305 an-

139 2325 199 2359 cillam
207 2325 281 2359 nomine
290 2323 386 2364 Brocsech‚
394 2323 448 2357 bonis
456 2323 538 2358 moribus
544 2329 632 2364 ornatam,
637 2323 686 2365 emit,
692 2328 711 2358 et
719 2323 782 2359 illicito

80 2388 143 2412 amore
157 2379 249 2420 seductus,
264 2377 314 2410 illam
327 2375 425 2420 oppressit.
449 2375 505 2410 Cuius
520 2387 567 2410 vxor
579 2387 621 2410 curn
633 2387 674 2411 eam
687 2378 782 2420 grauidam
791 2389 811 2420 40

80 2430 162 2473 vidisset,
176 2430 283 2464 contristata
293 2430 347 2464 valde
358 2428 398 2463 viro
410 2440 443 2463 suo
456 2429 512 2462 dixit:
525 2429 579 2463 ‘Eice
593 2434 611 2464 et
622 2430 683 2464 vende
698 2431 783 2466 ancillam

101 2488 106 2506 ¹
117 2490 139 2520 So
146 2489 165 2520 T.
247 2488 253 2506 ²
263 2488 281 2518 E.
290 2488 379 2526 postulauit.
461 2487 467 2504 ³
478 2487 495 2516 E.
503 2497 531 2524 pro
540 2498 558 2518 se
565 2492 586 2519 ut.
648 2487 654 2506 ⁴
664 2489 682 2519 T.
690 2489 783 2527 Cluenerca,

81 2529 115 2558 Act.
123 2528 335 2566 Cluayn-Festa=Clousert.
426 2528 432 2545 ³
441 2527 522 2565 Abn'dgetl
529 2528 568 2557 from
575 2528 612 2558 Vita
619 2529 631 2559 1.
638 2529 655 2558 in
662 2529 697 2559 Act.
705 2530 734 2561 SS.
742 2531 782 2561 Boll.

82 2568 127 2598 Febr.
136 2569 148 2600 l.
157 2578 172 2608 p.
181 2578 216 2607 119,
223 2568 284 2606 Colgan
293 2568 313 2598 11.
322 2578 337 2607 p.
345 2576 379 2606 527.
