1762 2803
239 51 287 108 too
302 50 520 114 economum.
706 49 733 112 1‘5

29 174 121 216 dentibus,
133 184 181 208 vnus
196 174 271 208 tandem
284 173 427 217 Asclepiodotus
442 175 522 216 nomine,
534 176 572 207 dux
586 173 684 214 Comubie,
696 173 734 206 Ro-

30 237 104 262 manum
118 226 211 269 quendam
224 225 316 260 Allectum
332 226 411 265 nomine,
425 226 456 270 qui
471 231 515 260 tunc
530 226 585 271 regni
597 226 632 260 sub
644 225 735 259 Romanis

29 280 142 325 gubernator
150 278 188 321 suit,
195 277 254 322 prelio
260 277 308 321 vicit,
315 285 332 313 et
340 281 392 324 regni
399 280 483 314 diadema
491 279 526 314 sibi
533 279 625 323 imposuit.
649 279 670 313 ln
678 288 734 323 quem

30 333 99 368 scilicet
109 331 260 376 Asclepiodotum
272 331 353 376 prelatus
365 332 432 374 Cloel¹,
443 338 496 376 pater
506 337 570 367 sancte
582 331 656 366 Helene
667 337 685 366 et
696 333 735 365 dur

31 385 137 425 Colcestrie,
143 384 207 419 fortius
215 384 319 428 insurgens,
327 390 412 419 conserto
420 385 479 428 prelio
485 385 546 429 ipsum
554 384 637 429 peremit,
645 384 734 429 regnique
743 395 752 426 5

31 439 134 472 diademate
156 448 199 473 sese
219 437 318 482 insigniuit
348 438 405 473 Cuius
423 442 485 473 tamen
504 437 618 483 temporibus
636 437 735 472 vtmultum

31 493 111 526 extincta
121 496 149 525 est
160 491 178 525 in
191 502 249 535 regno
259 490 353 525 Britannie
365 491 412 526 fides
423 491 522 527 catholica:
533 493 551 526 A
560 497 643 535 tempore
655 501 735 535 namque

31 544 107 588 predicti
123 544 175 577 Lucii
190 544 221 588 qui
240 544 311 587 primus
326 544 384 583 [iterat
402 543 451 578 inter
466 543 552 578 Britones
570 554 604 579 rex
620 543 735 586 christianus,

31 607 109 642 regnum
125 597 246 632 britannicum
258 608 317 641 vsque
329 598 352 632 ad
368 597 459 642 prelatum
471 597 623 641 Asclepiodotum
639 597 735 640 Romanis,

32 651 62 695 qui
70 651 149 695 gentiles
155 656 207 684 erant
213 656 231 684 et
239 650 310 694 pagani,
315 661 349 694 pro
355 651 419 684 maiori
427 656 479 694 parte
486 651 545 685 suerat
553 651 661 685 subiectum.
677 650 735 684 Porro
746 662 764 684 ιο

31 704 72 748 ipso
77 703 207 747 Asclepiodoto
216 704 241 745 (vt
250 702 337 745 diximus)
346 713 357 737 a
365 703 428 737 Cloele
436 709 538 748 perempto,
546 713 588 738 cum
600 702 690 737 eiusmodi
697 702 735 738 vic·

32 758 77 791 toria
85 755 156 791 senatui
164 766 240 790 romano
248 756 332 791 nunciata
340 755 409 799 suisset,
417 756 491 801 gauisus
499 762 527 791 est
533 756 587 791 valde
594 763 670 801 propter
677 755 736 801 ipsius

32 809 158 853 Asclepiodoti
169 815 254 851 mortem,
265 809 295 853 qui
307 810 326 843 in
338 810 375 843 vita
386 820 420 844 sua
432 820 527 844 romanam
539 819 615 853 semper
630 809 736 844 turbauerat

32 867 147 907 potestatem.
170 862 281 897 Recolentes
295 873 367 906 quoque
383 862 484 906 dampnum
498 863 547 906 quod
563 863 586 896 de
597 862 666 896 amisso
677 873 735 906 regno

33 916 139 955 habuerant,
148 915 255 958 legauerunt
266 914 307 948 illuc
317 914 448 949 Constancium
458 920 569 956 senatorem,
580 914 611 958 qui
623 914 735 958 Hispaniam
746 926 764 957 ¹5

33 967 78 1012 ipsis
86 966 197 1007 subdiderat,
202 966 261 1001 virum
267 966 329 1012 vtique
334 966 437 1012 sapientem
445 974 463 1002 et
469 968 563 1009 audacem,
570 973 588 1002 et
594 968 625 1012 qni
630 978 664 1011 pre
668 968 736 1002 ceteris

33 1031 73 1056 rem
78 1021 170 1065 publicam
175 1031 243 1065 augere
248 1021 367 1055 laborauerat.
380 1021 437 1055 Porro
443 1020 493 1056 Cloel
499 1020 634 1056 Britonumrex
639 1027 657 1056 et
663 1021 736 1056 Helene

33 1080 90 1118 pater,
101 1084 143 1107 cum
155 1073 214 1117 ipsius
227 1075 326 1108 aduentum
338 1074 464 1117 comperisset,
476 1073 535 1107 timuit
547 1074 563 1107 ei
575 1074 633 1117 prelia
644 1074 736 1117 ingerere,

34 1131 110 1170 propter
118 1125 158 1160 eius
166 1125 266 1160 maximam
275 1126 364 1170 preliandi
373 1126 440 1159 samam
453 1125 599 1170 multiplicesque
606 1126 697 1161 victorias.
711 1125 737 1160 Vt

34 1178 88 1223 igitur
96 1179 143 1212 intra
154 1178 233 1213 insulam
243 1178 364 1213 Constancius
375 1177 467 1223 applicuit,
476 1177 543 1212 direxit
551 1177 601 1212 Cloel
612 1178 682 1221 legatos
691 1189 736 1213 suos
747 1191 765 1212 ιο

34 1231 57 1264 ad
72 1230 128 1272 illum,
141 1231 240 1274 petiuitque
255 1241 320 1274 pacem
336 1236 354 1264 et
367 1230 499 1265 subiectionem
514 1231 604 1275 promisit,
616 1242 638 1265 eo
653 1236 706 1276 pacto
717 1237 738 1266 vt

35 1294 112 1328 regnum
121 1284 215 1318 Britannie
225 1283 334 1329 possideret,
342 1283 424 1329 nihilque
435 1283 483 1318 aliud
492 1289 555 1329 preter
565 1284 638 1320 solitum
648 1284 738 1319 tributum

35 1348 110 1372 romane
121 1338 204 1382 dignitati
216 1338 301 1372 solueret.
325 1337 366 1371 Hoc
377 1337 438 1381 itaque
449 1337 540 1378 nunciato,
548 1338 638 1382 acquieuit
647 1338 738 1372 Constan-

35 1389 79 1432 cius,
91 1401 193 1436 pacemque
208 1390 287 1435 receptis
302 1389 397 1425 obsidibus
412 1390 572 1426 confirmauerunt.
600 1390 672 1426 Deinde
683 1391 738 1435 paulo

36 1449 77 1486 post
88 1444 198 1488 grauissima
209 1443 306 1478 infirmitas
317 1443 413 1488 occupauit
425 1443 511 1485 Cloelem,
518 1445 617 1490 ipsumque
628 1445 687 1479 intra²
698 1445 738 1480 dies
748 1452 767 1488 25·

36 1501 76 1530 octo
91 1503 150 1532 morte
165 1497 229 1532 affecit.
253 1497 293 1538 Quo
307 1497 392 1531 defuncto
407 1496 502 1540 insigniuit
517 1508 538 1531 se
550 1497 671 1531 Constancius
686 1498 739 1540 regni

37 1548 143 1590 diademate,
154 1549 242 1593 duxitque
255 1549 310 1583 filiam
319 1548 391 1589 Cloelis,
402 1547 462 1592 ipsam
473 1548 496 1582 de
507 1560 542 1594 qua
553 1548 644 1593 loquimur
655 1555 738 1584 sanctam

37 1599 133 1642 Helenam,
148 1601 200 1636 cuius
214 1602 312 1645 singularis
330 1601 447 1646 pulchritudo
462 1602 584 1646 prouinciales
598 1603 668 1647 puellas
687 1603 739 1637 facile

37 1655 147 1699 superabat3
164 1666 198 1690 nec
210 1655 283 1699 vspiam
296 1654 423 1699 reperiebatur
434 1655 491 1690 altera
502 1665 538 1700 que
550 1654 569 1690 in
585 1656 660 1691 musicis
672 1656 739 1691 instru-

37 1707 104 1742 mentis
115 1708 167 1743 siue⁸
175 1709 194 1742 in
206 1708 312 1743 liberalibus
323 1708 393 1743 artibus
404 1708 434 1742 illa
446 1708 515 1743 doctior
526 1708 629 1744 haberetur.
652 1708 740 1744 Camerat
748 1722 768 1752 30

37 1759 86 1793 enim
94 1766 146 1805 pater
153 1762 210 1796 altera
218 1761 281 1796 sobole
289 1773 324 1806 que
336 1761 388 1806 regni
399 1761 445 1796 solio
457 1762 560 1806 potiretur;
572 1763 621 1797 vnde
633 1769 651 1798 et
663 1774 704 1797 eam
715 1762 741 1797 ita

37 1812 150 1848 laboranerat
163 1815 235 1857 docere,
249 1820 267 1849 et
281 1814 364 1849 moribus
379 1820 434 1859 atque
446 1815 543 1849 virtutibus
559 1826 652 1859 exercerc,
666 1822 685 1851 vt
698 1822 740 1861 post

37 1865 93 1908 patris
109 1867 177 1903 obitum
194 1879 271 1912 regnum
287 1868 357 1903 facilius
368 1879 433 1911 regere
448 1874 466 1902 et
481 1874 559 1902 tractare
571 1869 645 1903 valeret.
668 1869 690 1902 ln
703 1869 740 1904 fide

38 1916 113 1961 insuper
123 1920 211 1954 catholica
222 1921 257 1955 etsi
269 1920 370 1964 aliqualiter
377 1920 466 1954 instructa
475 1926 529 1964 atque
539 1921 609 1958 edocta,
621 1932 659 1955 non
672 1928 740 1965 tamen,

38 1967 56 2001 in
64 1976 152 2013 quantum
164 1972 246 2016 reperire
258 1974 356 2017 potuimus,
365 1973 425 2007 adhuc
438 1973 485 2008 sacri
498 1974 613 2018 baptismatis
624 1974 674 2009 vnda
682 1974 741 2009 extitit
749 1985 768 2018 35

38 2021 122 2066 persusa;
134 2026 168 2058 sed
176 2031 239 2060 tamen
247 2026 387 2070 representabat
392 2026 412 2059 in
419 2036 453 2060 sua
459 2025 598 2061 conuersatione
606 2027 686 2071 gloriosa
693 2026 741 2062 sacri

38 2073 152 2117 baptismatis
164 2077 246 2112 misteria
251 2078 263 2113 ⁴.
286 2078 330 2112 Erat
341 2089 421 2122 namque
433 2078 507 2113 humilis
519 2084 537 2115 et
549 2079 621 2123 pudica,
629 2081 711 2123 prudens
723 2086 743 2115 ct

39 2125 118 2169 pacifica,
127 2130 197 2164 cunctis
210 2142 251 2166 eam
266 2131 426 2166 considerantibus
434 2131 518 2167 amabilis
531 2138 550 2167 et
563 2132 648 2177 gratiosa,
656 2143 677 2167 ac
688 2133 742 2168 bonis

39 2179 125 2220 operibus
132 2183 245 2225 plenissima.
269 2185 316 2219 Cum
324 2184 380 2229 igitur
385 2184 434 2220 illam
442 2185 461 2220 in
469 2185 517 2220 thori
525 2185 631 2221 societatem
639 2186 742 2230 accepisset

39 2229 164 2274 Constancius,
169 2238 264 2278 generauit
272 2248 296 2271 ex
302 2248 324 2271 ea
330 2237 387 2271 filium
393 2248 448 2281 quem
455 2238 553 2282 appellauit
562 2238 716 2282 Constantinum?
723 2244 742 2275 et
750 2254 771 2286 40

39 2280 83 2339 alios
94 2295 128 2320 sex
139 2287 192 2331 filios,
200 2288 292 2334 filiamque
303 2290 379 2325 nomine
390 2290 524 2325 Constanciam.
547 2290 590 2334 lpse
598 2302 643 2326 vero
651 2291 742 2326 Constan-

1 2384 3 2386 ·
40 2344 83 2376 c1us,
96 2347 137 2372 cum
149 2350 207 2385 regno
221 2342 316 2377 Britannie
328 2342 438 2387 aliquamdiu
450 2343 545 2387 potiretur,
557 2343 637 2378 Romam
649 2355 742 2385 reuersus,

40 2393 114 2431 propter
124 2401 176 2429 suam
187 2394 287 2431 maximam
299 2395 411 2431 nobilitatem
421 2402 439 2431 et
450 2396 567 2441 prudentiam
575 2407 611 2432 vna
619 2407 661 2432 cum
669 2397 742 2433 Galerio

80 2495 168 2532 ¹⁰2·Coel.
208 2502 298 2537 winter.
339 2505 419 2538 ’esus
459 2506 494 2539 4Ε,
502 2507 570 2538 miseria.
610 2507 700 2538 *taddeo
