1762 2803
263 85 569 147 erammutham.
717 101 758 144 331

56 207 116 251 licam,
125 218 146 243 se
153 209 239 244 contulit:
251 209 282 245 vbi
290 222 363 256 quoque
371 210 443 256 regios¹
451 215 580 256 procuratores
588 214 652 243 eontra
659 219 680 244 se
687 213 762 252 paratos

58 267 76 296 et
87 261 186 298 instructos
197 263 272 300 inuenit.
296 264 379 309 Regebat
389 272 432 300 tunc
442 274 538 299 romanam
550 262 645 298 ecclesiam
657 266 721 296 sancte
732 271 761 296 re-

58 316 168 351 cordationis
180 316 299 353 Innocentius
306 324 392 363 quartus:
405 318 436 363 qui
447 319 508 363 ipsum
520 316 601 360 benigne
612 314 721 360 suscipiens,
729 324 761 348 an-

57 368 100 403 ditis
109 369 203 414 utriusque
214 370 272 415 partis
283 371 348 413 causis,
356 372 481 416 prouisionem
492 371 516 405 de
527 370 581 404 beato
591 369 684 403 Richardo
695 368 760 402 saetam

58 431 92 454 sue
101 422 201 456 sanctitatis
211 423 317 458 auctoritate
328 424 448 465 confirmauit,
456 429 474 458 et
484 432 578 457 sacrarum
586 431 673 456 manuum
685 430 760 455 suarum
769 428 778 458 5

58 472 174 518 impositione
194 486 262 511 munus
282 477 424 512 consecrationis
446 475 567 520 solempniter
585 473 680 519 impendit.
713 472 760 508 Curn

58 528 145 571 [autem]z
160 529 234 574 quidam
249 540 327 575 magnus
342 530 424 576 prelatus
439 530 463 565 de
481 529 564 575 partibus
583 528 619 564 illis
636 527 705 573 pariter
719 538 761 562 cum

58 581 111 614 beato
125 581 218 617 Richardo
232 594 300 617 munus
314 583 456 618 consecrationis
471 582 578 627 recepisset,
590 587 608 616 et
623 579 762 625 peruentu[m]³

58 639 109 668 esset
116 635 139 668 ad
151 640 234 669 sanctam
241 636 346 672 unctionem
358 637 487 680 recipiendam,
494 637 579 671 dominus
591 645 639 679 papa
649 635 673 669 de
680 633 761 677 ampulla

58 692 142 720 sanctum
155 689 215 721 oleum
227 699 285 732 super
296 696 350 733 caput
365 689 441 733 predicti
453 689 514 733 magni
525 688 590 722 volens
601 686 789 728 confundere,vix10

58 744 127 782 guttam
140 740 198 785 potuit
210 741 289 784 habere,
305 742 328 777 ad
341 742 402 786 [caput
413 747 474 777 autem
487 741 536 776 beati
548 739 635 775 Richardi
647 738 708 782 cum]⁴
719 748 760 783 per-

59 793 145 835 uenisset,
154 794 214 829 subito
225 800 242 830 et
254 794 361 830 mirabiliter
371 806 439 840 magna
445 793 536 830 unctionis
546 792 642 829 multitudo
652 802 760 837 supereum

59 845 134 889 effluxit,
145 847 170 881 ita
178 848 226 891 quod
234 847 265 883 vix
277 847 360 891 ministri,
371 859 395 883 ne
407 859 464 893 super
474 847 541 883 collum
552 852 570 882 et
582 857 649 891 corpus
659 846 690 881 illa
698 851 762 880 sancta

58 898 119 933 vnctio
132 911 143 934 a
154 900 212 944 capite
224 901 352 944 descenderet,
362 908 440 946 possent
451 912 493 936 cum
505 901 579 936 lintheis
589 899 685 943 impedire.
706 899 761 933 Vnde

58 956 96 985 tarn
114 952 200 988 dominus
215 964 264 998 papa
278 965 334 999 quarn
352 954 454 989 cardinales
472 960 490 989 et
508 954 538 989 alii
555 954 671 994 admirantes,
687 951 788 996 quidam15

58 1004 156 1039 cardinalis
163 1006 246 1041 dicebat:
259 1006 317 1041 ‘Vere
323 1007 357 1041 iste
361 1007 493 1052 plenitudinem
501 1006 559 1052 gratie
567 1005 647 1051 recepit?
670 1004 761 1039 Rediens-

59 1057 106 1101 que¹³
115 1058 219 1095 Richardus
231 1069 272 1095 cum
284 1060 349 1095 litteris
360 1059 470 1105 apostolicis,
477 1059 596 1105 sepulchrum
606 1059 654 1095 beati
663 1057 761 1099 Edmundi,

59 1110 96 1144 iam
103 1111 196 1147 miraculis
204 1113 334 1156 moramentis,
341 1114 415 1148 visitare
423 1125 459 1149 non
468 1113 534 1148 omisit.
551 1114 575 1148 Et
583 1119 646 1157 postea
653 1111 730 1146 veniens
741 1111 760 1145 in

59 1163 151 1207 Angliam,
159 1165 220 1199 omnia
228 1166 276 1199 bona
283 1166 414 1210 cicestre[nsis]
423 1167 500 1201 ecclesie
508 1176 543 1210 per
553 1165 648 1200 ministros
658 1163 708 1208 regis
718 1175 761 1197 con·

59 1221 133 1260 sumpta
145 1217 220 1260 inuenit,
233 1218 313 1262 exiitque
323 1219 396 1262 publice
406 1218 504 1262 prohibitio
513 1218 564 1263 regia
573 1228 597 1251 ne
609 1217 651 1261 quis
663 1217 680 1250 ei
693 1215 760 1261 aliquid
770 1228 789 1248 ao

60 1270 184 1305 commodaret
192 1275 260 1305 mutuo.
285 1271 407 1316 Ostensisque
419 1271 458 1316 regi
469 1272 499 1306 et⁰
507 1271 546 1307 suis
553 1271 618 1306 litteris
629 1269 733 1314 apostolicis
743 1276 761 1305 et

59 1322 155 1364 mandatis,
162 1323 306 1368 indignationem
315 1324 365 1369 regis
376 1331 394 1359 et
404 1325 450 1359 iram
460 1318 584 1370 potiusquam
594 1322 761 1358 reconciliationem

60 1380 78 1410 et
96 1376 174 1420 gratiam
189 1388 289 1422 prouocare
303 1378 404 1413 videbatur.
426 1378 481 1413 Vnde
496 1389 567 1423 pauper
582 1383 601 1413 et
618 1377 673 1422 inops
689 1388 701 1411 a
717 1388 761 1421 rege

60 1430 149 1464 recedens
162 1431 181 1464 in
194 1431 287 1466 diocesem
301 1442 359 1474 suam,
371 1432 405 1466 sub
417 1432 477 1467 alieno
490 1437 538 1467 tecto
550 1431 657 1476 hospitatus,
670 1436 688 1465 et
701 1430 761 1465 aliena

59 1483 94 1516 sub
100 1493 165 1518 mensa
171 1484 241 1528 pedes⁷
248 1495 320 1529 ponens
326 1484 430 1530 suscipitur.
453 1484 502 1520 Exiit
510 1495 555 1530 sepe
562 1485 636 1520 interim
642 1483 720 1519 diocesis
727 1494 761 1519 sue
770 1494 788 1525 ²5

59 1537 99 1570 loca
110 1536 206 1578 visitando,
214 1543 232 1573 et
243 1544 362 1579 sacramenta,
371 1544 425 1583 prout
437 1549 514 1573 necesse
525 1538 627 1582 conspexit,
635 1536 761 1572 ministrando.

60 1589 83 1622 Et
95 1600 119 1623 ne
130 1590 184 1625 deses
196 1596 214 1624 et
226 1590 255 1624 sui
266 1590 311 1624 iuris
321 1591 405 1624 desertor
415 1595 479 1635 posset
490 1590 577 1635 reputari,
589 1589 637 1634 regis
648 1590 718 1624 curiam
729 1590 761 1623 ali·

59 1643 133 1685 quando
144 1642 192 1685 adiit,
200 1643 289 1677 bonorum
301 1643 389 1678 ecclesie⁸
397 1643 531 1678 restitutionem
539 1642 632 1678 humiliter
639 1647 715 1687 petens:
727 1643 761 1678 sed

59 1706 101 1729 cum
112 1696 216 1740 obprobriis
226 1703 244 1731 et
254 1697 369 1732 contumeliis
379 1707 454 1742 semper
464 1696 565 1742 expellitur.
587 1696 642 1731 Vnde
652 1696 710 1731 semel
719 1706 761 1731 curn

60 1748 136 1782 vidisset
143 1749 234 1783 decanum
242 1749 392 1794 cicestrensem]
400 1755 418 1785 et
427 1750 525 1784 canonicos
534 1748 592 1793 ipsius
598 1749 681 1790 ecclesie,
685 1755 762 1793 propter
769 1757 789 1787 3⁰

60 1802 110 1845 regis
122 1802 188 1836 durum
200 1813 316 1847 responsum,
326 1805 408 1837 turbatos
419 1810 437 1838 et
447 1805 515 1846 tristes,
525 1803 577 1838 hilari
586 1803 637 1837 vultu
648 1802 760 1837 confortabat

61 1864 93 1888 eos
102 1855 176 1889 dicens:
189 1855 265 1889 ‘Nonne
275 1856 376 1899 intelligitis
387 1857 437 1899 quod
447 1856 582 1899 scriptumest:
595 1855 760 1898 “lbanvapostoli

60 1906 161 1951 gaudentes
178 1917 189 1941 a
204 1913 302 1952 conspectu
318 1907 393 1951 consilii,
409 1910 468 1944 etc.?¹'
491 1907 531 1952 Ego
545 1907 597 1942 vobis
612 1907 652 1941 dico
663 1908 712 1951 quod
727 1918 762 1951 per

60 1960 137 2005 gratiam
149 1960 178 1995 dei
189 1960 208 1995 in
220 1961 306 2005 gaudium
317 1960 371 1997 nobis
383 1966 500 1997 conuertetur
513 1959 604 1996 tribulatio
617 1960 662 1995 ista!
685 1960 762 1996 Mandat

60 2013 115 2058 igitur
126 2013 190 2048 beatus
202 2013 305 2049 Richardus
317 2015 392 2049 domino
403 2025 451 2059 pape
463 2014 512 2059 regis
524 2024 648 2060 responsum:
664 2014 695 2058 qui
707 2015 762 2050 mira-
770 2023 789 2054 35

60 2066 120 2101 biliter
133 2067 150 2101 ei
163 2067 283 2111 compatiens,
296 2067 450 2102 districtissimum
463 2069 570 2102 mandatum
583 2068 655 2102 duobus
669 2067 763 2113 episcopis

60 2119 128 2165 Anglie
143 2120 197 2162 misit,
208 2126 227 2156 vt
242 2131 306 2166 regem
319 2121 423 2156 moneant¹⁰
435 2121 484 2165 quod
496 2121 579 2155 maneria
590 2126 609 2155 et
626 2121 674 2155 bona
685 2121 763 2157 ecclesie

60 2172 196 2217 Cicestren[sis]
204 2174 257 2208 beato
266 2174 359 2209 Richardo
367 2174 415 2208 infra
423 2174 472 2208 diem
480 2179 568 2208 statutum
575 2174 659 2208 restituat
666 2185 671 2215 ;
682 2174 762 2218 alioquin

60 2225 167 2267 sententias,
174 2225 205 2259 inl
212 2226 298 2260 mandato
303 2231 404 2269 contentas,
409 2236 443 2272 per
448 2231 505 2261 totam
512 2225 600 2272 Angliam
606 2226 717 2262 denunciare
725 2237 762 2263 non

59 2278 149 2313 omittant.
172 2279 216 2313 Post
227 2280 274 2315 duos
284 2280 340 2325 igitur
350 2291 414 2323 annos,
422 2280 489 2324 quibus
500 2281 527 2314 sic
538 2279 626 2325 pugnauit
638 2279 762 2315 tribulationes
770 2290 791 2321 4⁰

60 2331 191 2377 sustinendofl,
204 2343 238 2367 rex
251 2333 331 2368 maneria
345 2343 383 2377 sua,
397 2332 472 2369 ruinosa
484 2338 502 2369 et
515 2333 569 2377 nuda,
581 2332 599 2369 ei
614 2332 698 2369 restituit.
726 2332 762 2370 Hic

80 2426 137 2457 ¹13011,
144 2427 191 2465 regis.
256 2426 292 2457 ²E.
299 2427 364 2458 Areten.
428 2428 561 2465 ’Eperuentus
631 2427 763 2464 ‘soSl.;E.ad

60 2466 170 2503 baptizandum
182 2467 248 2497 Areten.
270 2466 310 2495 Cum
322 2466 378 2496 beatus
390 2466 484 2503 Richardus,
494 2472 525 2497 etc.
598 2466 645 2504 ⁵tque
654 2475 685 2498 om.
694 2467 711 2497 in
722 2467 763 2498 Ball.

60 2506 107 2536 'om
115 2506 132 2535 in
139 2506 180 2538 Boll.
230 2505 288 2537 'Boii
296 2506 358 2544 pedem.
410 2506 444 2539 ¹13.
451 2507 524 2539 ecclesia.
570 2506 606 2538 ¹E.
614 2506 666 2538 Ibunt.
717 2506 763 2539 ¹⁰81.

54 2550 141 2577 ¹moueant.
202 2545 214 2564 ¹¹
224 2546 242 2576 E.
250 2547 364 2577 sustinendum.
