1762 2803
110 103 154 145 492
303 89 382 141 aicha
396 86 513 149 tracuus
528 87 622 150 unalia.

112 209 141 243 Ex
151 221 183 244 ore
194 209 252 252 ipsius
261 209 309 253 ignis
319 209 381 244 exibat
392 210 444 254 quasi
455 221 479 244 ex
489 220 520 244 ore
532 210 616 247 fornacis.
626 215 644 243 et
655 210 733 243 duorum
746 208 813 242 cubito·

112 273 152 297 rum
161 273 266 297 mensuram
274 263 368 297 oculorum
376 263 452 298 latitudo
459 264 548 297 vincebat.
568 264 572 281 ¹
580 263 633 304 Ecce,
641 262 704 306 inquit,
710 274 722 295 o
730 263 814 303 Godrice,

112 326 146 358 ego
158 317 257 349 demonum
269 316 361 359 princeps,
372 317 403 360 qui
415 322 433 349 te
444 327 478 359 per
488 316 569 350 medium
582 321 666 350 secturus
678 316 755 356 adueni;
768 314 814 348 meis

113 368 206 412 hucusque
214 368 322 402 satellitibus
332 368 410 410 illusisti,
421 369 454 403 sed
466 368 521 402 modo
532 367 587 402 michi
597 379 635 401 non
644 367 721 402 illudes!
744 367 814 402 Seruus

94 433 103 463 5
113 421 146 463 dei,
159 420 189 465 qui
201 425 265 455 exacto
277 420 313 455 iam
325 422 450 466 quinquennio
464 433 500 457 non
513 421 549 456 nisi
561 422 621 456 aliena
631 421 763 456 sustentatione
775 432 815 455 sur-

113 480 190 515 rexerat,
201 480 277 517 repente
288 475 339 508 solus
349 481 413 509 contra
425 486 468 509 eum
477 481 590 519 pugnaturus
601 475 677 518 exurgit.
701 474 744 508 Erat
754 479 814 508 autem

112 531 149 560 toto
157 527 218 561 nudus
226 538 313 571 corpore;
322 532 341 561 et
349 528 401 572 signo
410 529 468 562 crucis
479 533 565 570 armatus,
574 538 640 571 magna
648 539 693 562 voce
704 527 729 562 sic
739 528 775 561 ait:
788 526 815 560 *Ο

112 580 278 624 princepsfuneste
284 581 391 624 [demonum
397 581 499 625 ¹]‚quid²in
505 581 679 615 mesurisinaniteri
694 580 815 614 Defensorem

112 634 170 666 habeo
177 633 272 667 dominum
279 634 354 667 Ihesum
361 634 460 674 Christum,
466 635 497 677 qui
505 640 548 667 tuus
555 639 583 667 est
591 633 713 677 triumphator
721 639 739 666 et
747 632 803 666 iudex
810 644 814 665 :

86 695 104 716 10
112 685 146 718 sub
156 684 186 719 tali
194 690 297 728 protectore
303 691 334 719 tua
341 687 457 720 commentat
463 697 500 721 non
507 688 573 721 timeo'
591 686 686 721 Clamores
695 695 759 720 eorum
765 690 815 728 pote-

49 738 50 742 ’
112 744 153 772 rant
163 738 207 772 loris
215 738 278 781 audiri,
286 741 335 773 vnde
346 740 419 783 quidam
426 740 432 759 ⁴
440 740 526 774 minister
535 750 633 773 accurrens
642 739 675 773 hec
683 738 816 772 tremebundus

112 792 188 835 aspexit.
211 792 229 825 A
240 791 299 835 prima
309 791 345 826 diei
355 793 400 826 hora
409 794 501 837 usquead
513 804 581 827 nonam
592 792 699 836 perdurauit
710 793 745 825 hoc
753 791 815 833 singu·

112 844 151 877 lare
159 849 258 880 certamen.
280 845 317 879 Ter
324 845 375 879 illurn
384 846 472 891 dyabolus
480 851 508 880 est
516 856 619 890 aggressus,
628 852 646 881 et
654 846 721 880 totiens
729 856 740 880 a
748 844 815 879 Christi

113 898 170 931 milite
189 905 291 942 superatus.
323 899 381 932 Multa
399 899 474 942 quidem
493 899 567 933 fuerunt
581 899 638 933 verba
657 898 783 942 pugnantium,
798 904 816 931 et

86 963 104 994 ¹5
114 951 199 991 clamosa,
218 951 317 995 granisque
336 951 443 995 conssictus3
465 953 523 986 donec
542 951 633 995 malignus
652 951 710 986 hostis
729 946 816 984 confusus

113 1003 208 1037 abscessit.
254 997 305 1038 Cum
317 1015 362 1038 vero
374 1005 517 1049 interrogaretur
532 1015 588 1049 quare
604 1005 671 1048 digitus
686 1014 731 1038 suus
746 1003 815 1038 auricu-

114 1056 157 1090 laris
169 1056 224 1090 sicin
236 1057 316 1099 palmam
328 1062 367 1090 erat
377 1063 490 1097 recuruatus,
503 1057 601 1091 subridens
610 1057 635 1090 ita
645 1057 751 1100 respondit:
764 1056 816 1089 ‘Hoc

113 1108 167 1152 signo
182 1114 256 1143 sanctus
269 1108 336 1143 Christi
350 1109 445 1144 confessor
457 1109 577 1144 Hieronimus
593 1121 623 1144 me
638 1115 736 1153 cognoscet
751 1108 770 1142 in
786 1108 815 1142 die

114 1162 180 1205 iudicii,
189 1172 222 1206 pro
231 1163 282 1196 cuius
293 1162 375 1196 doctrina
382 1162 438 1197 talem
447 1163 522 1207 profero
533 1162 634 1197 lesionem.¹
658 1163 686 1197 Ex
696 1162 766 1197 diutina
774 1172 816 1196 con·

87 1230 105 1249 20
114 1217 210 1250 suetudine
229 1217 314 1259 portandi
332 1216 440 1260 psalterium
459 1217 484 1250 ita
502 1216 608 1250 incuruatus
628 1221 666 1250 erat
686 1216 753 1259 digitus
772 1214 817 1249 eins.

114 1261 203 1314 Quadam
218 1268 316 1303 festiuitate
331 1269 418 1313 paschali,
434 1270 495 1304 media
510 1274 563 1304 nocte
578 1269 668 1303 altissima
682 1280 727 1303 voce
743 1273 816 1302 cantare

114 1322 172 1365 cepit:
185 1327 203 1355 et
214 1332 268 1355 mane
279 1332 290 1355 a
300 1323 380 1364 quodam
390 1323 446 1356 fratre
455 1323 583 1364 interrogatus,
592 1322 618 1355 sic
630 1323 664 1355 ait:
678 1321 730 1353 ‘Vidi
741 1321 817 1362 angelos

114 1375 137 1406 ad
149 1373 267 1416 sepulchrum
278 1372 347 1406 domini
357 1374 491 1407 descendentes
503 1379 521 1406 et
533 1372 558 1406 ibi
569 1372 679 1406 dulcissimis
691 1371 816 1405 modulationi-

114 1426 149 1459 bus
160 1424 263 1460 iubilantes.
286 1425 337 1459 lnter
348 1437 394 1469 quos
406 1426 470 1460 beatus
481 1426 567 1459 Nicolaus
577 1426 633 1468 affuit,
644 1426 675 1469 qui
686 1436 715 1459 me
727 1435 769 1459 cum
780 1425 816 1458 illis

88 1491 105 1519 ²5
115 1484 188 1512 cantare
197 1479 312 1521 commonuit,
321 1479 384 1513 dicens
393 1480 442 1523 quod
452 1489 489 1513 vox
499 1479 595 1512 hominum
604 1479 652 1512 bone
662 1477 760 1512 voluntatis
768 1478 816 1511 bene

114 1531 189 1565 vocibus
201 1536 310 1565 consonaret
322 1532 440 1575 angelorum!
466 1531 489 1565 Et
501 1532 581 1566 addidit:
600 1530 652 1565 ‘Heu
664 1530 724 1574 michi,
737 1531 779 1574 quia
791 1530 817 1564 in·

115 1584 185 1619 colatus
197 1595 250 1619 meus
261 1584 338 1618 nimium
349 1586 469 1629 prolongatur
479 1590 498 1619 et
507 1595 557 1619 mors
569 1584 672 1618 desiderata
684 1584 776 1618 differtur!
801 1583 817 1617 Ο

115 1638 145 1681 pic
154 1638 215 1679 ihesu,
224 1637 309 1681 quamdiu
321 1638 421 1681 depressus
432 1638 467 1671 ista
477 1637 599 1681 corruptionis
607 1638 655 1671 mole
664 1636 750 1681 seiungar
758 1648 769 1670 a
776 1642 794 1670 te
801 1638 817 1671 l’
840 1660 842 1669 r

117 1683 188 1725 lterum
196 1690 269 1726 cuidam
277 1691 366 1725 monacho
377 1692 434 1725 multa
443 1691 508 1735 gallice
518 1692 635 1735 loquebatur3
647 1701 733 1725 asserens
742 1701 762 1724 se
771 1701 818 1724 nun-

87 1759 107 1786 3⁰
115 1755 171 1787 quam
182 1744 230 1778 illius
241 1744 303 1788 lingue
315 1744 402 1778 habuisse
413 1745 515 1787 scientiam,
523 1745 566 1778 ‘sed
578 1744 653 1787 spiritus
663 1750 743 1786 sanctus,
754 1744 818 1787 inquit,

115 1799 150 1831 hoc
162 1803 245 1841 tempore
256 1797 330 1830 tradidit
345 1798 432 1841 apostolis
448 1797 531 1830 notitiam
547 1797 629 1831 omnium
644 1797 748 1840 linguarum
763 1801 817 1839 atque

115 1852 232 1885 sermonum!
279 1843 406 1894 Interrogatus
417 1851 440 1885 dc
452 1851 555 1885 animarum
567 1851 617 1884 exitu
629 1851 652 1884 de
665 1850 699 1884 hoc
711 1850 785 1890 mundo,
793 1849 818 1883 ita

115 1904 220 1945 respondit:
233 1903 310 1936 ‘Sancta
320 1903 382 1936 anima
391 1903 456 1937 leuiter
468 1903 506 1936 exit
517 1914 528 1936 a
538 1913 620 1946 corpore,
628 1903 678 1937 velut
690 1903 736 1943 saba,
745 1903 818 1945 quando

115 1961 186 1988 matura
197 1960 230 1997 est,
242 1956 265 1989 de
277 1955 343 2000 siliqua
354 1961 420 2000 sponte
431 1956 524 2000 procedit3
540 1957 574 1990 sed
585 1955 678 1999 peccatrix
692 1955 757 1995 anima,
768 1954 818 1988 uelut

87 2019 106 2049 35
115 2009 217 2050 immatura,
230 2009 291 2042 multis
305 2009 367 2052 flagris
379 2010 403 2043 ad
415 2008 486 2043 exitum
500 2014 615 2054 perurgetur.
639 2008 720 2053 Egressa
732 2019 781 2049 vero,
794 2008 816 2041 ad

115 2061 163 2096 aeris
175 2061 267 2104 fastigium
282 2062 322 2096 sine
336 2073 387 2096 mora
402 2063 520 2097 conscendit:
535 2063 560 2096 ibi
574 2073 644 2096 moram
658 2062 699 2095 lacit
714 2061 818 2105 aliquando,

115 2114 158 2158 quid
170 2117 216 2150 deus
228 2116 251 2149 de
262 2114 302 2159 ipsa
314 2115 353 2149 fieri
365 2116 409 2150 velit
420 2122 525 2160 expectans.
549 2116 582 2150 Est
592 2121 654 2149 autem
665 2115 690 2149 ibi
701 2114 754 2159 quasi
766 2121 818 2158 porta

115 2169 194 2212 quedam
205 2169 265 2203 ferrea
276 2174 294 2203 et
304 2175 387 2213 angusta,
396 2169 481 2203 hincinde
492 2171 583 2203 bonorum
594 2169 691 2212 spirituum
701 2175 718 2203 et
728 2169 817 2202 malorum

114 2222 202 2256 custodiis
216 2222 356 2256 circumcincta:
376 2222 412 2255 Per
430 2223 477 2255 hanc
497 2222 558 2255 anime
577 2222 666 2255 iustorum
686 2222 722 2255 leui
741 2221 817 2255 transitu

87 2285 107 2313 4⁰
115 2280 215 2317 permeant,
228 2274 294 2308 iniuste
306 2285 350 2307 vero
362 2280 504 2318 coangustantur
519 2280 537 2308 et
552 2275 632 2318 grauiter
645 2273 749 2308 cruciantur
762 2279 781 2306 et
796 2274 818 2306 ad

114 2326 201 2360 inferiora
209 2327 337 2361 miserabiliter
344 2327 478 2371 deprimuntur.
494 2327 560 2368 Hodie,
569 2327 632 2371 inquit,
641 2326 729 2370 conspexi
738 2326 817 2360 animam

114 2379 157 2414 iusti
165 2380 240 2414 liberam
248 2381 362 2414 transuolare
370 2391 404 2424 per
412 2391 458 2422 eam,
466 2385 485 2414 et
493 2380 534 2414 ideo
543 2391 584 2414 cunr
592 2379 667 2424 angelis,
675 2380 725 2413 illam
733 2380 818 2413 deferen-

114 2432 168 2474 tibus,
177 2433 217 2478 cepi
228 2445 261 2477 pre
272 2433 338 2477 gaudio
349 2435 457 2468 decantare!
504 2427 621 2468 Monachus*
630 2433 721 2468 dominica
730 2432 759 2467 die
770 2433 818 2468 cele·

137 2503 206 2531 ¹om.in
214 2503 231 2531 E.
291 2503 409 2541 tununquid.
470 2503 535 2540 isoT,
543 2504 561 2533 E.
569 2507 651 2532 tormenta.
709 2498 832 2539 ⁴T.quidcin.¹

114 2541 121 2559 ⁶
131 2551 153 2571 sc.
161 2541 244 2579 Regiuald.
