1762 2803
110 131 112 137 ¹
137 152 178 181 122
211 212 212 215 Ἰ
326 139 406 191 llhssbfl
422 137 537 199 stssssmfld
553 137 645 199 flsssslil.

135 257 189 292 dauit.
212 259 290 292 Sanctus
301 271 345 293 vero
356 271 405 303 papa
416 260 467 293 illum
478 259 538 293 virum
549 259 578 292 dei
590 264 608 293 et
620 258 695 301 spiritus
709 256 767 292 sancti
779 255 837 300 gratia

135 311 212 354 plenum
225 311 335 353 intelligens,
347 311 503 344 consecrationem
515 310 559 353 eius,
571 321 625 353 quam
637 320 648 342 a
659 311 694 343 deo
706 314 781 343 nouerat
794 318 837 352 pro-

135 364 215 405 uenisse,
223 365 347 406 confirmauit3
359 365 436 408 ipsoque
447 364 552 398 multotiens
562 369 642 408 petente,
650 368 668 397 et
678 362 710 396 vix
721 364 837 406 impetrante,

136 427 172 461 que
183 418 259 452 deerant
268 417 399 451 consecrationi
411 418 449 450 eius
460 418 554 461 supplens,
563 417 582 449 in
592 426 639 461 opus
650 415 745 450 ministerii
753 426 764 448 a
771 414 837 458 spiritu

495 462 583 504 Occurrit
595 474 656 503 autem
667 469 706 503 viro
718 467 748 502 dei
760 466 837 501 clericus

136 523 210 567 quidam
223 523 331 566 peregrinus
344 528 362 556 et
375 523 469 566 eloquens,
485 521 619 566 requisitusque
635 522 676 566 quis
690 527 739 555 esset
754 526 772 554 et
788 519 837 554 vnde

136 576 222 617 venisset,
231 576 364 618 predicatorem
375 575 461 617 veritatis,
470 582 488 609 et
498 575 546 609 viam
556 576 585 609 dei
595 576 614 609 in
624 576 699 609 veritate
710 577 806 609 docentem
817 584 837 606 se

137 639 179 663 esse
192 628 292 672 respondit.
315 629 381 671 Quem,
394 628 458 672 spiritu
471 633 534 662 sancto
547 628 641 662 reuelante
646 627 658 670 ²,
669 628 765 672 pelagiana
776 625 837 660 heresi

136 681 226 713 irretitum
236 691 344 724 agnoscens,
352 692 394 714 curn
406 691 417 713 a
426 682 455 714 via
465 680 565 724 iniquitatis
577 692 619 713 eum
628 686 712 713 auertere
722 690 759 712 non
768 684 837 722 posset,

110 745 129 767 ro
136 733 231 776 utriusque
241 733 321 767 hominis
331 734 424 767 interitum
432 733 512 767 vicinum
523 732 549 766 illi
560 733 599 766 fore
610 732 728 774 denuncians,
736 743 747 765 a
757 742 790 764 sua
799 730 838 763 dio-

137 785 175 821 cesi
188 785 241 820 iussit
254 797 296 820 eum
310 786 383 831 expelli.
406 785 441 829 Qui
455 785 530 820 ssuuium
544 786 635 830 quendam
649 784 728 819 transire
740 788 838 828 temptans,

137 840 188 884 aquis
197 840 294 874 suffocatus
302 842 326 874 ad
331 845 400 885 tartara
408 840 508 874 descendit.
547 832 571 874 In
579 839 682 874 cambrensi
690 849 747 882 regno
753 837 838 872 omnibus

138 892 264 936 Kentegerni³
277 892 355 926 inimicis
370 893 448 926 diuersis
464 892 544 926 cladibus
556 897 574 925 et
585 892 635 926 vario
650 892 756 925 morborum
771 901 838 934 genere

138 946 257 989 consumptis,
271 945 351 990 regionis
366 946 425 979 incole
436 945 485 979 viam
497 945 565 978 domini
580 945 704 988 relinquentes
719 950 737 978 et
752 949 838 987 tanquam

112 1012 129 1042 15
138 1008 193 1032 canes
204 999 227 1031 ad
234 998 322 1032 vomitum
332 999 407 1038 reuersi,
415 999 438 1031 ad
448 998 538 1041 ydolatrie
548 998 603 1031 ritum
613 998 694 1041 prolapsi
705 1002 751 1030 suut.
774 997 838 1030 Celum

137 1050 197 1094 igitur,
209 1055 263 1093 terra,
275 1061 331 1092 mare,
344 1056 362 1084 et
374 1050 482 1093 omniaque
495 1050 514 1083 in
527 1050 554 1084 eis
566 1055 613 1092 sunt,
625 1049 756 1083 subtraxerunt
768 1048 794 1083 eis
807 1048 839 1082 ob-

138 1103 222 1147 sequium
237 1109 255 1137 et
271 1108 378 1137 consuetum
393 1102 507 1145 adiutorium,
521 1103 616 1145 famesque
631 1113 687 1146 super
701 1107 769 1135 terram
782 1101 839 1134 multo

138 1163 222 1200 tempore
241 1156 335 1201 preualuit.
365 1155 464 1190 Suscitauit
485 1156 560 1190 tandem
579 1156 663 1189 dominus
684 1165 747 1198 regem
765 1153 839 1188 nomine

139 1210 241 1249 Rederech‚
250 1221 260 1244 a
271 1209 364 1253 discipulis
376 1209 434 1243 sancti
443 1209 514 1242 Patricii
525 1209 544 1242 in
555 1208 645 1242 Hibernia
655 1209 772 1252 baptizatum,
780 1209 810 1252 qui
820 1208 839 1241 in

112 1276 130 1297 zo
138 1268 176 1297 toto
192 1263 246 1297 corde
262 1274 343 1306 querens
358 1262 459 1304 dominum,
471 1263 527 1295 fidem
543 1260 611 1295 Christi
627 1272 712 1305 reparare
727 1261 746 1294 in
761 1271 839 1305 regnum

138 1316 227 1350 studebat.
251 1315 322 1349 Direxit
337 1326 378 1349 cum
390 1315 454 1349 litteris
466 1316 489 1349 ad
500 1320 583 1348 sanctum
596 1314 746 1358 Kentegernum⁴
758 1314 839 1356 nuncios,

138 1370 238 1402 obsecrans
248 1379 283 1412 per
291 1379 359 1402 nomen
368 1367 437 1401 domini
448 1373 466 1400 et
476 1368 576 1409 obtestans,
584 1378 608 1400 ne
618 1373 681 1411 pastor
690 1378 735 1401 oues
745 1367 776 1400 diu
786 1368 840 1400 deso-

138 1422 184 1456 latas
197 1426 215 1455 ct
231 1422 271 1455 sine
286 1421 368 1456 custodia
384 1421 479 1455 destitutas
493 1421 570 1455 ulterius
585 1421 688 1455 deserendo
703 1421 731 1455 sui
746 1420 840 1455 subtrahat

139 1485 212 1509 curam:
226 1474 324 1518 Indignum
336 1485 377 1508 esse
389 1484 481 1517 asserens,
488 1478 508 1508 vt
520 1484 599 1517 sponsus
611 1484 704 1517 sponsam,
714 1478 777 1518 pastor
787 1473 840 1515 ouile,

112 1544 119 1563 2
122 1544 130 1572 5
139 1527 200 1570 presul
210 1527 306 1559 ecclesiam
317 1537 368 1560 suam
379 1527 499 1568 derelinquat,
508 1536 541 1568 pro
550 1526 601 1559 cuius
611 1537 674 1560 amore
683 1527 763 1559 animam
771 1536 841 1569 ponere

139 1579 228 1613 debetne
242 1578 367 1613 mercenarius
379 1579 415 1612 fiat.
438 1577 561 1612 Denunciauit
572 1577 639 1611 etiam⁶
648 1578 744 1612 defunctos
756 1589 798 1612 esse
809 1578 840 1621 qui

140 1633 241 1676 querebant
249 1632 328 1665 animam
336 1631 380 1665 eius.
399 1631 530 1665 Admonitione
537 1632 591 1675 igitur
598 1631 680 1674 angelica
688 1637 770 1665 sanctum
776 1631 840 1674 Asaph

140 1695 266 1719 successorem
279 1695 333 1718 suum
346 1684 443 1726 constituit,
455 1689 473 1718 et
487 1695 529 1718 cum
542 1684 634 1718 sexcentis
648 1684 743 1728 sexaginta
755 1685 840 1719 fratribus

140 1744 208 1771 terram
216 1738 344 1770 cambrensem
352 1742 436 1780 repetere
445 1737 498 1779 cepit.
517 1736 551 1770 Cui
559 1748 592 1769 rex
601 1748 642 1770 cum
649 1737 719 1780 ingenti
727 1737 841 1771 multitudine

113 1806 132 1835 30
140 1791 212 1824 obuiam
226 1790 321 1832 processit,
333 1790 409 1823 laudans
421 1790 481 1823 deum.
504 1789 555 1831 Quos
567 1799 609 1822 cum
622 1795 696 1823 sanetus
710 1789 841 1831 benedixisset,

140 1844 175 1877 ait:
188 1843 306 1886 ‘Quicunque
318 1843 371 1876 saluti
383 1843 477 1876 hominum
488 1843 570 1877 inuident
580 1848 598 1876 et
607 1843 664 1877 verbo
675 1843 705 1876 dei
715 1844 841 1884 aduersautur,

140 1896 159 1930 in
170 1896 236 1929 virtute
248 1895 316 1929 domini
328 1895 386 1929 nostri
399 1895 441 1929 lesu
453 1895 520 1929 Christi
530 1895 625 1939 protinus⁶
636 1895 736 1939 discedant,
749 1906 772 1929 ne
784 1896 841 1930 credi·

161 1960 193 1990 lT.
204 1961 236 1989 and
246 1961 309 1989 Tanner
319 1961 359 1989 have
369 1970 379 1989 a
390 1969 457 1997 passage
468 1969 521 1990 more:
535 1955 610 1991 Clericus
621 1960 691 1998 (quidam
701 1960 779 1998 elegantis
786 1962 841 1996 forme,

141 2009 198 2036 magne
208 2000 304 2038 eloqueneie,
312 2000 362 2029 multe
368 2000 453 2038 literature,
462 2001 528 2029 nacione
536 2000 627 2035 Britannus,
637 2005 662 2029 set
671 2000 687 2029 in
697 2000 752 2030 Galliis
762 2002 842 2036 educatus,

141 2041 160 2070 ad
168 2040 274 2069 sacerdocium
283 2040 400 2076 promouendus
406 2040 440 2068 viro
447 2044 501 2069 sancto
509 2039 570 2069 oblatus
578 2044 607 2069 est.
622 2040 670 2068 Hunc
677 2049 712 2069 cum
718 2040 789 2079 vidisset,
797 2040 842 2069 iussit

141 2079 251 2109 archidiacono
259 2088 294 2108 eum
302 2079 353 2109 statim
360 2080 429 2108 amoueri
436 2083 452 2108 et
459 2089 469 2108 a
475 2079 518 2108 clero
526 2079 625 2116 sequestrari.
647 2078 734 2109 Videbatur
742 2079 784 2110 enim
793 2079 842 2110 oculis

141 2120 191 2147 sancti
198 2119 242 2154 quasi
250 2119 335 2154 sulphurea
341 2120 403 2147 ssamma
412 2121 432 2147 cle
441 2119 477 2147 sinu
487 2119 529 2146 illius
539 2119 591 2147 clerici
600 2120 687 2155 procedere
697 2124 713 2147 et
723 2119 842 2148 intollerabilem

142 2158 208 2186 fetorem
221 2157 284 2185 naribus
296 2157 329 2185 eius
342 2157 419 2194 ingerere.
440 2157 461 2185 Et
472 2157 607 2186 circumstantibus
619 2157 669 2186 dixit:
685 2157 712 2186 ‘Si
723 2158 763 2187 sacri
774 2167 842 2188 canones

142 2195 216 2226 mulieres
227 2196 246 2225 ob
259 2196 365 2225 infirmitatem
377 2205 430 2232 sexus,
441 2205 471 2232 que
482 2197 570 2225 nullatenus
581 2196 597 2225 in
607 2196 648 2225 vicio
659 2201 688 2233 est,
699 2198 719 2226 ad
730 2197 843 2228 sacerdotalem

142 2236 206 2274 gradum
216 2235 307 2273 promoueri
317 2235 406 2273 prohibent,
417 2236 465 2265 multo
476 2236 526 2273 magis
536 2235 566 2265 viri
576 2245 624 2265 sexus
634 2236 659 2265 sui
669 2245 776 2274 peruersores,
787 2241 843 2268 nature

143 2277 223 2311 abusores,
231 2276 257 2312 qui
267 2276 283 2304 in
292 2280 397 2312 contemptum
405 2276 495 2314 conditoris,
504 2277 520 2304 in
527 2276 637 2305 contumeliam
648 2277 676 2314 sui,
685 2277 701 2305 in
711 2277 761 2307 tocius
772 2282 843 2307 creature

142 2316 215 2345 iniuriam
222 2316 264 2352 quod
271 2316 320 2344 creati
327 2320 363 2344 suut
370 2320 386 2344 et
394 2315 441 2353 [nati]
449 2320 509 2344 exuunt
516 2319 539 2349 etl
546 2315 612 2345 seminas
617 2316 689 2352 induunt,
694 2326 703 2345 a
709 2321 739 2346 tarn
745 2327 790 2347 sacro
794 2317 843 2355 gradu

143 2361 159 2386 et
165 2356 216 2384 officio
223 2356 285 2392 penitus
293 2355 343 2384 arceri
354 2355 417 2384 debent.
438 2355 521 2393 Nunquam
531 2354 596 2392 legimus
606 2355 695 2392 grauiorem
705 2357 790 2387 uindictam
798 2358 843 2387 deum

142 2395 242 2424 excercuisse
249 2404 294 2431 quam
305 2395 321 2422 in
330 2394 368 2422 illud
377 2399 493 2423 monstruosum
503 2404 554 2430 genus
562 2395 642 2423 hominum
650 2395 666 2424 in
673 2396 728 2432 quibus
735 2397 773 2425 illud
780 2405 843 2426 execra-

142 2434 174 2463 bile
179 2434 256 2470 flagicium
263 2432 379 2470 primordialem
386 2433 452 2470 sumpsit
459 2434 544 2463 materiam.
562 2434 602 2463 Nam
609 2434 681 2464 ciuitates
689 2445 724 2464 cum
731 2435 843 2465 habitatoribus

142 2474 176 2504 suis
185 2474 201 2503 in
211 2474 248 2510 igne
258 2477 323 2510 propter
332 2472 404 2501 ardorem
414 2472 487 2509 libidinis,
495 2476 511 2502 et
520 2473 595 2511 sulphure
602 2474 622 2503 ob
630 2473 672 2503 illius
680 2474 800 2505 abhominabilis
808 2474 843 2504 uicii

143 2515 214 2552 fetorem,
225 2512 313 2543 subuertit’
334 2512 353 2541 In
363 2512 407 2542 breui
417 2522 455 2542 uero
466 2512 507 2542 idem
518 2513 583 2542 clericus
593 2514 675 2551 repentina
682 2519 732 2544 morte
739 2518 843 2553 preocupatus

142 2554 205 2584 interiit.
260 2553 295 2583 lul.
303 2553 335 2582 Vit.
386 2552 420 2581 8Ε,
427 2553 527 2591 Kentegrini.
588 2553 593 2570 ‘¹
605 2554 623 2583 E.
629 2554 748 2591 Kentegrinum.
810 2554 816 2572 ⁵
825 2553 843 2583 T.

143 2594 201 2630 eciam,
212 2593 230 2622 Ε.
238 2597 258 2622 et.
321 2592 327 2608 '⁵
336 2592 353 2621 T.
361 2597 378 2621 ut
385 2601 400 2629 p.
