1762 2803
256 65 302 120 vt
317 62 419 115 &ancta
434 61 536 123 halent.
717 75 742 104 21

44 192 125 234 elapsam
132 184 217 222 exaltauit
223 190 241 219 et
249 183 362 229 glorifieauit.
384 183 464 227 Insuper
470 187 489 217 et
494 180 550 216 trium
559 187 664 216 sanctorum
672 182 745 227 Regum

44 254 125 287 corpora,
139 241 203 284 Iaspar
214 238 304 278 videlicet,
319 236 408 271 Melchior
423 241 441 270 et
457 235 559 277 Balthasar,
574 246 585 269 a
600 235 713 280 principibus
728 243 746 270 et

44 296 118 342 prelatis
134 300 224 328 terrarum
241 292 313 325 illarum
329 301 366 324 non
382 295 419 324 tam
431 289 513 323 studiose
527 298 582 333 quam
593 289 702 323 miraculose
712 289 746 323 im·

44 348 127 395 petrauit.
149 347 226 388 Quibus,
236 350 254 378 et
265 343 342 378 aliorum
349 343 406 376 variis
417 342 491 376 suffulta
504 341 592 385 reliquiis,
604 343 687 385 gaudens
698 341 746 376 Con·

45 399 181 445 stantinopolim
192 397 245 432 rediit
255 397 277 431 ad
286 396 350 438 filium,
358 396 455 440 paulopost
466 394 489 428 ad
500 393 573 428 celestis
584 393 637 439 regni
647 394 746 429 transitura
755 406 764 436 5

44 453 139 498 palacium.
161 451 202 492 Que
216 449 335 493 postmodum
347 447 415 491 aliquot
427 447 492 480 diebus
508 446 576 490 elapsis
587 446 698 481 valefaciens
709 447 747 480 filio

46 505 120 550 (quippe
128 514 164 547 que
176 502 237 537 obitus
245 501 273 536 sui
281 500 314 535 suit
322 499 402 541 conscia)
411 509 432 533 ac
444 498 507 534 limina
518 498 603 534 deuotius
610 497 687 533 visitans
694 509 747 542 apos

44 559 128 600 tolorum,
140 562 212 600 partem
228 565 300 599 quoque
313 552 373 587 crucis
388 551 457 587 Christi
476 562 518 587 cunt
533 551 614 586 maxima
628 551 747 586 veneratione

45 621 107 646 secum
119 609 183 644 detulit
195 614 214 644 et
229 608 248 642 in
260 607 336 642 basilica
348 612 412 641 sancte
425 605 495 647 Crucis,
505 615 561 650 quam
573 605 622 640 filius
633 605 674 640 eius
684 611 747 650 rogatu

45 663 165 703 edificauerat,
174 660 273 696 collocauit.
292 659 363 702 Quibus
370 657 433 703 gestis
442 658 489 703 quod
498 658 588 703 reliquum
597 664 671 702 tempus
682 669 747 702 super·
756 672 775 694 ro

44 716 95 758 uixit,
103 716 171 750 ibidem
179 713 296 749 sanctissime
307 711 379 756 exegit;
393 723 473 756 semper,
481 713 541 755 quoad
548 711 599 754 vixit,
607 713 696 747 ortodoxe
703 712 746 747 fidet

44 769 132 802 acerrima
140 767 240 811 protectrix
248 767 285 807 suit,
293 771 312 799 et
320 775 374 809 quam
386 765 467 798 maxime
479 775 581 808 pauperum
593 770 611 797 et
621 765 746 807 orphanorum

46 832 108 855 curam
116 820 179 865 gessit,
184 830 231 864 quos
236 818 298 864 vtique
303 823 353 851 tanta
358 816 621 862 prosequebaturhumanitate
626 827 646 850 ac
654 816 747 857 charitate,

45 879 64 908 vt
75 883 119 907 vere
131 873 213 905 omnium
225 876 284 905 mater
294 870 356 905 vocari
368 875 475 904 mereretur.
498 869 607 903 Beatissimo
619 869 673 913 igitur
684 870 747 913 regina

46 925 117 960 Helena
130 924 189 958 Rome
201 923 303 965 constituta,
315 923 351 957 ianr
363 927 381 957 et
393 921 447 957 annis
458 927 476 957 et
487 921 557 957 meritis
569 926 645 964 matura,
655 921 678 957 ad
689 921 775 965 instatis

45 979 93 1013 illius
105 977 221 1012 sanctissime
229 977 285 1011 Anne
297 976 409 1020 euangelica,
420 976 458 1010 filie
469 975 557 1017 Phanuel,
568 985 579 1009 a
590 975 659 1019 templo
671 975 747 1010 minime

45 1032 148 1072 recedebat,
156 1031 190 1064 sed
197 1030 270 1064 ieiuniis
278 1035 296 1063 et
305 1029 417 1063 orationibus
427 1029 507 1062 instabat
518 1028 576 1063 dieat
585 1033 651 1063 nocte:
663 1028 747 1073 cupiebat

45 1084 94 1118 enim
107 1083 182 1117 dissolui
194 1087 213 1117 et
226 1093 268 1116 esse
282 1093 323 1116 cum
333 1081 412 1124 Christo,
424 1080 523 1125 ipsumque
535 1081 598 1116 videre
608 1091 671 1125 regem
683 1091 747 1125 regum

44 1137 63 1171 in
77 1138 142 1170 decore
154 1147 193 1170 suo.
221 1136 259 1169 Nec
271 1141 300 1169 est
312 1135 343 1169 illa
358 1134 402 1169 felix
415 1136 478 1178 virago
493 1134 578 1168 frustrata
593 1134 686 1169 desiderio
701 1144 746 1169 suo:

46 1189 134 1231 dispersis
144 1199 225 1232 namque
237 1189 276 1222 suis
288 1188 307 1220 in
320 1199 413 1231 pauperes
425 1187 492 1220 Christi
507 1187 605 1227 thesauris,
615 1187 748 1230 dominicisque
757 1201 777 1222 ro

47 1240 117 1274 munita
132 1240 256 1281 sacramentis,
271 1245 332 1273 erecta
351 1239 445 1272 oculorum
460 1237 498 1272 acie
513 1238 558 1272 vidit
573 1238 623 1272 celos
637 1244 718 1281 apertos,
729 1244 747 1272 et

46 1292 120 1326 ihesum
142 1298 221 1327 stantem
240 1304 282 1326 cum
306 1291 414 1336 angelorum
432 1291 553 1332 multitudine,
570 1303 680 1336 crucemque
698 1290 748 1326 illius

45 1345 116 1389 fulgore
123 1345 211 1380 ineffabili
219 1345 334 1380 choruscare.
357 1344 398 1387 Qua
405 1355 457 1380 sacra
461 1344 532 1379 visione
540 1344 563 1379 ad
572 1344 646 1380 celestia
654 1345 748 1380 ardentius

45 1398 124 1439 inuitata,
136 1398 261 1433 inualescente
274 1399 338 1432 morbo
350 1399 426 1432 tandem
437 1397 497 1442 (regni
509 1398 616 1442 temporalis
626 1397 747 1432 amministra-

45 1451 95 1484 tione
107 1451 195 1495 prescisa,
208 1452 236 1484 cui
248 1456 322 1495 petente
334 1451 372 1485 filio
385 1457 440 1494 atque
457 1456 527 1492 senatu,
540 1450 664 1494 flagitantibus
676 1461 748 1495 quoque
758 1467 776 1496 ²5

45 1503 123 1545 populis,
131 1514 152 1536 se
160 1502 243 1546 pluribus
251 1504 288 1536 iam
296 1503 349 1536 annis
356 1503 432 1536 viriliter
442 1514 463 1536 ac
475 1508 550 1536 strenue
559 1502 698 1546 immiscuerat),
705 1503 748 1537 felix

45 1561 63 1588 et
73 1554 120 1589 inter
130 1555 203 1600 reginas
215 1556 331 1600 predicabilis
343 1560 361 1590 et
372 1555 474 1598 victoriosa,
482 1565 517 1591 nec
528 1554 617 1591 absimilis
626 1555 674 1591 illius
685 1561 749 1592 sancte

45 1608 161 1650 prophetisse
170 1609 251 1643 Delbore
259 1618 295 1652 que
305 1608 393 1652 populum
406 1608 463 1642 lsrael
474 1613 511 1642 tam
524 1608 623 1642 strenuiter
634 1608 720 1642 iudicauit
730 1615 748 1642 et

45 1659 158 1703 gubernauit,
165 1660 196 1696 via
208 1660 290 1696 lauicana
305 1660 441 1706 decimoquinto
453 1660 542 1695 kalendas
554 1660 665 1706 septembris
678 1661 748 1696 dulcius

45 1712 129 1756 migrauit
145 1715 168 1747 ad
184 1714 283 1748 Christum.
306 1714 363 1748 Cuius
377 1725 450 1748 sacrum
465 1725 532 1757 corpus
549 1725 560 1748 a
575 1726 648 1748 summo
662 1715 748 1759 pontifice
757 1728 776 1757 30

46 1764 202 1809 lachrymantibus
209 1768 282 1809 populis
291 1767 382 1809 condigne
389 1766 467 1801 traditur
474 1766 579 1810 sepulture3
591 1767 619 1801 cui
627 1773 692 1810 postea
699 1767 748 1801 filius

46 1817 85 1851 eius
99 1818 230 1853 Constantinus
243 1820 368 1854 mausoleum¹
379 1819 453 1864 erigens
462 1821 481 1853 in
493 1818 632 1864 porph[i]retico
643 1819 747 1864 sepulchro,

46 1880 113 1913 corpus
123 1870 163 1904 eius
172 1873 197 1913 (vt
207 1871 277 1913 dicitur,
286 1871 463 1916 Constantinopolim
473 1873 590 1914 translatum)
598 1872 748 1907 honorificentius

46 1922 149 1965 collocauit;
162 1935 211 1958 nunc
218 1929 281 1959 tamen
285 1924 377 1959 Venecias
385 1925 404 1958 in
410 1925 487 1959 ecclesia
495 1925 618 1968 pulcherrima
626 1926 665 1959 eius
673 1925 748 1960 nomine

46 1974 128 2009 dedicata
146 1976 241 2010 humatum
260 1977 312 2020 iacet,
327 1976 431 2011 innumeris
446 1977 540 2021 hucusque
559 1977 631 2012 clarens
650 1977 775 2020 miraculis.35

46 2026 114 2061 Anima
121 2037 166 2061 vero
177 2028 235 2071 ipsius
247 2029 266 2063 in
278 2030 338 2063 celum
349 2040 383 2072 per
390 2030 467 2073 angelos
475 2034 503 2064 est
511 2030 594 2071 deducta,
602 2029 665 2064 diuine
672 2029 748 2064 visionis

46 2078 103 2121 gloria
110 2090 152 2113 cum
162 2080 221 2115 beatis
229 2082 324 2126 spiritibus
331 2082 452 2126 perhenniter
463 2082 545 2118 fruitura.
568 2083 609 2126 Que
620 2088 638 2117 et
649 2095 684 2128 pro
695 2084 748 2119 nobis

46 2131 117 2167 miseris
125 2144 192 2176 preces
201 2134 287 2178 dignetur
296 2135 397 2178 effundere,
405 2136 491 2181 quatinus
502 2137 542 2171 eius
553 2138 611 2171 sacris
622 2137 698 2179 meritis,
705 2148 747 2181 pre-

47 2184 93 2216 senti
108 2185 191 2220 Iordanis
204 2186 283 2222 incolatu
296 2188 344 2222 felici
357 2198 412 2223 cursu
428 2189 543 2233 transmisso,
558 2200 663 2224 mereamur
674 2189 748 2225 celestia

47 2242 147 2277 penetrare.
170 2239 238 2275 Amen.
756 2255 776 2284 40

324 2314 329 2331 ¹
341 2314 358 2344 E.
366 2314 469 2346 mausoleum.
