1762 2803
100 127 144 179 284
289 123 369 175 mour
384 120 500 183 {trumba
515 120 607 183 attulit.

99 244 195 279 ecclesiam
210 253 268 278 suam.
297 242 403 277 Dunstanus
418 242 477 287 igitur,
493 242 542 286 regis
558 248 576 276 et
589 243 717 286 episcoporum
732 243 800 287 impor-

99 296 176 331 tunitate
188 301 288 339 superatus,
301 296 324 330 ad
339 295 514 339 archiepiscopatum
528 297 596 330 electus
609 301 642 330 est.
666 296 745 330 Romam
759 305 800 339 pro-

100 350 163 393 fectus,
173 361 183 384 a
194 360 242 394 papa
254 349 336 383 Iohanne
347 348 422 393 pallium
433 349 519 393 suscepit,
528 353 546 383 et
556 348 644 392 Angliam
655 349 714 384 rediit.
738 348 800 384 Primo

100 404 149 436 enim
160 403 209 447 apud
217 402 333 437 Cantuariam
345 403 435 436 aduentus
447 403 475 436 sui
487 403 521 443 die,
530 412 571 435 cum
581 402 639 436 sacris
648 402 735 437 altaribus
746 401 800 436 assis·

81 469 92 499 ,5
101 461 147 490 teret
155 461 173 490 et
181 455 247 499 populo
256 455 285 488 dei
290 454 383 488 viuificum
391 466 458 499 panem
466 454 591 489 distribuendo
599 455 701 499 porrigeret
708 467 712 497 ;
724 459 801 498 repente

101 514 183 543 contecta
191 508 239 542 nube
250 508 309 548 domo,
318 508 402 541 columba
410 509 434 542 de
443 508 493 542 celo¹
506 508 628 549 descendens,
637 519 732 552 quousque
745 507 801 541 sacri-

100 561 160 595 ficium
175 560 239 595 fuisset
254 565 401 595 consummatum
416 571 472 604 super
487 560 539 594 illum
554 560 627 595 mansit.
650 561 726 595 Peracto
740 565 801 594 autem

100 614 194 657 sacrificio,
210 613 300 658 requieuit
317 624 373 658 supra
388 615 469 648 tumbam
484 613 533 648 beati
549 613 625 657 odonis,
640 625 676 658 que
691 614 710 648 in
726 614 801 647 modum

100 667 195 711 piramidis
207 668 229 700 ad
241 667 340 701 australem
352 672 423 710 partem
436 666 498 700 altaris
509 671 613 701 constructa
626 666 664 701 fuit.
688 667 716 700 Ex
727 677 762 711 qua
772 665 802 700 die

74 726 184 753 rosanctum
199 719 284 752 Odonem
298 719 324 753 ita
340 720 446 752 Dunstanus
461 719 552 753 reueritus
567 724 600 759 est,
615 724 635 753 vt
650 730 744 762 nunquam
759 729 801 761 per-

100 772 186 807 transiret
198 770 233 805 nisi
245 782 305 815 genua
317 770 404 812 flecteret,
417 771 522 816 bonumque
537 771 588 806 illum
602 776 681 816 vocaret,
694 772 718 806 ita
732 771 801 814 dicens,

101 826 147 859 ‘Hic
163 824 274 869 requiescit²
285 825 326 859 Odo
341 827 410 859 bonus!
464 818 568 860 Dedicabat
583 825 680 869 aliquando
695 825 802 858 Dunstanus

100 879 197 913 ecclesiam
209 878 304 912 cuiusdam
315 878 391 913 nobilis:
403 878 434 912 vbi
441 878 485 912 dum
494 889 541 921 aqua
548 878 635 914 deficeret
643 879 666 913 ad
674 877 802 920 ministerium,

101 937 119 965 et
131 932 161 966 ille
174 930 241 966 nobilis
253 931 366 973 turbaretur;
383 930 474 975 premissa
485 932 508 964 ad
520 931 575 964 deum
587 942 647 974 prece,
657 931 721 965 baculo
733 937 801 965 terram

75 998 93 1029 ¹5
102 984 197 1028 percussit,
209 989 227 1017 et
237 983 287 1017 arida
299 994 355 1027 rupes
367 994 433 1027 aquam
444 983 535 1027 produxit,
544 994 580 1027 que
588 994 647 1028 usque
658 984 713 1018 hodie
724 993 802 1017 manans

102 1049 123 1071 ac
139 1037 253 1071 salutiferum
267 1037 354 1080 poculum
368 1037 455 1080 prebens,
469 1037 561 1070 Dunstani
573 1048 641 1071 nomen
656 1037 740 1071 celebre³
755 1036 802 1070 facit.

103 1083 153 1124 Cum
165 1090 214 1124 enim
225 1100 236 1122 a
248 1089 363 1124 forensibus*
375 1089 430 1123 rebus
441 1090 514 1132 requies
524 1091 566 1122 data
577 1089 646 1130 fuisset,
658 1094 700 1123 tunc
713 1089 802 1123 secretius

102 1152 144 1176 cum
156 1144 190 1176 deo
202 1151 278 1175 manere
289 1141 343 1184 cepit,
355 1140 412 1175 sacris
424 1140 489 1184 vigiliis
500 1141 608 1184 insistendo,
619 1141 691 1175 diuinas
703 1141 802 1186 scripturas

101 1195 184 1239 legendo,
196 1199 227 1230 aut
239 1204 302 1229 earum
317 1194 389 1228 codices
403 1196 523 1228 emendando.
547 1194 681 1239 Summumque
693 1194 709 1229 ei
722 1194 802 1228 studium

75 1258 94 1279 ²0
102 1248 134 1283 fuit
140 1254 159 1284 vt
165 1257 258 1291 nunquam
267 1258 277 1281 a
285 1246 352 1281 diuinis
360 1247 446 1291 operibus
454 1253 532 1282 vacaret.
549 1247 587 1282 Sed
592 1259 641 1283 nunc
645 1258 710 1283 verum
715 1247 802 1283 iudicium

101 1302 149 1336 inter
157 1302 217 1336 virum
229 1306 247 1335 et
257 1301 317 1335 virum
328 1300 439 1341 discernere,
451 1310 500 1335 nunc
511 1300 610 1344 impacatas
622 1300 717 1335 hominum
731 1306 803 1335 mentes

101 1354 172 1398 placido
188 1364 274 1388 sermone
289 1353 417 1396 tranquillare3
437 1353 503 1387 horum
520 1353 582 1397 inepta
596 1355 699 1388 dissoluere
714 1353 803 1397 coniugia,

101 1407 174 1440 illorum
186 1407 286 1440 hereticam
296 1406 375 1440 refutare
386 1405 502 1449 opinionem3
515 1406 544 1439 hic
557 1406 641 1450 neglecta
651 1406 758 1449 renouare⁶‚
767 1406 803 1440 illic

101 1470 150 1493 noua
163 1464 279 1501 construerc;
295 1459 360 1501 viduis,
371 1458 458 1501 orphanis
472 1469 492 1491 ac
504 1458 607 1502 peregrinis
619 1470 643 1492 ex
658 1459 710 1492 iustis
725 1458 803 1493 ecclesie

74 1527 83 1546 2
86 1526 94 1557 5
102 1512 204 1546 redditibus
212 1510 316 1546 subuenire.
339 1511 418 1545 Proinde
426 1521 460 1545 rex
470 1511 546 1546 consilio
556 1511 595 1545 eius
603 1517 622 1546 vt
629 1511 666 1546 vite
677 1522 710 1546 sue
720 1512 803 1553 credens,

102 1570 120 1598 et
132 1575 187 1597 omne
198 1565 247 1607 quod
258 1565 281 1597 ab
293 1574 315 1597 eo
326 1563 416 1597 diceretur
427 1562 479 1607 quasi
490 1564 513 1597 ab
527 1563 658 1607 omnipotentis
670 1575 702 1598 ore
713 1564 804 1607 prolatum

103 1616 167 1651 suisset
182 1615 291 1660 suscipiens,
307 1627 416 1660 quecunque
433 1616 530 1650 statuenda
544 1621 597 1650 erant
611 1616 678 1658 statuit,
694 1628 803 1661 quecunque

103 1671 220 1715 dampnanda
233 1670 345 1714 dampnauit.
368 1670 438 1704 Omnes
451 1670 569 1704 ecclesiarum
583 1670 677 1704 ministros
689 1671 720 1714 qui
731 1676 762 1704 aut
773 1681 804 1704 ve-

103 1723 159 1757 nandi
171 1722 231 1757 studio
241 1723 311 1765 intenti,
321 1728 352 1756 aut
364 1722 467 1766 questuosis
479 1723 557 1767 negotiis
567 1722 628 1766 dediti,
637 1734 670 1757 seu
681 1723 804 1757 fornicationis

72 1787 95 1817 v30
103 1776 199 1812 insolentia
214 1776 309 1820 deturpati,
325 1782 393 1810 etatem
408 1786 462 1820 agere
478 1777 566 1818 solebant,
582 1781 612 1810 aut
627 1776 708 1810 districta
723 1776 804 1811 animad-

102 1830 187 1865 uersione
199 1829 279 1865 decreuit
291 1830 421 1870 cohercendos,
431 1835 461 1863 aut
473 1830 496 1863 de
507 1830 590 1864 ecclesiis
602 1830 728 1873 expellendos.
750 1830 804 1864 Vnde

102 1883 169 1918 facturn
183 1886 241 1917 estut
255 1883 370 1926 quarundam
381 1881 524 1917 clarissimarum
535 1882 653 1917 ecclesiarum
665 1882 749 1925 ministri,
761 1885 805 1918 dum

101 1938 214 1980 voluptatem
222 1936 312 1970 honestati
320 1936 429 1979 preferrent,
437 1936 495 1980 regali
502 1937 596 1970 sanctione
606 1938 630 1970 de
640 1937 711 1970 eisdem
722 1937 804 1971 ecclesiis

102 1989 180 2033 expulsi,
190 1988 296 2023 melioribus
307 1999 327 2023 se
338 1995 356 2024 et
367 1989 442 2023 alterius
452 1989 521 2023 ordinis
528 1989 573 2024 viris
584 2000 617 2023 sua
627 1989 666 2024 loca
674 1989 804 2034 relinquerent.

75 2052 94 2082 35
104 2035 173 2076 Hostis
184 2041 233 2076 enim
243 2041 332 2084 antiquus,
342 2041 397 2075 totius
409 2042 486 2075 ecclesie
497 2042 563 2086 gaudia
574 2043 651 2086 cupiens
659 2042 767 2085 disturbare,
775 2053 805 2077 ac-

102 2095 163 2129 cendit
174 2095 256 2128 animum
268 2095 316 2137 regis
328 2094 347 2128 in
357 2105 440 2128 amorem
450 2096 484 2129 deo
495 2101 566 2129 sacrate
573 2096 659 2139 virginis:
670 2102 690 2129 vt
698 2096 805 2139 quoniame

102 2147 174 2182 tramite
185 2146 255 2182 iusticie
264 2147 381 2183 Dunstanum
389 2148 467 2183 deiicere
479 2160 516 2183 non
527 2155 646 2193 posset-eum
654 2159 709 2194 quem
717 2150 805 2195 precipue

103 2201 189 2245 diligebat
200 2201 292 2236 deiiceret.
315 2202 421 2247 Perpetrato
432 2202 493 2247 itaque
504 2203 523 2237 in
534 2203 624 2247 virginem
635 2204 713 2238 velatam
724 2209 805 2247 peccato,

103 2262 157 2299 atque
170 2257 193 2289 ad
205 2254 297 2298 publicam
309 2255 372 2299 populi
387 2257 497 2289 audientiam
512 2257 588 2299 perlato,
601 2257 709 2289 Dunstanus
722 2261 759 2289 tam
771 2267 805 2300 pro

76 2322 96 2352 40
103 2309 157 2351 culpa
168 2318 223 2351 quam
233 2318 267 2351 pro
278 2308 327 2352 regis
336 2307 410 2342 infamia
419 2308 528 2352 grauissimo
538 2309 600 2343 dolore
611 2308 692 2351 affectus,
701 2319 744 2342 mox
754 2308 805 2343 illum

103 2361 160 2396 veluti
174 2362 252 2396 alterum
269 2362 328 2395 Dauid
344 2363 491 2405 redarguendum
508 2362 555 2397 alter
569 2362 599 2396 ille
615 2363 687 2396 Nathan
703 2361 805 2405 intrepidus

104 2414 153 2449 adiit,
175 2414 209 2449 Cui
217 2425 317 2458 assurgens
324 2426 358 2449 rex
366 2426 407 2449 curn
415 2426 490 2449 manum
498 2416 611 2458 extenderet,
618 2420 638 2450 vt
648 2426 691 2449 eum
701 2416 724 2448 ad
735 2415 806 2458 regium

104 2467 189 2501 thronum
200 2467 309 2510 deduceret;
321 2467 352 2502 ille
363 2478 443 2502 renuens
455 2478 530 2502 manum
541 2468 591 2511 dare,
599 2467 661 2502 oculos
671 2477 713 2501 cum
722 2467 805 2512 indigna-

125 2539 130 2556 ¹
141 2539 158 2569 E.
166 2540 203 2570 cele.
299 2541 305 2559 ²
315 2541 332 2571 T.
341 2541 371 2571 Hic
378 2542 472 2579 requiescit3
483 2541 500 2572 E.
509 2542 608 2581 Requiescat.
701 2540 707 2559 ³
718 2541 735 2572 E.
743 2541 806 2573 celibre.

104 2578 111 2596 4
121 2579 142 2610 al.
150 2579 235 2610 forinsecis.
296 2581 302 2599 ⁵
313 2581 330 2611 E.
339 2591 419 2613 reuocare.
793 2595 798 2600 ·⁴
