1762 2803
235 94 281 150 Ul
296 91 396 146 &811ssss
412 91 532 145 tiolttioo.
701 108 743 152 193

41 225 75 250 rex
86 215 183 258 Pictorum,
193 216 273 251 Colsrido
284 216 344 250 abbati
355 215 432 250 nuncios
442 215 497 257 misit,
504 216 524 249 in
533 214 601 260 regulis
610 215 702 259 paschalis
712 216 744 248 ob-

42 269 135 303 seruantie
143 274 161 303 et
172 270 195 303 de
204 270 259 304 modo
269 275 344 303 tonsure
355 268 463 303 clericorum
473 268 546 302 edoceri
558 279 592 313 per
602 267 672 302 litteras
681 273 745 312 postu-

42 321 93 363 lans;
106 323 139 356 sed
147 327 165 356 et
173 323 280 357 architectos
288 322 323 356 sibi
331 322 376 356 mitti
385 322 441 366 petiit.
464 322 497 356 Cui
509 322 558 356 idem
569 321 626 356 abbas
636 321 745 355 architectos

43 373 92 408 misit
104 375 135 418 qui
147 375 197 409 iuxta
210 386 281 410 morem
294 375 420 409 Romanorum
433 374 529 409 ecclesiam
544 374 568 409 de
583 373 643 417 lapide
657 373 745 408 fabricare

43 432 130 470 possent3
147 428 201 461 simul
213 433 231 462 et
242 428 316 467 litteras,
328 427 370 462 talia
381 428 506 462 continentes:
523 420 618 462 ‘Domino
630 426 763 461 excellentis-5

44 479 90 513 simo
96 484 113 512 et
118 479 250 522 gloriosissimo
255 481 294 523 regi
300 480 384 520 Naitano,
391 479 482 514 Collridus
488 480 550 521 abbas,
555 481 574 514 in
581 480 656 513 domino
662 478 746 513 salutern.

44 530 156 566 Catholicam
171 534 229 567 sancti
243 532 312 578 pasche
327 533 467 575 obseruantiam,
482 543 537 576 quam
555 544 566 566 a
584 533 643 574 nobis,
658 543 692 566 rex
711 532 746 565 deo

43 584 115 626 deuote,
125 585 209 629 religioso
219 587 279 621 studio
291 586 373 630 quesisti,
382 585 432 619 iuxta
442 586 490 630 quod
501 586 524 619 ab
535 585 634 630 apostolica
646 586 691 620 sede
700 585 745 619 didi-

44 637 107 679 cimus,
119 643 150 671 tuo
162 639 253 673 desiderio
267 639 388 672 libentissime
403 638 520 672 satisfacere¹
536 638 640 681 satagimus.
671 638 745 672 Scimus

44 699 124 734 namque
132 690 196 725 celitus
206 691 282 726 ecclesie
293 696 356 726 sancte
366 691 458 733 donatum,
467 692 552 735 quotiens
561 690 596 736 ipsi
605 701 667 725 rerum
676 690 745 725 domini
757 694 775 717 ¹0

45 743 137 785 discende‚
146 745 233 786 docende,
241 744 360 779 custodiende
369 745 440 778 veritati
451 754 526 788 operam
536 744 650 787 impendunt.
673 743 720 777 Nam
728 749 746 777 et

44 805 88 829 vere
101 797 176 831 omnino
190 798 235 831 dixit
248 797 322 842 quidam
335 796 444 831 secularium
458 797 573 840 scriptorum,
585 797 627 840 quia
640 796 746 830 felicissimo

45 850 125 884 mundus
137 855 185 885 statu
195 856 284 894 ageretur,
294 850 310 884 si
319 850 349 884 vel
359 860 413 892 reges
422 849 601 893 philosopharentur,
609 849 639 883 vel
649 854 747 893 regnarent

44 900 155 946 philosophi.
178 903 232 945 Quod
241 903 257 937 si
266 903 290 936 de
297 902 414 945 philosophia
423 902 477 936 huius
485 902 549 935 mundi
557 912 601 936 vere
608 901 717 945 intelligere,
725 902 748 935 de

47 958 95 988 statu
103 954 157 990 huius
168 956 232 989 mundi
240 954 305 989 merito
313 955 389 999 diligere
397 955 455 998 potuit
462 954 518 988 homo
524 954 578 989 huius
585 955 658 997 mundi;
671 960 747 999 quanto·
758 960 776 990 15

46 1009 104 1050 magis
112 1009 182 1042 ciuibus
189 1010 248 1051 patrie
256 1008 329 1042 celestis
335 1009 354 1042 in
363 1009 396 1041 hoc
405 1009 474 1042 mundo
481 1008 640 1051 peregrinantibus
648 1008 748 1051 optandum

46 1064 74 1093 est
82 1065 100 1093 et
108 1061 150 1094 totis
157 1060 226 1094 viribus
234 1060 290 1094 animi
299 1060 445 1104 supplicandum,
451 1065 476 1102 vt,
482 1070 519 1103 quo
526 1060 569 1104 plus
576 1061 595 1094 in
603 1060 673 1094 mundo
680 1059 748 1104 quique

45 1112 113 1155 valent,
121 1124 143 1146 eo
154 1114 232 1157 amplius
240 1116 280 1147 eius
288 1114 318 1157 qui
327 1123 383 1157 super
393 1113 455 1146 omnia
465 1117 493 1146 est
503 1113 569 1147 iudicis
578 1113 669 1147 mandatis
677 1112 749 1146 auscul-

46 1170 85 1200 tare
93 1167 209 1208 contendant,
217 1171 271 1210 atque
279 1167 302 1200 ad
310 1166 344 1200 hec
352 1166 468 1200 obseruanda
476 1176 539 1200 secum
550 1176 582 1200 eos
592 1176 665 1210 quoque
674 1165 705 1210 qul
713 1165 748 1199 sibi

47 1219 140 1252 commissi
145 1224 193 1260 sunt,
201 1219 325 1262 ettexemplis
331 1218 386 1252 simul
392 1223 409 1251 et
417 1219 523 1252 auctoritate
530 1219 629 1252 instituant.
651 1219 699 1252 Tres
705 1223 749 1251 sunt
758 1225 777 1246 ²0

46 1280 90 1314 ergo
101 1272 164 1316 regule
176 1272 233 1306 sacris
244 1271 301 1306 indite
314 1271 384 1313 litteris,
396 1271 462 1315 quibus
475 1271 544 1315 pasche
557 1270 661 1305 celebrandi
674 1277 749 1315 tempus

47 1324 101 1357 nobis
115 1325 226 1367 prefinitum,
238 1324 289 1357 nulla
303 1334 379 1367 prorsus
396 1324 477 1357 humana
494 1324 537 1358 licet
552 1324 657 1358 auctoritate
672 1324 749 1365 mutarn

47 1376 131 1419 equibus
139 1378 175 1411 due
183 1376 201 1411 in
210 1377 250 1420 lege
259 1376 319 1420 Moysi
329 1376 416 1411 diuinitus
426 1380 498 1418 statute,
507 1376 560 1410 tertia
569 1376 588 1410 in
598 1374 706 1420 euangelio³
716 1385 751 1420 per

48 1428 132 1463 effectum
140 1429 230 1463 dominice
238 1429 330 1474 passionis
339 1436 357 1463 et
367 1428 507 1464 resurrectionis
516 1430 601 1464 adiuncta
610 1435 643 1464 est.
666 1430 750 1473 Precepit

48 1481 98 1514 enim
111 1481 142 1515 lex
154 1487 174 1515 vt
187 1482 255 1525 pascha
268 1482 327 1524 primo
340 1492 405 1515 mense
418 1484 468 1523 anni,
481 1487 499 1515 et
514 1483 567 1515 tertia
582 1482 665 1515 eiusdem
680 1482 751 1515 mensis
760 1489 779 1518 ¹5

49 1534 156 1577 septimana,
169 1534 187 1568 id
199 1539 227 1568 est
240 1545 251 1568 a
262 1534 395 1578 quintadecima
406 1534 436 1568 die
446 1544 506 1578 vsque
517 1534 540 1568 ad
550 1534 656 1569 vicesimam
668 1533 752 1579 primam,

49 1587 88 1620 fieri
104 1588 190 1630 deberet;
206 1588 287 1622 additum
299 1593 327 1621 est
338 1598 373 1632 per
383 1587 516 1621 institutionem
528 1587 647 1632 apostolicam
659 1598 683 1622 ex
696 1597 751 1621 euan-

48 1639 101 1682 gelio,
109 1645 128 1673 vt
136 1641 154 1673 in
165 1640 206 1683 ipsa
214 1641 267 1674 tertia
276 1642 379 1683 septimana
388 1640 437 1673 diem
446 1640 556 1674 dominicam
564 1645 662 1684 expectare
670 1646 724 1683 atque
732 1640 751 1673 in

49 1702 71 1725 ea
85 1693 173 1736 temporis
188 1693 280 1736 paschalis
295 1692 367 1727 initium
382 1698 445 1726 tenere
460 1693 566 1728 debeamus.
590 1693 650 1735 Quam
664 1693 749 1727 videlicet

49 1745 131 1788 regulam
139 1745 240 1779 triformem
248 1746 331 1789 quisquis
338 1746 372 1779 rite
382 1746 492 1786 custodierit,
500 1756 595 1790 nunquam
606 1746 625 1779 in
635 1746 752 1779 annotatione
761 1754 780 1783 so

50 1797 92 1831 festi
100 1797 192 1840 paschalis
200 1798 271 1831 errabit.
294 1797 363 1831 Verum
371 1798 386 1830 si
395 1798 418 1831 de
426 1798 455 1831 his
463 1798 540 1840 singulis
548 1798 661 1832 enucleatius
668 1809 689 1832 ac
698 1798 752 1832 latius

50 1850 112 1884 audire
121 1850 226 1892 desideras;
239 1848 364 1893 scriptumest
375 1851 393 1884 in
406 1850 476 1892 Exodo,
486 1850 516 1884 vbi
526 1850 632 1885 liberandus
643 1851 666 1884 de
679 1850 752 1893 Egypto

50 1903 129 1947 populus
136 1903 193 1937 lsrael
199 1903 279 1946 primum
286 1902 355 1945 pascha
362 1901 422 1936 facere
429 1903 506 1944 iubetur,
511 1903 554 1946 quia
561 1902 627 1936 dixerit
635 1903 721 1936 dominus
728 1903 752 1936 ad

51 1955 130 2000 Moysen
140 1962 159 1990 et
167 1955 240 1990 Aaron:
252 1954 341 1989 “Mensis
351 1956 386 1989 iste
396 1955 449 1990 uobis
459 1955 569 2000 principium
579 1956 671 1990 mensium
680 1955 753 2000 primus

51 2009 85 2044 erit
100 2010 119 2043 in
134 2009 228 2044 mensibus
243 2008 292 2043 anni.
315 2007 419 2052 Loquimini
434 2009 457 2043 ad
473 2008 580 2043 vniuersum
595 2014 656 2042 cetum
673 2008 752 2042 filiorum
762 2018 780 2048 35

52 2062 109 2095 Israel
123 2069 141 2096 et
154 2062 207 2095 dieite
219 2063 257 2095 eis:
275 2061 350 2094 Decima
361 2062 391 2094 die
406 2062 476 2095 mensis
491 2061 546 2095 huius
560 2061 611 2095 tollat
626 2061 752 2105 unusquisque

51 2125 119 2159 agnum
128 2125 162 2160 per
171 2114 248 2148 familias
258 2118 275 2147 et
287 2114 352 2147 domos
363 2114 422 2147 suas.¹’
445 2114 469 2149 Et
478 2113 587 2159 paulopost:
605 2114 615 2131 ‘¹
621 2114 644 2148 Et
655 2114 752 2148 seruabitis

51 2179 94 2200 eurn
105 2179 164 2211 vsque
177 2168 200 2200 ad
213 2167 385 2210 quartamdecimam
398 2167 448 2199 diem
460 2167 532 2199 mensis
543 2167 603 2208 huius,
614 2166 753 2210 immolabitque

52 2230 95 2254 eum
109 2221 196 2255 vniuersa
211 2219 306 2254 multitudo
324 2219 403 2252 filiorum
420 2218 489 2253 Israel⁴
504 2219 528 2253 ad
545 2219 657 2263 vesperam.’¹
683 2217 754 2260 Quibus

52 2273 113 2307 verbis
121 2272 218 2307 manifeste
225 2276 295 2306 constat
303 2271 352 2315 quod
360 2272 384 2304 ita
392 2272 411 2305 in
419 2271 547 2305 obseruatione
555 2271 636 2315 paschali
644 2270 725 2305 menti0⁵
734 2271 754 2305 fit
762 2280 783 2311 40

52 2327 89 2360 diei
101 2326 241 2370 quartedecime,
251 2325 281 2359 vt⁵
291 2335 329 2358 non
339 2330 401 2358 tamen
413 2325 431 2357 in
443 2325 483 2368 ipsa
495 2324 525 2358 die
538 2325 673 2368 quartadecima
685 2324 756 2368 pascha

52 2379 93 2413 fieri
100 2379 221 2424 precipiatur;
233 2378 266 2413 sed
276 2378 386 2411 adueniente
396 2378 471 2412 tandem
478 2387 557 2421 vespera
566 2377 603 2411 diei
615 2377 756 2421 quartedecime,

53 2432 108 2466 idest
118 2432 253 2476 quintadecima
263 2431 311 2473 luna,
319 2442 355 2474 que
366 2430 438 2464 initium
448 2430 501 2464 tertie
511 2431 615 2475 septimane
626 2430 685 2474 saciat,
693 2431 712 2465 in
723 2431 757 2466 celi

74 2510 232 2549 ¹Bed.patesaeere.
277 2509 351 2540 'aloia
397 2508 518 2546 ³E.euagalio.
559 2508 657 2540 ⁴om.inT.
697 2509 731 2540 1Τ.
739 2510 757 2540 Ε.

54 2551 118 2581 mensis.
178 2550 211 2581 8Τ.
219 2551 237 2582 E.
246 2555 266 2581 et.
329 2573 331 2575 -

399 2609 411 2633 0
