<?xml version="1.0" encoding="UTF-8"?>
<!DOCTYPE html PUBLIC "-//W3C//DTD XHTML 1.0 Transitional//EN"
    "http://www.w3.org/TR/xhtml1/DTD/xhtml1-transitional.dtd">
<html xmlns="http://www.w3.org/1999/xhtml" xml:lang="en" lang="en">
 <head>
  <title>
</title>
<meta http-equiv="Content-Type" content="text/html;charset=utf-8" />
  <meta name='ocr-system' content='tesseract 3.04.00' />
  <meta name='ocr-capabilities' content='ocr_page ocr_carea ocr_par ocr_line ocrx_word'/>
</head>
<body>
  <div class='ocr_page' id='page_1' title='image "./MN5111ucmf_0/MN5111ucmf_0_0794.png"; bbox 0 0 1762 2803; ppageno 0'>
   <div class='ocr_carea' id='block_1_1' title="bbox 129 102 649 190">
    <p class='ocr_par' dir='ltr' id='par_1_1' title="bbox 129 102 649 190">
     <span class='ocr_line' id='line_1_1' title="bbox 129 102 649 190; baseline 0.012 -18"><span class='ocrx_word' id='word_1_1' title='bbox 129 102 180 186; x_wconf 66' lang='lat'>&#39;178</span> <span class='ocrx_word' id='word_1_2' title='bbox 230 186 231 190; x_wconf 7' lang='grc' dir='ltr'><strong>Ἰ</strong></span> <span class='ocrx_word' id='word_1_3' title='bbox 330 128 409 181; x_wconf 72' lang='lat' dir='ltr'>mona</span> <span class='ocrx_word' id='word_1_4' title='bbox 425 124 541 189; x_wconf 68' lang='lat' dir='ltr'>trauca</span> <span class='ocrx_word' id='word_1_5' title='bbox 557 125 649 189; x_wconf 66' lang='lat' dir='ltr'>ababa</span> 
     </span>
    </p>
   </div>
   <div class='ocr_carea' id='block_1_2' title="bbox 112 247 843 2406">
    <p class='ocr_par' dir='ltr' id='par_1_2' title="bbox 112 247 843 2406">
     <span class='ocr_line' id='line_1_2' title="bbox 138 247 839 294; baseline 0 -11"><span class='ocrx_word' id='word_1_6' title='bbox 138 251 193 284; x_wconf 89' lang='lat' dir='ltr'>etiam</span> <span class='ocrx_word' id='word_1_7' title='bbox 204 250 257 294; x_wconf 90' lang='lat' dir='ltr'>panis</span> <span class='ocrx_word' id='word_1_8' title='bbox 270 249 372 291; x_wconf 73' lang='lat' dir='ltr'>sanctioni</span> <span class='ocrx_word' id='word_1_9' title='bbox 385 249 415 283; x_wconf 90' lang='lat' dir='ltr'>ille</span> <span class='ocrx_word' id='word_1_10' title='bbox 427 248 551 292; x_wconf 81' lang='lat' dir='ltr'><strong>participabat,</strong></span> <span class='ocrx_word' id='word_1_11' title='bbox 564 259 605 283; x_wconf 90' lang='lat' dir='ltr'>esse</span> <span class='ocrx_word' id='word_1_12' title='bbox 618 248 722 292; x_wconf 82' lang='lat' dir='ltr'>participes.</span> <span class='ocrx_word' id='word_1_13' title='bbox 745 247 765 282; x_wconf 86' lang='lat' dir='ltr'>Si</span> <span class='ocrx_word' id='word_1_14' title='bbox 779 254 839 283; x_wconf 87' lang='lat' dir='ltr'>autem</span> 
     </span>
     <span class='ocr_line' id='line_1_3' title="bbox 137 300 841 346; baseline -0.001 -10"><span class='ocrx_word' id='word_1_15' title='bbox 137 303 243 338; x_wconf 87' lang='lat' dir='ltr'>lauachrum</span> <span class='ocrx_word' id='word_1_16' title='bbox 249 304 286 336; x_wconf 91' lang='lat' dir='ltr'>vite</span> <span class='ocrx_word' id='word_1_17' title='bbox 294 303 427 346; x_wconf 68' lang='lat' dir='ltr'>contempnitis,</span> <span class='ocrx_word' id='word_1_18' title='bbox 435 302 539 336; x_wconf 86' lang='lat' dir='ltr'>nullatenus</span> <span class='ocrx_word' id='word_1_19' title='bbox 547 312 614 346; x_wconf 87' lang='lat' dir='ltr'>panem</span> <span class='ocrx_word' id='word_1_20' title='bbox 620 301 656 336; x_wconf 87' lang='lat' dir='ltr'>vite</span> <span class='ocrx_word' id='word_1_21' title='bbox 664 300 760 345; x_wconf 89' lang='lat' dir='ltr'>percipere</span> <span class='ocrx_word' id='word_1_22' title='bbox 765 301 841 336; x_wconf 67' lang='lat' dir='ltr'>valetis!</span> 
     </span>
     <span class='ocr_line' id='line_1_4' title="bbox 139 354 840 398; baseline -0.003 -8"><span class='ocrx_word' id='word_1_23' title='bbox 139 355 162 390; x_wconf 85' lang='lat' dir='ltr'>Et</span> <span class='ocrx_word' id='word_1_24' title='bbox 171 356 207 390; x_wconf 86' lang='lat' dir='ltr'>illi:</span> <span class='ocrx_word' id='word_1_25' title='bbox 220 355 326 397; x_wconf 65' lang='lat' dir='ltr'>‘Nolumus</span> <span class='ocrx_word' id='word_1_26' title='bbox 336 355 424 398; x_wconf 87' lang='lat' dir='ltr'>inquiunt,</span> <span class='ocrx_word' id='word_1_27' title='bbox 434 355 502 388; x_wconf 85' lang='lat' dir='ltr'>fontem</span> <span class='ocrx_word' id='word_1_28' title='bbox 513 354 564 387; x_wconf 92' lang='lat' dir='ltr'>illum</span> <span class='ocrx_word' id='word_1_29' title='bbox 574 354 648 395; x_wconf 89' lang='lat' dir='ltr'>intrare,</span> <span class='ocrx_word' id='word_1_30' title='bbox 656 354 698 397; x_wconf 90' lang='lat' dir='ltr'>quia</span> <span class='ocrx_word' id='word_1_31' title='bbox 708 364 742 387; x_wconf 88' lang='lat' dir='ltr'>nec</span> <span class='ocrx_word' id='word_1_32' title='bbox 753 364 799 397; x_wconf 88' lang='lat' dir='ltr'>opus</span> <span class='ocrx_word' id='word_1_33' title='bbox 810 355 840 388; x_wconf 88' lang='lat' dir='ltr'>illo</span> 
     </span>
     <span class='ocr_line' id='line_1_5' title="bbox 138 406 839 450; baseline 0.001 -9"><span class='ocrx_word' id='word_1_34' title='bbox 138 420 172 442; x_wconf 89' lang='lat' dir='ltr'>nos</span> <span class='ocrx_word' id='word_1_35' title='bbox 184 409 252 442; x_wconf 86' lang='lat' dir='ltr'>habere</span> <span class='ocrx_word' id='word_1_36' title='bbox 265 408 356 449; x_wconf 76' lang='lat' dir='ltr'>nouimus,</span> <span class='ocrx_word' id='word_1_37' title='bbox 372 408 405 442; x_wconf 92' lang='lat' dir='ltr'>sed</span> <span class='ocrx_word' id='word_1_38' title='bbox 417 414 479 441; x_wconf 90' lang='lat' dir='ltr'>tamen</span> <span class='ocrx_word' id='word_1_39' title='bbox 493 419 541 450; x_wconf 88' lang='lat' dir='ltr'>pane</span> <span class='ocrx_word' id='word_1_40' title='bbox 555 406 586 441; x_wconf 90' lang='lat' dir='ltr'>illo</span> <span class='ocrx_word' id='word_1_41' title='bbox 601 406 662 442; x_wconf 87' lang='lat' dir='ltr'>refici¹</span> <span class='ocrx_word' id='word_1_42' title='bbox 675 407 770 442; x_wconf 64' lang='lat' dir='ltr'>volumus!</span> <span class='ocrx_word' id='word_1_43' title='bbox 793 407 839 443; x_wconf 82' lang='lat' dir='ltr'>Cum</span> 
     </span>
     <span class='ocr_line' id='line_1_6' title="bbox 121 458 840 507; baseline -0.001 -11"><span class='ocrx_word' id='word_1_44' title='bbox 121 474 129 505; x_wconf 80' lang='lat'><strong>5</strong></span> <span class='ocrx_word' id='word_1_45' title='bbox 138 473 182 507; x_wconf 85' lang='lat' dir='ltr'>ergo</span> <span class='ocrx_word' id='word_1_46' title='bbox 188 462 252 495; x_wconf 87' lang='lat' dir='ltr'>beatus</span> <span class='ocrx_word' id='word_1_47' title='bbox 258 460 338 495; x_wconf 89' lang='lat' dir='ltr'>Mellitus</span> <span class='ocrx_word' id='word_1_48' title='bbox 345 460 415 495; x_wconf 85' lang='lat' dir='ltr'>infestis</span> <span class='ocrx_word' id='word_1_49' title='bbox 424 459 458 495; x_wconf 84' lang='lat' dir='ltr'>sibi</span> <span class='ocrx_word' id='word_1_50' title='bbox 464 460 537 505; x_wconf 84' lang='lat' dir='ltr'>regibus</span> <span class='ocrx_word' id='word_1_51' title='bbox 543 460 704 495; x_wconf 63' lang='lat' dir='ltr'>idolatrislcrebra</span> <span class='ocrx_word' id='word_1_52' title='bbox 710 458 840 495; x_wconf 78' lang='lat' dir='ltr'>ammonitione</span> 
     </span>
     <span class='ocr_line' id='line_1_7' title="bbox 138 512 840 558; baseline 0 -8"><span class='ocrx_word' id='word_1_53' title='bbox 138 517 237 556; x_wconf 85' lang='lat' dir='ltr'>resisteret,</span> <span class='ocrx_word' id='word_1_54' title='bbox 245 515 307 548; x_wconf 88' lang='lat' dir='ltr'>dicens</span> <span class='ocrx_word' id='word_1_55' title='bbox 319 514 389 547; x_wconf 92' lang='lat' dir='ltr'>nullum</span> <span class='ocrx_word' id='word_1_56' title='bbox 401 525 456 558; x_wconf 87' lang='lat' dir='ltr'>posse</span> <span class='ocrx_word' id='word_1_57' title='bbox 468 514 535 548; x_wconf 89' lang='lat' dir='ltr'>diuinis</span> <span class='ocrx_word' id='word_1_58' title='bbox 547 515 666 548; x_wconf 79' lang='lat' dir='ltr'>sacramentis</span> <span class='ocrx_word' id='word_1_59' title='bbox 677 512 781 557; x_wconf 86' lang='lat' dir='ltr'>participari</span> <span class='ocrx_word' id='word_1_60' title='bbox 786 512 797 553; x_wconf 79' lang='lat'>³,</span> <span class='ocrx_word' id='word_1_61' title='bbox 806 513 840 550; x_wconf 90' lang='lat' dir='ltr'>nisi</span> 
     </span>
     <span class='ocr_line' id='line_1_8' title="bbox 138 567 841 611; baseline 0 -9"><span class='ocrx_word' id='word_1_62' title='bbox 138 567 248 603; x_wconf 84' lang='lat' dir='ltr'>sacrofonte</span> <span class='ocrx_word' id='word_1_63' title='bbox 258 567 349 609; x_wconf 81' lang='lat' dir='ltr'>ablutum3</span> <span class='ocrx_word' id='word_1_64' title='bbox 361 568 384 601; x_wconf 81' lang='lat' dir='ltr'>ad</span> <span class='ocrx_word' id='word_1_65' title='bbox 392 567 475 601; x_wconf 88' lang='lat' dir='ltr'>vltimum</span> <span class='ocrx_word' id='word_1_66' title='bbox 484 567 545 601; x_wconf 81' lang='lat' dir='ltr'>surore</span> <span class='ocrx_word' id='word_1_67' title='bbox 552 568 643 609; x_wconf 86' lang='lat' dir='ltr'>commoti,</span> <span class='ocrx_word' id='word_1_68' title='bbox 651 567 761 611; x_wconf 84' lang='lat' dir='ltr'>expulerunt</span> <span class='ocrx_word' id='word_1_69' title='bbox 770 577 811 599; x_wconf 91' lang='lat' dir='ltr'>eum</span> <span class='ocrx_word' id='word_1_70' title='bbox 820 578 841 602; x_wconf 85' lang='lat' dir='ltr'>ac</span> 
     </span>
     <span class='ocr_line' id='line_1_9' title="bbox 138 619 841 663; baseline -0.003 -8"><span class='ocrx_word' id='word_1_71' title='bbox 138 622 162 655; x_wconf 90' lang='lat' dir='ltr'>de</span> <span class='ocrx_word' id='word_1_72' title='bbox 169 631 203 655; x_wconf 89' lang='lat' dir='ltr'>suo</span> <span class='ocrx_word' id='word_1_73' title='bbox 211 631 268 663; x_wconf 88' lang='lat' dir='ltr'>regno</span> <span class='ocrx_word' id='word_1_74' title='bbox 277 631 318 653; x_wconf 87' lang='lat' dir='ltr'>cum</span> <span class='ocrx_word' id='word_1_75' title='bbox 326 620 364 654; x_wconf 88' lang='lat' dir='ltr'>suis</span> <span class='ocrx_word' id='word_1_76' title='bbox 372 620 422 653; x_wconf 91' lang='lat' dir='ltr'>abire</span> <span class='ocrx_word' id='word_1_77' title='bbox 430 620 528 654; x_wconf 84' lang='lat' dir='ltr'>iusserunt.</span> <span class='ocrx_word' id='word_1_78' title='bbox 551 619 681 653; x_wconf 87' lang='lat' dir='ltr'>Discesserunt</span> <span class='ocrx_word' id='word_1_79' title='bbox 690 620 751 663; x_wconf 85' lang='lat' dir='ltr'>itaque</span> <span class='ocrx_word' id='word_1_80' title='bbox 760 620 841 654; x_wconf 84' lang='lat' dir='ltr'>Mellitus</span> 
     </span>
     <span class='ocr_line' id='line_1_10' title="bbox 138 672 842 716; baseline 0.003 -10"><span class='ocrx_word' id='word_1_81' title='bbox 138 680 156 707; x_wconf 91' lang='lat' dir='ltr'>et</span> <span class='ocrx_word' id='word_1_82' title='bbox 169 674 229 706; x_wconf 86' lang='lat' dir='ltr'>Iustus</span> <span class='ocrx_word' id='word_1_83' title='bbox 242 674 264 706; x_wconf 92' lang='lat' dir='ltr'>ad</span> <span class='ocrx_word' id='word_1_84' title='bbox 276 677 338 715; x_wconf 83' lang='lat' dir='ltr'>partes</span> <span class='ocrx_word' id='word_1_85' title='bbox 350 672 413 714; x_wconf 83' lang='lat' dir='ltr'>Gallie,</span> <span class='ocrx_word' id='word_1_86' title='bbox 425 672 449 706; x_wconf 94' lang='lat' dir='ltr'>ibi</span> <span class='ocrx_word' id='word_1_87' title='bbox 462 683 523 707; x_wconf 92' lang='lat' dir='ltr'>rerum</span> <span class='ocrx_word' id='word_1_88' title='bbox 537 672 594 707; x_wconf 86' lang='lat' dir='ltr'>finem</span> <span class='ocrx_word' id='word_1_89' title='bbox 605 678 703 716; x_wconf 82' lang='lat' dir='ltr'>expectare</span> <span class='ocrx_word' id='word_1_90' title='bbox 716 672 842 715; x_wconf 68' lang='lat' dir='ltr'>disponentes</span> 
     </span>
     <span class='ocr_line' id='line_1_11' title="bbox 112 724 841 770; baseline -0.003 -9"><span class='ocrx_word' id='word_1_91' title='bbox 112 738 130 761; x_wconf 88' lang='lat'>10</span> <span class='ocrx_word' id='word_1_92' title='bbox 139 726 180 761; x_wconf 88' lang='lat' dir='ltr'>Non</span> <span class='ocrx_word' id='word_1_93' title='bbox 194 725 250 760; x_wconf 89' lang='lat' dir='ltr'>multo</span> <span class='ocrx_word' id='word_1_94' title='bbox 264 730 306 770; x_wconf 86' lang='lat' dir='ltr'>post</span> <span class='ocrx_word' id='word_1_95' title='bbox 321 730 404 769; x_wconf 87' lang='lat' dir='ltr'>tempore</span> <span class='ocrx_word' id='word_1_96' title='bbox 419 724 451 759; x_wconf 91' lang='lat' dir='ltr'>filii</span> <span class='ocrx_word' id='word_1_97' title='bbox 466 724 544 768; x_wconf 78' lang='lat' dir='ltr'>saberti,</span> <span class='ocrx_word' id='word_1_98' title='bbox 558 725 628 769; x_wconf 84' lang='lat' dir='ltr'>egressi</span> <span class='ocrx_word' id='word_1_99' title='bbox 641 729 704 760; x_wconf 88' lang='lat' dir='ltr'>contra</span> <span class='ocrx_word' id='word_1_100' title='bbox 718 729 792 769; x_wconf 81' lang='lat' dir='ltr'>gentem</span> <span class='ocrx_word' id='word_1_101' title='bbox 806 724 841 759; x_wconf 89' lang='lat' dir='ltr'>Ge-</span> 
     </span>
     <span class='ocr_line' id='line_1_12' title="bbox 138 777 841 822; baseline 0 -8"><span class='ocrx_word' id='word_1_102' title='bbox 138 780 236 814; x_wconf 87' lang='lat' dir='ltr'>wissorum</span> <span class='ocrx_word' id='word_1_103' title='bbox 250 778 269 812; x_wconf 88' lang='lat' dir='ltr'>in</span> <span class='ocrx_word' id='word_1_104' title='bbox 285 777 367 822; x_wconf 87' lang='lat' dir='ltr'>prelium,</span> <span class='ocrx_word' id='word_1_105' title='bbox 383 790 447 813; x_wconf 88' lang='lat' dir='ltr'>omnes</span> <span class='ocrx_word' id='word_1_106' title='bbox 463 779 532 822; x_wconf 86' lang='lat' dir='ltr'>pariter</span> <span class='ocrx_word' id='word_1_107' title='bbox 546 789 588 813; x_wconf 87' lang='lat' dir='ltr'>cum</span> <span class='ocrx_word' id='word_1_108' title='bbox 603 789 636 813; x_wconf 85' lang='lat' dir='ltr'>sua</span> <span class='ocrx_word' id='word_1_109' title='bbox 651 778 714 813; x_wconf 89' lang='lat' dir='ltr'>militia</span> <span class='ocrx_word' id='word_1_110' title='bbox 730 785 841 814; x_wconf 86' lang='lat' dir='ltr'>corruerunt.</span> 
     </span>
     <span class='ocr_line' id='line_1_13' title="bbox 139 831 841 875; baseline 0 -9"><span class='ocrx_word' id='word_1_111' title='bbox 139 832 234 866; x_wconf 82' lang='lat' dir='ltr'>intereunt</span> <span class='ocrx_word' id='word_1_112' title='bbox 252 842 311 874; x_wconf 86' lang='lat' dir='ltr'>reges,</span> <span class='ocrx_word' id='word_1_113' title='bbox 325 836 409 875; x_wconf 88' lang='lat' dir='ltr'>pastores</span> <span class='ocrx_word' id='word_1_114' title='bbox 428 831 524 874; x_wconf 68' lang='lat' dir='ltr'>eicientes,</span> <span class='ocrx_word' id='word_1_115' title='bbox 543 833 635 865; x_wconf 86' lang='lat' dir='ltr'>intereunt</span> <span class='ocrx_word' id='word_1_116' title='bbox 653 837 723 875; x_wconf 83' lang='lat' dir='ltr'>gentes,</span> <span class='ocrx_word' id='word_1_117' title='bbox 738 832 841 866; x_wconf 89' lang='lat' dir='ltr'>doctoribus</span> 
     </span>
     <span class='ocr_line' id='line_1_14' title="bbox 139 884 841 928; baseline -0.001 -9"><span class='ocrx_word' id='word_1_118' title='bbox 139 885 251 919; x_wconf 83' lang='lat' dir='ltr'>insidiantes.</span> <span class='ocrx_word' id='word_1_119' title='bbox 274 885 309 918; x_wconf 88' lang='lat' dir='ltr'>Dei</span> <span class='ocrx_word' id='word_1_120' title='bbox 319 884 379 928; x_wconf 88' lang='lat' dir='ltr'>itaque</span> <span class='ocrx_word' id='word_1_121' title='bbox 390 885 514 919; x_wconf 84' lang='lat' dir='ltr'>misericordia</span> <span class='ocrx_word' id='word_1_122' title='bbox 525 895 558 919; x_wconf 82' lang='lat' dir='ltr'>rex</span> <span class='ocrx_word' id='word_1_123' title='bbox 566 885 665 925; x_wconf 87' lang='lat' dir='ltr'>Edbaldus,</span> <span class='ocrx_word' id='word_1_124' title='bbox 673 885 721 919; x_wconf 88' lang='lat' dir='ltr'>beati</span> <span class='ocrx_word' id='word_1_125' title='bbox 729 884 778 917; x_wconf 90' lang='lat' dir='ltr'>Petri</span> <span class='ocrx_word' id='word_1_126' title='bbox 788 895 841 928; x_wconf 90' lang='lat' dir='ltr'>apos-</span> 
     </span>
     <span class='ocr_line' id='line_1_15' title="bbox 139 936 842 980; baseline 0 -9"><span class='ocrx_word' id='word_1_127' title='bbox 139 939 170 972; x_wconf 91' lang='lat' dir='ltr'>toli</span> <span class='ocrx_word' id='word_1_128' title='bbox 181 937 340 971; x_wconf 86' lang='lat' dir='ltr'>animaduersione</span> <span class='ocrx_word' id='word_1_129' title='bbox 351 948 385 980; x_wconf 88' lang='lat' dir='ltr'>per</span> <span class='ocrx_word' id='word_1_130' title='bbox 395 937 468 971; x_wconf 87' lang='lat' dir='ltr'>beatum</span> <span class='ocrx_word' id='word_1_131' title='bbox 477 937 600 978; x_wconf 84' lang='lat' dir='ltr'>Laurentium,</span> <span class='ocrx_word' id='word_1_132' title='bbox 608 939 654 971; x_wconf 90' lang='lat' dir='ltr'>sicut</span> <span class='ocrx_word' id='word_1_133' title='bbox 663 937 682 970; x_wconf 94' lang='lat' dir='ltr'>in</span> <span class='ocrx_word' id='word_1_134' title='bbox 689 937 727 971; x_wconf 88' lang='lat' dir='ltr'>vita</span> <span class='ocrx_word' id='word_1_135' title='bbox 737 936 776 971; x_wconf 87' lang='lat' dir='ltr'>eius</span> <span class='ocrx_word' id='word_1_136' title='bbox 786 947 842 980; x_wconf 84' lang='lat' dir='ltr'>supra</span> 
     </span>
     <span class='ocr_line' id='line_1_16' title="bbox 113 989 842 1035; baseline -0.001 -10"><span class='ocrx_word' id='word_1_137' title='bbox 113 1002 130 1033; x_wconf 80' lang='lat'>15</span> <span class='ocrx_word' id='word_1_138' title='bbox 139 991 230 1033; x_wconf 87' lang='lat' dir='ltr'>inseritur,</span> <span class='ocrx_word' id='word_1_139' title='bbox 239 991 345 1035; x_wconf 87' lang='lat' dir='ltr'>baptizatus,</span> <span class='ocrx_word' id='word_1_140' title='bbox 354 996 372 1023; x_wconf 93' lang='lat' dir='ltr'>et</span> <span class='ocrx_word' id='word_1_141' title='bbox 383 991 438 1023; x_wconf 90' lang='lat' dir='ltr'>rebus</span> <span class='ocrx_word' id='word_1_142' title='bbox 446 990 523 1024; x_wconf 84' lang='lat' dir='ltr'>ecclesie</span> <span class='ocrx_word' id='word_1_143' title='bbox 530 991 549 1023; x_wconf 92' lang='lat' dir='ltr'>in</span> <span class='ocrx_word' id='word_1_144' title='bbox 558 990 642 1023; x_wconf 90' lang='lat' dir='ltr'>omnibus</span> <span class='ocrx_word' id='word_1_145' title='bbox 650 989 752 1030; x_wconf 77' lang='lat' dir='ltr'>consulens,</span> <span class='ocrx_word' id='word_1_146' title='bbox 760 989 810 1023; x_wconf 88' lang='lat' dir='ltr'>misit</span> <span class='ocrx_word' id='word_1_147' title='bbox 819 991 842 1024; x_wconf 90' lang='lat' dir='ltr'>ad</span> 
     </span>
     <span class='ocr_line' id='line_1_17' title="bbox 140 1040 842 1087; baseline 0 -9"><span class='ocrx_word' id='word_1_148' title='bbox 140 1043 228 1078; x_wconf 82' lang='lat' dir='ltr'>Galliam⁴</span> <span class='ocrx_word' id='word_1_149' title='bbox 239 1049 257 1077; x_wconf 87' lang='lat' dir='ltr'>et</span> <span class='ocrx_word' id='word_1_150' title='bbox 268 1043 360 1077; x_wconf 86' lang='lat' dir='ltr'>reuocauit</span> <span class='ocrx_word' id='word_1_151' title='bbox 369 1044 458 1077; x_wconf 82' lang='lat' dir='ltr'>Mellitum</span> <span class='ocrx_word' id='word_1_152' title='bbox 467 1040 487 1078; x_wconf 71' lang='lat' dir='ltr'>&#39;&#39;et</span> <span class='ocrx_word' id='word_1_153' title='bbox 500 1043 576 1086; x_wconf 86' lang='lat' dir='ltr'>Iustum,</span> <span class='ocrx_word' id='word_1_154' title='bbox 588 1055 655 1087; x_wconf 89' lang='lat' dir='ltr'>eosque</span> <span class='ocrx_word' id='word_1_155' title='bbox 667 1044 689 1078; x_wconf 88' lang='lat' dir='ltr'>ad</span> <span class='ocrx_word' id='word_1_156' title='bbox 701 1054 744 1077; x_wconf 88' lang='lat' dir='ltr'>suas</span> <span class='ocrx_word' id='word_1_157' title='bbox 756 1043 842 1078; x_wconf 90' lang='lat' dir='ltr'>ecclesias</span> 
     </span>
     <span class='ocr_line' id='line_1_18' title="bbox 139 1096 841 1139; baseline 0.001 -9"><span class='ocrx_word' id='word_1_158' title='bbox 139 1097 200 1131; x_wconf 90' lang='lat' dir='ltr'>redire</span> <span class='ocrx_word' id='word_1_159' title='bbox 215 1096 302 1139; x_wconf 85' lang='lat' dir='ltr'>precepit.</span> <span class='ocrx_word' id='word_1_160' title='bbox 325 1096 360 1138; x_wconf 81' lang='lat' dir='ltr'>Qui</span> <span class='ocrx_word' id='word_1_161' title='bbox 375 1102 417 1139; x_wconf 85' lang='lat' dir='ltr'>post</span> <span class='ocrx_word' id='word_1_162' title='bbox 433 1107 501 1130; x_wconf 85' lang='lat' dir='ltr'>annum</span> <span class='ocrx_word' id='word_1_163' title='bbox 517 1108 540 1131; x_wconf 86' lang='lat' dir='ltr'>ex</span> <span class='ocrx_word' id='word_1_164' title='bbox 556 1108 592 1139; x_wconf 89' lang='lat' dir='ltr'>quo</span> <span class='ocrx_word' id='word_1_165' title='bbox 607 1097 695 1138; x_wconf 85' lang='lat' dir='ltr'>abierunt,</span> <span class='ocrx_word' id='word_1_166' title='bbox 709 1097 779 1130; x_wconf 88' lang='lat' dir='ltr'>reuersi</span> <span class='ocrx_word' id='word_1_167' title='bbox 794 1104 841 1131; x_wconf 81' lang='lat' dir='ltr'>sunt.</span> 
     </span>
     <span class='ocr_line' id='line_1_19' title="bbox 140 1148 842 1191; baseline 0.001 -9"><span class='ocrx_word' id='word_1_168' title='bbox 140 1149 201 1182; x_wconf 90' lang='lat' dir='ltr'>Iustus</span> <span class='ocrx_word' id='word_1_169' title='bbox 209 1148 285 1190; x_wconf 80' lang='lat' dir='ltr'>[enim]⁵</span> <span class='ocrx_word' id='word_1_170' title='bbox 293 1149 316 1181; x_wconf 90' lang='lat' dir='ltr'>ad</span> <span class='ocrx_word' id='word_1_171' title='bbox 324 1149 415 1189; x_wconf 89' lang='lat' dir='ltr'>ciuitatem</span> <span class='ocrx_word' id='word_1_172' title='bbox 423 1149 528 1190; x_wconf 86' lang='lat' dir='ltr'>roffensem,</span> <span class='ocrx_word' id='word_1_173' title='bbox 536 1149 565 1182; x_wconf 87' lang='lat' dir='ltr'>cui</span> <span class='ocrx_word' id='word_1_174' title='bbox 573 1149 670 1191; x_wconf 84' lang='lat' dir='ltr'>prefuerat,</span> <span class='ocrx_word' id='word_1_175' title='bbox 677 1149 740 1190; x_wconf 84' lang='lat' dir='ltr'>rediit3</span> <span class='ocrx_word' id='word_1_176' title='bbox 753 1148 842 1183; x_wconf 87' lang='lat' dir='ltr'>Mellitum</span> 
     </span>
     <span class='ocr_line' id='line_1_20' title="bbox 139 1200 842 1245; baseline 0 -10"><span class='ocrx_word' id='word_1_177' title='bbox 139 1211 183 1235; x_wconf 89' lang='lat' dir='ltr'>vero</span> <span class='ocrx_word' id='word_1_178' title='bbox 192 1201 332 1233; x_wconf 90' lang='lat' dir='ltr'>Londonienses</span> <span class='ocrx_word' id='word_1_179' title='bbox 343 1200 426 1244; x_wconf 87' lang='lat' dir='ltr'>recipere</span> <span class='ocrx_word' id='word_1_180' title='bbox 437 1201 534 1234; x_wconf 89' lang='lat' dir='ltr'>noluerunt</span> <span class='ocrx_word' id='word_1_181' title='bbox 539 1201 550 1242; x_wconf 82' lang='lat'>⁸,</span> <span class='ocrx_word' id='word_1_182' title='bbox 558 1201 646 1245; x_wconf 88' lang='lat' dir='ltr'>ydolatris</span> <span class='ocrx_word' id='word_1_183' title='bbox 658 1202 715 1245; x_wconf 84' lang='lat' dir='ltr'>magis</span> <span class='ocrx_word' id='word_1_184' title='bbox 727 1201 842 1245; x_wconf 87' lang='lat' dir='ltr'>pontificibus</span> 
     </span>
     <span class='ocr_line' id='line_1_21' title="bbox 113 1253 842 1297; baseline 0 -9"><span class='ocrx_word' id='word_1_185' title='bbox 113 1266 132 1288; x_wconf 65' lang='grc' dir='ltr'>πο</span> <span class='ocrx_word' id='word_1_186' title='bbox 140 1253 210 1288; x_wconf 89' lang='lat' dir='ltr'>seruire</span> <span class='ocrx_word' id='word_1_187' title='bbox 221 1254 327 1297; x_wconf 84' lang='lat' dir='ltr'>gaudentes.</span> <span class='ocrx_word' id='word_1_188' title='bbox 350 1253 420 1287; x_wconf 91' lang='lat' dir='ltr'>Verum</span> <span class='ocrx_word' id='word_1_189' title='bbox 433 1254 486 1287; x_wconf 90' lang='lat' dir='ltr'>beato</span> <span class='ocrx_word' id='word_1_190' title='bbox 499 1254 598 1288; x_wconf 89' lang='lat' dir='ltr'>Laurentio</span> <span class='ocrx_word' id='word_1_191' title='bbox 612 1256 634 1288; x_wconf 86' lang='lat' dir='ltr'>ad</span> <span class='ocrx_word' id='word_1_192' title='bbox 647 1255 714 1288; x_wconf 84' lang='lat' dir='ltr'>celeste</span> <span class='ocrx_word' id='word_1_193' title='bbox 725 1265 802 1297; x_wconf 87' lang='lat' dir='ltr'>regnum</span> <span class='ocrx_word' id='word_1_194' title='bbox 814 1265 842 1288; x_wconf 86' lang='lat' dir='ltr'>as·</span> 
     </span>
     <span class='ocr_line' id='line_1_22' title="bbox 140 1306 841 1352; baseline 0 -11"><span class='ocrx_word' id='word_1_195' title='bbox 140 1312 219 1351; x_wconf 85' lang='lat' dir='ltr'>sumpto,</span> <span class='ocrx_word' id='word_1_196' title='bbox 235 1306 315 1341; x_wconf 88' lang='lat' dir='ltr'>Mellitus</span> <span class='ocrx_word' id='word_1_197' title='bbox 330 1306 394 1341; x_wconf 90' lang='lat' dir='ltr'>sedem</span> <span class='ocrx_word' id='word_1_198' title='bbox 407 1306 549 1342; x_wconf 87' lang='lat' dir='ltr'>dorobernensis</span> <span class='ocrx_word' id='word_1_199' title='bbox 564 1306 641 1342; x_wconf 86' lang='lat' dir='ltr'>ecclesie</span> <span class='ocrx_word' id='word_1_200' title='bbox 654 1307 745 1352; x_wconf 85' lang='lat' dir='ltr'>suscepit3</span> <span class='ocrx_word' id='word_1_201' title='bbox 762 1311 780 1341; x_wconf 86' lang='lat' dir='ltr'>et</span> <span class='ocrx_word' id='word_1_202' title='bbox 793 1309 841 1351; x_wconf 86' lang='lat' dir='ltr'>apud</span> 
     </span>
     <span class='ocr_line' id='line_1_23' title="bbox 140 1359 842 1403; baseline 0 -10"><span class='ocrx_word' id='word_1_203' title='bbox 140 1365 223 1394; x_wconf 87' lang='lat' dir='ltr'>sanctum</span> <span class='ocrx_word' id='word_1_204' title='bbox 236 1359 375 1403; x_wconf 73' lang='lat' dir='ltr'>Augulstinum]</span> <span class='ocrx_word' id='word_1_205' title='bbox 388 1360 501 1394; x_wconf 88' lang='lat' dir='ltr'>consecrauit</span> <span class='ocrx_word' id='word_1_206' title='bbox 514 1360 609 1394; x_wconf 89' lang='lat' dir='ltr'>ecclesiam</span> <span class='ocrx_word' id='word_1_207' title='bbox 623 1361 642 1394; x_wconf 90' lang='lat' dir='ltr'>in</span> <span class='ocrx_word' id='word_1_208' title='bbox 656 1362 724 1394; x_wconf 90' lang='lat' dir='ltr'>honore</span> <span class='ocrx_word' id='word_1_209' title='bbox 738 1366 800 1395; x_wconf 90' lang='lat' dir='ltr'>sancte</span> <span class='ocrx_word' id='word_1_210' title='bbox 813 1361 842 1394; x_wconf 84' lang='lat' dir='ltr'>dei</span> 
     </span>
     <span class='ocr_line' id='line_1_24' title="bbox 139 1411 842 1456; baseline 0 -10"><span class='ocrx_word' id='word_1_211' title='bbox 139 1411 233 1455; x_wconf 82' lang='lat' dir='ltr'>genitricis</span> <span class='ocrx_word' id='word_1_212' title='bbox 249 1411 311 1453; x_wconf 81' lang='lat' dir='ltr'>lilarie,</span> <span class='ocrx_word' id='word_1_213' title='bbox 327 1422 382 1456; x_wconf 91' lang='lat' dir='ltr'>quam</span> <span class='ocrx_word' id='word_1_214' title='bbox 399 1413 418 1446; x_wconf 89' lang='lat' dir='ltr'>ln</span> <span class='ocrx_word' id='word_1_215' title='bbox 434 1413 546 1447; x_wconf 86' lang='lat' dir='ltr'>monasterio</span> <span class='ocrx_word' id='word_1_216' title='bbox 561 1413 648 1456; x_wconf 88' lang='lat' dir='ltr'>principis</span> <span class='ocrx_word' id='word_1_217' title='bbox 667 1414 790 1456; x_wconf 83' lang='lat' dir='ltr'>apostolorum</span> <span class='ocrx_word' id='word_1_218' title='bbox 810 1424 842 1446; x_wconf 84' lang='lat' dir='ltr'>rex</span> 
     </span>
     <span class='ocr_line' id='line_1_25' title="bbox 141 1465 842 1509; baseline -0.001 -10"><span class='ocrx_word' id='word_1_219' title='bbox 141 1466 235 1499; x_wconf 85' lang='lat' dir='ltr'>Edbaldus</span> <span class='ocrx_word' id='word_1_220' title='bbox 249 1465 333 1498; x_wconf 91' lang='lat' dir='ltr'>condidit.</span> <span class='ocrx_word' id='word_1_221' title='bbox 357 1465 397 1506; x_wconf 84' lang='lat' dir='ltr'>Que</span> <span class='ocrx_word' id='word_1_222' title='bbox 411 1476 465 1508; x_wconf 85' lang='lat' dir='ltr'>quam</span> <span class='ocrx_word' id='word_1_223' title='bbox 479 1472 530 1508; x_wconf 88' lang='lat' dir='ltr'>grata</span> <span class='ocrx_word' id='word_1_224' title='bbox 543 1467 596 1500; x_wconf 87' lang='lat' dir='ltr'>beate</span> <span class='ocrx_word' id='word_1_225' title='bbox 608 1465 673 1509; x_wconf 85' lang='lat' dir='ltr'>virgini</span> <span class='ocrx_word' id='word_1_226' title='bbox 686 1466 745 1500; x_wconf 88' lang='lat' dir='ltr'>Marie</span> <span class='ocrx_word' id='word_1_227' title='bbox 758 1465 842 1507; x_wconf 80' lang='lat' dir='ltr'>extiterit,</span> 
     </span>
     <span class='ocr_line' id='line_1_26' title="bbox 113 1517 842 1562; baseline -0.003 -10"><span class='ocrx_word' id='word_1_228' title='bbox 113 1531 131 1561; x_wconf 79' lang='lat'>²5</span> <span class='ocrx_word' id='word_1_229' title='bbox 141 1528 174 1551; x_wconf 87' lang='lat' dir='ltr'>sua</span> <span class='ocrx_word' id='word_1_230' title='bbox 189 1527 347 1560; x_wconf 88' lang='lat' dir='ltr'>supernorumque</span> <span class='ocrx_word' id='word_1_231' title='bbox 360 1517 427 1550; x_wconf 87' lang='lat' dir='ltr'>ciuium</span> <span class='ocrx_word' id='word_1_232' title='bbox 441 1517 535 1551; x_wconf 84' lang='lat' dir='ltr'>laudisona</span> <span class='ocrx_word' id='word_1_233' title='bbox 547 1518 650 1561; x_wconf 80' lang='lat' dir='ltr'>frequentia</span> <span class='ocrx_word' id='word_1_234' title='bbox 663 1518 793 1562; x_wconf 87' lang='lat' dir='ltr'>signorumque</span> <span class='ocrx_word' id='word_1_235' title='bbox 805 1517 842 1552; x_wconf 91' lang='lat' dir='ltr'>eui-</span> 
     </span>
     <span class='ocr_line' id='line_1_27' title="bbox 141 1563 842 1614; baseline -0.001 -10"><span class='ocrx_word' id='word_1_236' title='bbox 141 1570 202 1604; x_wconf 88' lang='lat' dir='ltr'>dentia</span> <span class='ocrx_word' id='word_1_237' title='bbox 210 1570 272 1613; x_wconf 89' lang='lat' dir='ltr'>sepius</span> <span class='ocrx_word' id='word_1_238' title='bbox 281 1570 349 1604; x_wconf 78' lang='lat' dir='ltr'>claruit.</span> <span class='ocrx_word' id='word_1_239' title='bbox 395 1563 442 1603; x_wconf 84' lang='lat' dir='ltr'>Erat</span> <span class='ocrx_word' id='word_1_240' title='bbox 450 1577 511 1604; x_wconf 87' lang='lat' dir='ltr'>autem</span> <span class='ocrx_word' id='word_1_241' title='bbox 519 1572 583 1604; x_wconf 87' lang='lat' dir='ltr'>beatus</span> <span class='ocrx_word' id='word_1_242' title='bbox 592 1571 672 1605; x_wconf 85' lang='lat' dir='ltr'>Mellitus</span> <span class='ocrx_word' id='word_1_243' title='bbox 680 1570 761 1614; x_wconf 89' lang='lat' dir='ltr'>corporis</span> <span class='ocrx_word' id='word_1_244' title='bbox 769 1571 842 1614; x_wconf 81' lang='lat' dir='ltr'>quidem</span> 
     </span>
     <span class='ocr_line' id='line_1_28' title="bbox 141 1622 842 1668; baseline -0.001 -11"><span class='ocrx_word' id='word_1_245' title='bbox 141 1623 251 1664; x_wconf 85' lang='lat' dir='ltr'>infirmitate,</span> <span class='ocrx_word' id='word_1_246' title='bbox 264 1622 282 1656; x_wconf 95' lang='lat' dir='ltr'>id</span> <span class='ocrx_word' id='word_1_247' title='bbox 297 1628 326 1656; x_wconf 90' lang='lat' dir='ltr'>est</span> <span class='ocrx_word' id='word_1_248' title='bbox 339 1624 421 1667; x_wconf 85' lang='lat' dir='ltr'>podagra</span> <span class='ocrx_word' id='word_1_249' title='bbox 435 1628 527 1668; x_wconf 84' lang='lat' dir='ltr'>grauatus,</span> <span class='ocrx_word' id='word_1_250' title='bbox 543 1624 576 1658; x_wconf 92' lang='lat' dir='ltr'>sed</span> <span class='ocrx_word' id='word_1_251' title='bbox 588 1623 655 1658; x_wconf 87' lang='lat' dir='ltr'>mentis</span> <span class='ocrx_word' id='word_1_252' title='bbox 671 1624 765 1667; x_wconf 82' lang='lat' dir='ltr'>gressibus</span> <span class='ocrx_word' id='word_1_253' title='bbox 781 1633 842 1666; x_wconf 87' lang='lat' dir='ltr'>sanus,</span> 
     </span>
     <span class='ocr_line' id='line_1_29' title="bbox 141 1676 842 1720; baseline -0.001 -11"><span class='ocrx_word' id='word_1_254' title='bbox 141 1677 225 1709; x_wconf 84' lang='lat' dir='ltr'>alacriter</span> <span class='ocrx_word' id='word_1_255' title='bbox 239 1680 312 1709; x_wconf 87' lang='lat' dir='ltr'>terrena</span> <span class='ocrx_word' id='word_1_256' title='bbox 327 1687 399 1719; x_wconf 87' lang='lat' dir='ltr'>queque</span> <span class='ocrx_word' id='word_1_257' title='bbox 414 1676 525 1718; x_wconf 85' lang='lat' dir='ltr'>transiliens,</span> <span class='ocrx_word' id='word_1_258' title='bbox 541 1678 564 1710; x_wconf 93' lang='lat' dir='ltr'>ad</span> <span class='ocrx_word' id='word_1_259' title='bbox 579 1676 654 1710; x_wconf 87' lang='lat' dir='ltr'>celestia</span> <span class='ocrx_word' id='word_1_260' title='bbox 671 1688 745 1720; x_wconf 89' lang='lat' dir='ltr'>semper</span> <span class='ocrx_word' id='word_1_261' title='bbox 760 1677 842 1717; x_wconf 83' lang='lat' dir='ltr'>amanda,</span> 
     </span>
     <span class='ocr_line' id='line_1_30' title="bbox 141 1729 842 1773; baseline -0.001 -10"><span class='ocrx_word' id='word_1_262' title='bbox 141 1729 221 1772; x_wconf 85' lang='lat' dir='ltr'>petenda</span> <span class='ocrx_word' id='word_1_263' title='bbox 232 1733 250 1762; x_wconf 91' lang='lat' dir='ltr'>et</span> <span class='ocrx_word' id='word_1_264' title='bbox 262 1729 356 1772; x_wconf 87' lang='lat' dir='ltr'>querenda</span> <span class='ocrx_word' id='word_1_265' title='bbox 367 1729 476 1772; x_wconf 85' lang='lat' dir='ltr'>peruolans;</span> <span class='ocrx_word' id='word_1_266' title='bbox 489 1730 549 1764; x_wconf 88' lang='lat' dir='ltr'>carnis</span> <span class='ocrx_word' id='word_1_267' title='bbox 561 1729 630 1773; x_wconf 88' lang='lat' dir='ltr'>origine</span> <span class='ocrx_word' id='word_1_268' title='bbox 641 1729 712 1772; x_wconf 88' lang='lat' dir='ltr'>nobilis,</span> <span class='ocrx_word' id='word_1_269' title='bbox 721 1730 753 1764; x_wconf 88' lang='lat' dir='ltr'>sed</span> <span class='ocrx_word' id='word_1_270' title='bbox 764 1729 842 1763; x_wconf 85' lang='lat' dir='ltr'>culmine</span> 
     </span>
     <span class='ocr_line' id='line_1_31' title="bbox 114 1774 843 1825; baseline -0.003 -9"><span class='ocrx_word' id='word_1_271' title='bbox 114 1796 133 1825; x_wconf 73' lang='lat'>3⁰</span> <span class='ocrx_word' id='word_1_272' title='bbox 141 1783 208 1815; x_wconf 88' lang='lat' dir='ltr'>mentis</span> <span class='ocrx_word' id='word_1_273' title='bbox 222 1782 304 1814; x_wconf 87' lang='lat' dir='ltr'>nobilior.</span> <span class='ocrx_word' id='word_1_274' title='bbox 349 1774 438 1825; x_wconf 89' lang='lat' dir='ltr'>Denique</span> <span class='ocrx_word' id='word_1_275' title='bbox 451 1783 482 1815; x_wconf 65' lang='lat' dir='ltr'>utT</span> <span class='ocrx_word' id='word_1_276' title='bbox 495 1793 551 1816; x_wconf 90' lang='lat' dir='ltr'>vnum</span> <span class='ocrx_word' id='word_1_277' title='bbox 563 1783 650 1816; x_wconf 88' lang='lat' dir='ltr'>virtutum</span> <span class='ocrx_word' id='word_1_278' title='bbox 663 1783 707 1824; x_wconf 86' lang='lat' dir='ltr'>eius,</span> <span class='ocrx_word' id='word_1_279' title='bbox 719 1783 768 1817; x_wconf 86' lang='lat' dir='ltr'>unde</span> <span class='ocrx_word' id='word_1_280' title='bbox 784 1788 843 1816; x_wconf 85' lang='lat' dir='ltr'>cetera</span> 
     </span>
     <span class='ocr_line' id='line_1_32' title="bbox 141 1833 843 1878; baseline -0.003 -12"><span class='ocrx_word' id='word_1_281' title='bbox 141 1833 216 1876; x_wconf 83' lang='lat' dir='ltr'>intelligi</span> <span class='ocrx_word' id='word_1_282' title='bbox 232 1838 315 1876; x_wconf 91' lang='lat' dir='ltr'>possunt,</span> <span class='ocrx_word' id='word_1_283' title='bbox 330 1835 455 1866; x_wconf 92' lang='lat' dir='ltr'>testimonium</span> <span class='ocrx_word' id='word_1_284' title='bbox 470 1834 560 1868; x_wconf 87' lang='lat' dir='ltr'>referam:</span> <span class='ocrx_word' id='word_1_285' title='bbox 579 1835 671 1877; x_wconf 86' lang='lat' dir='ltr'>Tempore</span> <span class='ocrx_word' id='word_1_286' title='bbox 686 1837 764 1878; x_wconf 86' lang='lat' dir='ltr'>quodam</span> <span class='ocrx_word' id='word_1_287' title='bbox 781 1834 843 1867; x_wconf 85' lang='lat' dir='ltr'>ciuitas</span> 
     </span>
     <span class='ocr_line' id='line_1_33' title="bbox 141 1886 842 1931; baseline -0.003 -12"><span class='ocrx_word' id='word_1_288' title='bbox 141 1887 284 1920; x_wconf 86' lang='lat' dir='ltr'>dorobernensis</span> <span class='ocrx_word' id='word_1_289' title='bbox 303 1896 337 1929; x_wconf 85' lang='lat' dir='ltr'>per</span> <span class='ocrx_word' id='word_1_290' title='bbox 355 1887 427 1930; x_wconf 84' lang='lat' dir='ltr'>culpam</span> <span class='ocrx_word' id='word_1_291' title='bbox 444 1888 514 1921; x_wconf 87' lang='lat' dir='ltr'>incurie</span> <span class='ocrx_word' id='word_1_292' title='bbox 528 1887 566 1930; x_wconf 84' lang='lat' dir='ltr'>igni</span> <span class='ocrx_word' id='word_1_293' title='bbox 582 1892 670 1931; x_wconf 85' lang='lat' dir='ltr'>correpta,</span> <span class='ocrx_word' id='word_1_294' title='bbox 686 1886 842 1922; x_wconf 85' lang='lat' dir='ltr'>crebrescentibus</span> 
     </span>
     <span class='ocr_line' id='line_1_34' title="bbox 141 1938 843 1984; baseline -0.004 -10"><span class='ocrx_word' id='word_1_295' title='bbox 141 1938 222 1974; x_wconf 79' lang='lat' dir='ltr'>flammis</span> <span class='ocrx_word' id='word_1_296' title='bbox 236 1938 319 1973; x_wconf 88' lang='lat' dir='ltr'>consumi</span> <span class='ocrx_word' id='word_1_297' title='bbox 332 1939 385 1984; x_wconf 85' lang='lat' dir='ltr'>cepit.</span> <span class='ocrx_word' id='word_1_298' title='bbox 408 1939 491 1983; x_wconf 90' lang='lat' dir='ltr'>Cumque</span> <span class='ocrx_word' id='word_1_299' title='bbox 506 1950 550 1984; x_wconf 89' lang='lat' dir='ltr'>pars</span> <span class='ocrx_word' id='word_1_300' title='bbox 566 1939 643 1975; x_wconf 89' lang='lat' dir='ltr'>ciuitatis</span> <span class='ocrx_word' id='word_1_301' title='bbox 657 1951 694 1975; x_wconf 89' lang='lat' dir='ltr'>non</span> <span class='ocrx_word' id='word_1_302' title='bbox 706 1940 781 1974; x_wconf 87' lang='lat' dir='ltr'>minima</span> <span class='ocrx_word' id='word_1_303' title='bbox 794 1943 843 1973; x_wconf 86' lang='lat' dir='ltr'>esset</span> 
     </span>
     <span class='ocr_line' id='line_1_35' title="bbox 141 1992 843 2038; baseline -0.004 -11"><span class='ocrx_word' id='word_1_304' title='bbox 141 1997 216 2034; x_wconf 81' lang='lat' dir='ltr'>vastata,</span> <span class='ocrx_word' id='word_1_305' title='bbox 224 1994 277 2026; x_wconf 85' lang='lat' dir='ltr'>iussit</span> <span class='ocrx_word' id='word_1_306' title='bbox 287 2003 308 2026; x_wconf 90' lang='lat' dir='ltr'>se</span> <span class='ocrx_word' id='word_1_307' title='bbox 316 1993 413 2036; x_wconf 87' lang='lat' dir='ltr'>episcopus</span> <span class='ocrx_word' id='word_1_308' title='bbox 422 1994 493 2027; x_wconf 88' lang='lat' dir='ltr'>obuiam</span> <span class='ocrx_word' id='word_1_309' title='bbox 503 1993 616 2027; x_wconf 88' lang='lat' dir='ltr'>seuientibus</span> <span class='ocrx_word' id='word_1_310' title='bbox 623 1994 692 2038; x_wconf 86' lang='lat' dir='ltr'>ignium</span> <span class='ocrx_word' id='word_1_311' title='bbox 698 1994 704 2012; x_wconf 84' lang='lat'>⁸</span> <span class='ocrx_word' id='word_1_312' title='bbox 711 1994 771 2037; x_wconf 85' lang='lat' dir='ltr'>globis</span> <span class='ocrx_word' id='word_1_313' title='bbox 779 1992 843 2026; x_wconf 86' lang='lat' dir='ltr'>efferri.</span> 
     </span>
     <span class='ocr_line' id='line_1_36' title="bbox 115 2045 842 2090; baseline -0.001 -12"><span class='ocrx_word' id='word_1_314' title='bbox 115 2053 133 2082; x_wconf 77' lang='lat'>55</span> <span class='ocrx_word' id='word_1_315' title='bbox 143 2046 166 2079; x_wconf 86' lang='lat' dir='ltr'>Et</span> <span class='ocrx_word' id='word_1_316' title='bbox 177 2055 218 2078; x_wconf 88' lang='lat' dir='ltr'>cum</span> <span class='ocrx_word' id='word_1_317' title='bbox 227 2056 293 2078; x_wconf 87' lang='lat' dir='ltr'>manus</span> <span class='ocrx_word' id='word_1_318' title='bbox 303 2046 326 2078; x_wconf 88' lang='lat' dir='ltr'>ad</span> <span class='ocrx_word' id='word_1_319' title='bbox 335 2046 389 2079; x_wconf 91' lang='lat' dir='ltr'>deum</span> <span class='ocrx_word' id='word_1_320' title='bbox 397 2047 466 2080; x_wconf 86' lang='lat' dir='ltr'>orando</span> <span class='ocrx_word' id='word_1_321' title='bbox 478 2047 563 2088; x_wconf 88' lang='lat' dir='ltr'>leuasset,</span> <span class='ocrx_word' id='word_1_322' title='bbox 571 2051 642 2088; x_wconf 91' lang='lat' dir='ltr'>ventus,</span> <span class='ocrx_word' id='word_1_323' title='bbox 651 2047 681 2090; x_wconf 90' lang='lat' dir='ltr'>qui</span> <span class='ocrx_word' id='word_1_324' title='bbox 692 2058 702 2081; x_wconf 88' lang='lat' dir='ltr'>a</span> <span class='ocrx_word' id='word_1_325' title='bbox 713 2045 788 2080; x_wconf 91' lang='lat' dir='ltr'>meridie</span> <span class='ocrx_word' id='word_1_326' title='bbox 797 2046 842 2079; x_wconf 87' lang='lat' dir='ltr'>ssans</span> 
     </span>
     <span class='ocr_line' id='line_1_37' title="bbox 142 2097 842 2140; baseline -0.001 -10"><span class='ocrx_word' id='word_1_327' title='bbox 142 2097 191 2130; x_wconf 89' lang='lat' dir='ltr'>vrbis</span> <span class='ocrx_word' id='word_1_328' title='bbox 206 2097 291 2130; x_wconf 86' lang='lat' dir='ltr'>incendia</span> <span class='ocrx_word' id='word_1_329' title='bbox 308 2103 405 2140; x_wconf 84' lang='lat' dir='ltr'>sparserat,</span> <span class='ocrx_word' id='word_1_330' title='bbox 421 2104 484 2131; x_wconf 88' lang='lat' dir='ltr'>contra</span> <span class='ocrx_word' id='word_1_331' title='bbox 499 2099 594 2131; x_wconf 90' lang='lat' dir='ltr'>meridiem</span> <span class='ocrx_word' id='word_1_332' title='bbox 610 2099 697 2140; x_wconf 82' lang='lat' dir='ltr'>reflexus,</span> <span class='ocrx_word' id='word_1_333' title='bbox 712 2110 723 2131; x_wconf 90' lang='lat' dir='ltr'>a</span> <span class='ocrx_word' id='word_1_334' title='bbox 738 2099 807 2132; x_wconf 90' lang='lat' dir='ltr'>lesione</span> <span class='ocrx_word' id='word_1_335' title='bbox 823 2107 842 2129; x_wconf 92' lang='lat' dir='ltr'>se</span> 
     </span>
     <span class='ocr_line' id='line_1_38' title="bbox 142 2148 843 2194; baseline -0.003 -12"><span class='ocrx_word' id='word_1_336' title='bbox 142 2149 218 2182; x_wconf 84' lang='lat' dir='ltr'>retraxit</span> <span class='ocrx_word' id='word_1_337' title='bbox 232 2153 250 2181; x_wconf 87' lang='lat' dir='ltr'>et</span> <span class='ocrx_word' id='word_1_338' title='bbox 263 2159 306 2182; x_wconf 80' lang='lat' dir='ltr'>mox</span> <span class='ocrx_word' id='word_1_339' title='bbox 318 2148 400 2182; x_wconf 87' lang='lat' dir='ltr'>funditus</span> <span class='ocrx_word' id='word_1_340' title='bbox 413 2150 530 2193; x_wconf 85' lang='lat' dir='ltr'>quiescendo,</span> <span class='ocrx_word' id='word_1_341' title='bbox 542 2150 621 2185; x_wconf 86' lang='lat' dir='ltr'>flammis</span> <span class='ocrx_word' id='word_1_342' title='bbox 633 2150 701 2194; x_wconf 83' lang='lat' dir='ltr'>pariter</span> <span class='ocrx_word' id='word_1_343' title='bbox 712 2151 776 2194; x_wconf 86' lang='lat' dir='ltr'>sopitis</span> <span class='ocrx_word' id='word_1_344' title='bbox 790 2155 843 2191; x_wconf 87' lang='lat' dir='ltr'>atque</span> 
     </span>
     <span class='ocr_line' id='line_1_39' title="bbox 143 2195 843 2247; baseline -0.003 -13"><span class='ocrx_word' id='word_1_345' title='bbox 143 2202 233 2243; x_wconf 85' lang='lat' dir='ltr'>extinctis,</span> <span class='ocrx_word' id='word_1_346' title='bbox 243 2203 359 2244; x_wconf 73' lang='lat' dir='ltr'>compescuit.</span> <span class='ocrx_word' id='word_1_347' title='bbox 405 2195 508 2246; x_wconf 87' lang='lat' dir='ltr'>Postquam</span> <span class='ocrx_word' id='word_1_348' title='bbox 519 2209 580 2236; x_wconf 86' lang='lat' dir='ltr'>autem</span> <span class='ocrx_word' id='word_1_349' title='bbox 592 2203 672 2247; x_wconf 90' lang='lat' dir='ltr'>quinque</span> <span class='ocrx_word' id='word_1_350' title='bbox 683 2204 737 2237; x_wconf 86' lang='lat' dir='ltr'>annis</span> <span class='ocrx_word' id='word_1_351' title='bbox 748 2203 843 2236; x_wconf 84' lang='lat' dir='ltr'>ecclesiam</span> 
     </span>
     <span class='ocr_line' id='line_1_40' title="bbox 143 2254 843 2300; baseline -0.001 -13"><span class='ocrx_word' id='word_1_352' title='bbox 143 2259 216 2287; x_wconf 81' lang='lat' dir='ltr'>rexerat</span> <span class='ocrx_word' id='word_1_353' title='bbox 230 2254 392 2295; x_wconf 84' lang='lat' dir='ltr'>dorobernensem,</span> <span class='ocrx_word' id='word_1_354' title='bbox 405 2255 427 2288; x_wconf 88' lang='lat' dir='ltr'>ad</span> <span class='ocrx_word' id='word_1_355' title='bbox 441 2255 496 2296; x_wconf 86' lang='lat' dir='ltr'>celos,</span> <span class='ocrx_word' id='word_1_356' title='bbox 508 2261 571 2289; x_wconf 85' lang='lat' dir='ltr'>octauo</span> <span class='ocrx_word' id='word_1_357' title='bbox 587 2255 622 2290; x_wconf 88' lang='lat' dir='ltr'>kal.</span> <span class='ocrx_word' id='word_1_358' title='bbox 634 2256 682 2296; x_wconf 90' lang='lat' dir='ltr'>maii,</span> <span class='ocrx_word' id='word_1_359' title='bbox 694 2256 783 2300; x_wconf 84' lang='lat' dir='ltr'>migrauit,</span> <span class='ocrx_word' id='word_1_360' title='bbox 795 2263 843 2288; x_wconf 86' lang='lat' dir='ltr'>anno</span> 
     </span>
     <span class='ocr_line' id='line_1_41' title="bbox 115 2305 842 2353; baseline -0.001 -14"><span class='ocrx_word' id='word_1_361' title='bbox 115 2318 136 2349; x_wconf 81' lang='lat'>40</span> <span class='ocrx_word' id='word_1_362' title='bbox 144 2306 230 2352; x_wconf 76' lang='lat' dir='ltr'>[gracie]⁹</span> <span class='ocrx_word' id='word_1_363' title='bbox 238 2307 372 2341; x_wconf 80' lang='lat' dir='ltr'>sexcentesimo</span> <span class='ocrx_word' id='word_1_364' title='bbox 382 2307 470 2341; x_wconf 88' lang='lat' dir='ltr'>vicesimo</span> <span class='ocrx_word' id='word_1_365' title='bbox 481 2314 551 2352; x_wconf 89' lang='lat' dir='ltr'>quarto,</span> <span class='ocrx_word' id='word_1_366' title='bbox 562 2309 681 2353; x_wconf 88' lang='lat' dir='ltr'>sepultusque</span> <span class='ocrx_word' id='word_1_367' title='bbox 693 2314 721 2343; x_wconf 89' lang='lat' dir='ltr'>est</span> <span class='ocrx_word' id='word_1_368' title='bbox 733 2319 774 2344; x_wconf 86' lang='lat' dir='ltr'>curn</span> <span class='ocrx_word' id='word_1_369' title='bbox 785 2305 842 2341; x_wconf 85' lang='lat' dir='ltr'>fratri·</span> 
     </span>
     <span class='ocr_line' id='line_1_42' title="bbox 144 2355 843 2406; baseline -0.007 -11"><span class='ocrx_word' id='word_1_370' title='bbox 144 2362 177 2395; x_wconf 88' lang='lat' dir='ltr'>bus</span> <span class='ocrx_word' id='word_1_371' title='bbox 187 2360 225 2395; x_wconf 93' lang='lat' dir='ltr'>suis</span> <span class='ocrx_word' id='word_1_372' title='bbox 235 2360 254 2393; x_wconf 89' lang='lat' dir='ltr'>in</span> <span class='ocrx_word' id='word_1_373' title='bbox 266 2359 376 2394; x_wconf 87' lang='lat' dir='ltr'>monasterio</span> <span class='ocrx_word' id='word_1_374' title='bbox 388 2360 437 2394; x_wconf 87' lang='lat' dir='ltr'>Petri</span> <span class='ocrx_word' id='word_1_375' title='bbox 449 2355 664 2404; x_wconf 81' lang='lat' dir='ltr'>apostoli.—-¹⁰Anus¹¹</span> <span class='ocrx_word' id='word_1_376' title='bbox 675 2363 754 2406; x_wconf 90' lang='lat' dir='ltr'>quedam</span> <span class='ocrx_word' id='word_1_377' title='bbox 767 2362 843 2395; x_wconf 89' lang='lat' dir='ltr'>honeste</span> 
     </span>
    </p>
   </div>
   <div class='ocr_carea' id='block_1_3' title="bbox 142 2455 843 2607">
    <p class='ocr_par' dir='ltr' id='par_1_3' title="bbox 142 2455 843 2607">
     <span class='ocr_line' id='line_1_43' title="bbox 163 2455 843 2495; baseline 0.001 -11"><span class='ocrx_word' id='word_1_378' title='bbox 163 2457 168 2474; x_wconf 85' lang='lat'>¹</span> <span class='ocrx_word' id='word_1_379' title='bbox 180 2456 197 2485; x_wconf 87' lang='lat' dir='ltr'>E.</span> <span class='ocrx_word' id='word_1_380' title='bbox 205 2456 258 2484; x_wconf 86' lang='lat' dir='ltr'>refeci.</span> <span class='ocrx_word' id='word_1_381' title='bbox 326 2455 332 2473; x_wconf 77' lang='lat'>²</span> <span class='ocrx_word' id='word_1_382' title='bbox 343 2456 360 2485; x_wconf 88' lang='lat' dir='ltr'>E.</span> <span class='ocrx_word' id='word_1_383' title='bbox 369 2456 454 2486; x_wconf 89' lang='lat' dir='ltr'>nidolatris.</span> <span class='ocrx_word' id='word_1_384' title='bbox 521 2457 527 2474; x_wconf 74' lang='lat'><strong>³</strong></span> <span class='ocrx_word' id='word_1_385' title='bbox 538 2456 556 2487; x_wconf 85' lang='lat' dir='ltr'>E.</span> <span class='ocrx_word' id='word_1_386' title='bbox 565 2458 662 2495; x_wconf 83' lang='lat' dir='ltr'>participare.</span> <span class='ocrx_word' id='word_1_387' title='bbox 731 2459 736 2477; x_wconf 82' lang='lat'>⁴</span> <span class='ocrx_word' id='word_1_388' title='bbox 748 2458 765 2488; x_wconf 80' lang='lat' dir='ltr'>E.</span> <span class='ocrx_word' id='word_1_389' title='bbox 773 2456 843 2487; x_wconf 81' lang='lat' dir='ltr'>Gallium.</span> 
     </span>
     <span class='ocr_line' id='line_1_44' title="bbox 143 2494 843 2532; baseline -0.001 -7"><span class='ocrx_word' id='word_1_390' title='bbox 143 2494 178 2528; x_wconf 65' lang='lat' dir='ltr'>l,E.</span> <span class='ocrx_word' id='word_1_391' title='bbox 186 2498 247 2531; x_wconf 85' lang='lat' dir='ltr'>autem;</span> <span class='ocrx_word' id='word_1_392' title='bbox 257 2495 274 2525; x_wconf 75' lang='grc' dir='ltr'>Τ,</span> <span class='ocrx_word' id='word_1_393' title='bbox 280 2495 326 2526; x_wconf 87' lang='lat' dir='ltr'>enim.</span> <span class='ocrx_word' id='word_1_394' title='bbox 378 2495 384 2512; x_wconf 78' lang='lat'><strong>⁶</strong></span> <span class='ocrx_word' id='word_1_395' title='bbox 394 2495 411 2524; x_wconf 89' lang='lat' dir='ltr'>E.</span> <span class='ocrx_word' id='word_1_396' title='bbox 418 2496 506 2525; x_wconf 83' lang='lat' dir='ltr'>voluerunt.</span> <span class='ocrx_word' id='word_1_397' title='bbox 559 2495 565 2512; x_wconf 79' lang='lat'>⁷</span> <span class='ocrx_word' id='word_1_398' title='bbox 576 2496 593 2527; x_wconf 84' lang='lat' dir='ltr'>E.</span> <span class='ocrx_word' id='word_1_399' title='bbox 599 2498 629 2532; x_wconf 72' lang='lat' dir='ltr'>ad:</span> <span class='ocrx_word' id='word_1_400' title='bbox 639 2497 683 2527; x_wconf 89' lang='lat' dir='ltr'>T.ut.</span> <span class='ocrx_word' id='word_1_401' title='bbox 736 2497 742 2513; x_wconf 79' lang='lat'>⁵</span> <span class='ocrx_word' id='word_1_402' title='bbox 752 2497 770 2526; x_wconf 84' lang='lat' dir='ltr'>E.</span> <span class='ocrx_word' id='word_1_403' title='bbox 776 2497 843 2532; x_wconf 82' lang='lat' dir='ltr'>igneum-</span> 
     </span>
     <span class='ocr_line' id='line_1_45' title="bbox 142 2532 843 2607; baseline 0.004 -44"><span class='ocrx_word' id='word_1_404' title='bbox 142 2535 154 2594; x_wconf 49' lang='lat'>31</span> <span class='ocrx_word' id='word_1_405' title='bbox 159 2535 253 2607; x_wconf 40' lang='lat' dir='ltr'>sss&#39;lt&#39;qfiuqm.</span> <span class='ocrx_word' id='word_1_406' title='bbox 262 2535 278 2563; x_wconf 94' lang='lat' dir='ltr'>in</span> <span class='ocrx_word' id='word_1_407' title='bbox 286 2534 304 2564; x_wconf 87' lang='lat' dir='ltr'>E.</span> <span class='ocrx_word' id='word_1_408' title='bbox 400 2535 412 2552; x_wconf 74' lang='lat'>¹⁰</span> <span class='ocrx_word' id='word_1_409' title='bbox 423 2534 470 2564; x_wconf 86' lang='lat' dir='ltr'>From</span> <span class='ocrx_word' id='word_1_410' title='bbox 477 2537 515 2565; x_wconf 91' lang='lat' dir='ltr'>here</span> <span class='ocrx_word' id='word_1_411' title='bbox 523 2536 547 2566; x_wconf 86' lang='lat' dir='ltr'>ed.</span> <span class='ocrx_word' id='word_1_412' title='bbox 555 2536 572 2565; x_wconf 92' lang='lat' dir='ltr'>in</span> <span class='ocrx_word' id='word_1_413' title='bbox 578 2537 614 2566; x_wconf 82' lang='lat' dir='ltr'>Act.</span> <span class='ocrx_word' id='word_1_414' title='bbox 622 2537 651 2566; x_wconf 88' lang='lat' dir='ltr'>SS.</span> <span class='ocrx_word' id='word_1_415' title='bbox 659 2537 700 2567; x_wconf 90' lang='lat' dir='ltr'>Boll.</span> <span class='ocrx_word' id='word_1_416' title='bbox 707 2537 745 2574; x_wconf 87' lang='lat' dir='ltr'>Apr.</span> <span class='ocrx_word' id='word_1_417' title='bbox 754 2532 843 2571; x_wconf 56' lang='lat' dir='ltr'>111.p.ass5.</span> 
     </span>
    </p>
   </div>
   <div class='ocr_carea' id='block_1_4' title="bbox 0 0 891 2803">
    <p class='ocr_par' dir='ltr' id='par_1_4' title="bbox 0 0 891 2803">
     <span class='ocr_line' id='line_1_46' title="bbox 0 0 891 2803; baseline 0 0"><span class='ocrx_word' id='word_1_418' title='bbox 0 0 891 2803; x_wconf 95' lang='lat' dir='ltr'> </span> 
     </span>
    </p>
   </div>
  </div>
 </body>
</html>
