1762 2803
116 136 131 179 4
231 99 233 102 ⁵
307 120 386 174 tutta
402 116 517 179 utamur
533 115 626 178 uomit.

115 244 205 277 Videntes
220 248 281 276 autem
297 242 371 286 spiritus
389 238 464 282 maligni
476 239 525 282 quod
541 237 586 271 nihil
601 238 713 281 proficerent
728 239 818 273 aduersus

115 295 236 329 constantiam
251 294 302 336 eius3
322 298 436 328 assumentes
451 302 500 333 eum,
514 289 592 333 flagellis
605 290 676 331 ferreis,
689 296 707 325 et
722 291 818 324 horrendis

115 348 186 382 alarum
205 347 314 381 stridoribus
329 348 390 391 ipsum
402 350 488 388 torquent
504 348 523 377 et
537 342 628 385 cruciant;
645 343 724 377 eundem
740 342 818 386 denique

116 400 236 436 subuectum¹
248 401 271 435 ad
285 401 349 443 nubes,
361 399 380 434 in
391 396 527 443 septentrionali
542 395 596 440 plaga
609 395 643 431 celi
656 398 772 431 constituunt.
796 395 819 430 Et

99 454 165 498 5cepit
180 459 218 487 tota
236 453 270 488 celi
285 453 341 488 facies
357 454 405 487 nube
419 451 516 495 caliginosa
532 449 659 493 nigrescere²z
676 449 819 485 innumerabiles

117 508 171 540 turbe
179 506 300 550 malignorum
312 506 408 550 spirituum
418 505 514 546 confluunt,
523 507 595 546 captum
607 502 685 546 rapiunt,
694 508 712 537 et
722 504 745 536 ad
757 503 818 537 fauces

118 559 190 602 inferni,
198 559 327 594 miserabiliter
338 559 440 603 affligendo,
451 559 556 602 perducunt.
580 556 658 591 Sanctus
666 566 709 591 vero
718 556 818 591 Guthlacus

119 613 200 646 sentiens
213 612 302 645 fetorem³
314 612 434 655 gehennalem
447 616 465 644 et
477 616 569 644 estuantes
580 609 628 652 ignis
642 608 738 651 sulphurei
749 609 818 651 globos,

119 665 220 708 omniaque
225 674 293 708 passus
301 664 359 697 iuerat
366 668 450 707 respectu
456 662 504 697 illius
509 661 591 706 angustie
598 660 645 696 leuia
651 661 751 704 reputabat.
770 659 819 693 Hinc

93 729 111 751 ro
119 718 162 753 inde
170 717 251 763 gurgites
257 716 327 762 igneos,
332 717 375 750 inde
381 721 473 750 torrentes
479 717 567 761 grandine
574 714 643 759 glaciali
648 713 753 748 teterrimos
758 712 818 747 celum

120 777 139 805 et
151 777 220 806 terram
232 781 321 814 occupare
334 770 455 813 conspiciens,
466 769 521 810 videt,
534 780 571 802 non
584 769 624 802 sine
637 768 700 801 dolore
713 772 731 801 et
743 765 818 809 gemitu,

120 824 168 857 inter
175 823 284 866 sulphureos
291 832 369 866 vapores
378 822 453 866 ignium,
461 821 509 855 inter
515 821 612 864 uoragines
620 820 722 854 fauiliarum
727 818 819 853 inauditos

121 877 215 910 hominum
228 876 318 909 cruciatus
331 880 349 908 et
362 875 481 908 ineffabilium
495 874 550 908 sacies
561 878 701 908 tormentorum.
724 872 819 907 Demones

120 939 164 962 vero
176 927 211 960 hiis
219 927 250 970 qui
261 926 387 960 cruciabantur
399 925 509 960 horribiliter
520 925 634 966 insultantes,
643 925 695 969 quasi
706 925 729 958 de
737 924 776 958 viro
788 924 818 958 dei

94 993 112 1024 15
121 991 154 1024 pro
161 991 194 1013 suo
200 979 251 1012 libitu
257 979 405 1022 triumphassent,
412 979 491 1021 superbe
499 984 517 1011 et
522 979 623 1022 procaciter
630 978 748 1011 intonabant:
762 976 819 1011 ‘Ecce

120 1033 173 1068 nobis
182 1031 257 1066 traditus
265 1042 285 1066 es
293 1032 316 1065 ad
325 1030 414 1065 cruciatus
422 1036 501 1072 eternus,
510 1042 553 1065 ecce
560 1031 579 1065 in
587 1031 622 1066 hiis
632 1030 725 1065 doloribus
735 1030 775 1065 sine
783 1030 820 1065 fine

121 1085 239 1128 torqueberis,
247 1085 290 1127 quia
301 1085 355 1117 sedes
366 1089 440 1117 nostras
451 1083 540 1118 inuadere
550 1083 690 1128 presumpsisti’
713 1084 747 1118 ille
758 1089 820 1118 autem

119 1138 209 1181 patienter
227 1143 292 1170 cuncta
310 1137 396 1177 tolerans,
412 1136 494 1170 dicebat:
512 1135 601 1171 ‘Domine
620 1138 667 1171 deus
686 1148 745 1179 meus,
764 1136 783 1170 in
802 1142 820 1171 te

118 1190 201 1232 speraui:
219 1189 290 1222 saluum
301 1200 331 1223 me
342 1188 370 1222 fac
382 1200 406 1223 ex
417 1189 503 1223 omnibus
517 1190 671 1231 persequentibus
683 1200 719 1231 me,
732 1195 750 1224 et
762 1191 820 1223 libera

91 1252 110 1272 ao
118 1242 158 1274 me.’
185 1240 268 1283 Cumque
281 1250 324 1273 eum
337 1240 357 1272 in
368 1244 459 1273 tormenta
470 1240 579 1274 detrudere⁴
591 1251 612 1274 se
626 1241 729 1285 pataream,
743 1242 820 1275 accessit

118 1294 183 1328 beatus
206 1292 346 1327 Bartholomeus
364 1292 464 1336 apostolus,
482 1298 500 1327 et
523 1303 564 1326 cum
584 1305 606 1327 eo
629 1293 691 1327 lumen
714 1293 821 1329 mirabiliter

118 1347 202 1390 fulgens:
219 1345 270 1379 cuius
283 1346 401 1389 splendorem
417 1356 458 1379 cum
473 1346 563 1379 demones
577 1347 669 1380 sustInere
685 1357 722 1380 non
738 1352 820 1390 possent,

120 1399 182 1443 fugam
190 1397 279 1442 arripiunt
286 1403 305 1432 et
312 1399 335 1431 ab
344 1399 401 1431 oculis
409 1397 449 1431 eius
457 1403 575 1431 euanescunt.
598 1398 669 1440 Quibus
680 1398 732 1433 iussu
743 1399 821 1443 apostoli

121 1452 212 1486 reuocatis
228 1451 309 1487 districte
325 1451 403 1494 iniungit
417 1456 436 1484 vt
452 1462 494 1484 eum
514 1452 553 1484 sine
571 1451 620 1484 omni
638 1453 719 1495 corporis
737 1452 821 1486 molestia

95 1513 113 1542 25
122 1504 202 1538 referant
214 1504 237 1536 ad
247 1503 307 1537 locum
315 1504 364 1537 vnde
372 1508 471 1547 rapuerant
482 1514 530 1537 eum.
553 1503 606 1545 Quod
618 1515 659 1537 cum
671 1504 780 1538 suauissime
788 1516 821 1548 per

122 1568 165 1591 aera
179 1557 260 1590 facerent
274 1562 293 1591 et
307 1556 347 1590 sine
363 1556 451 1597 molestia,
465 1556 538 1590 auditus
553 1561 581 1590 est
595 1557 661 1591 chorus
674 1558 790 1601 psallentium
802 1559 820 1593 in

123 1610 206 1643 excelso:
220 1610 224 1625 ‘
231 1609 285 1642 ibunt
293 1609 350 1642 sancti
359 1609 382 1642 de
389 1610 457 1642 virtute
465 1609 484 1642 in
492 1609 584 1650 virtutem,
592 1610 683 1643 videbitur
690 1612 735 1644 deus
744 1613 820 1646 deorum

123 1662 142 1695 in
151 1662 206 1706 Syon,
213 1661 228 1680 θ’
251 1661 340 1695 Hostibus
348 1661 464 1705 triumphatis
475 1660 494 1695 in
503 1662 542 1695 loco
554 1661 670 1696 habitationis
680 1674 713 1697 sue
724 1664 821 1707 repositus,

123 1726 147 1748 ex
155 1715 195 1759 ipsa
202 1713 299 1747 vexatione
310 1714 368 1747 sactus
378 1720 407 1748 est
417 1713 508 1756 humilior,
516 1715 620 1757 feruentior,
628 1715 718 1758 solicitior,
726 1717 795 1759 sortior,
803 1724 821 1753 et

95 1776 114 1804 30
122 1768 194 1800 cautior.
240 1760 293 1799 Dum
301 1767 349 1799 circa
357 1766 456 1799 matutinas
468 1767 531 1799 laudes
543 1766 622 1800 solicitus
629 1767 668 1800 vice
676 1770 754 1810 quadam
766 1781 821 1804 excu-

121 1820 178 1862 baret,
190 1817 272 1863 respexit
284 1830 294 1852 a
307 1818 380 1852 sinistra
392 1819 439 1851 duos
451 1818 539 1851 demones
553 1817 586 1851 sibi
598 1819 663 1854 ceteris
676 1822 762 1855 notiores.
785 1822 821 1865 Qui

121 1883 162 1906 cum
175 1871 304 1905 miserabiliter
315 1872 387 1911 flerent,
399 1876 418 1904 et
429 1870 459 1904 ille
471 1881 544 1904 cansam
556 1872 610 1907 fletus
626 1873 732 1917 inquireret,
744 1886 821 1919 respon-

121 1926 198 1959 derunt:
211 1924 270 1966 ‘Quia
280 1924 365 1968 preuales
377 1929 441 1957 contra
452 1934 486 1958 nos
494 1924 513 1957 in
523 1925 611 1967 omnibus,
620 1931 674 1970 teque
683 1933 779 1962 attrectare
791 1935 821 1963 aut

121 1984 197 2022 tangere
205 1988 243 2011 non
254 1977 364 2017 audemus';
377 1976 461 2020 factoque
471 1977 524 2021 signo
535 1977 593 2013 crucis
604 1986 718 2015 euanuerunt
729 1981 752 2015 ab
764 1982 820 2016 oculis

94 2041 112 2070 35
121 2031 165 2065 suis.
211 2023 299 2073 Quadam
304 2034 357 2061 nocte
362 2030 401 2062 viro
408 2029 437 2062 dei
444 2031 591 2074 contemplationi
597 2038 615 2067 et
621 2033 821 2076 orationibusvacante‚

121 2082 203 2124 undique
211 2081 305 2113 turbarum
314 2079 400 2122 strepitus
408 2086 426 2113 et
437 2082 508 2123 clamor,
517 2083 568 2126 quasi
576 2085 668 2118 exercitus
675 2085 762 2119 irruentis
770 2088 820 2120 andi-

122 2132 213 2167 turulilis
229 2131 278 2165 enim
294 2132 358 2166 diebus
372 2131 456 2167 Britones
467 2133 569 2179 Anglorum
582 2142 656 2181 gentem
670 2137 731 2172 hostili
743 2138 821 2173 crudeli-

123 2192 160 2219 tate
169 2185 305 2218 vastabant—et
318 2185 382 2218 cellam
391 2186 419 2220 vir
431 2187 460 2220 dei
473 2189 575 2232 egrediens,
586 2196 604 2224 et
616 2201 671 2224 aures
684 2191 763 2234 erigens,
771 2193 821 2226 audit

123 2236 175 2281 quasi
183 2236 271 2280 populum
276 2237 429 2274 innumerabilem
439 2239 500 2285 lingua
512 2241 618 2285 britannica,
627 2254 682 2287 quam
694 2243 737 2278 olim
748 2243 821 2280 iuuenis

96 2300 116 2330 40
124 2290 143 2323 in
155 2289 209 2324 exilio
221 2289 313 2332 didicerat,
322 2291 430 2335 loquentem.
453 2294 532 2329 Demum
544 2296 626 2331 certatim
638 2296 709 2331 irruunt
720 2297 789 2341 populi,
803 2304 821 2333 et

124 2343 225 2376 habitaculo
242 2343 282 2377 eius
300 2344 361 2387 ignem
376 2346 476 2390 subiiciunt,
490 2348 541 2382 illum
557 2350 636 2392 rapiunt,
651 2350 709 2384 acutis
726 2351 820 2386 hastarum

124 2395 198 2440 spiculis
206 2395 224 2429 in
232 2406 275 2431 aera
282 2397 347 2440 leuant,
355 2398 408 2444 eique
419 2411 468 2435 nunc
479 2401 522 2446 igne
533 2412 582 2436 nunc
593 2402 642 2437 ferro
653 2408 732 2438 mortem
742 2403 822 2450 intemp-

123 2454 166 2483 tant.
195 2449 237 2492 Ipse
249 2461 298 2493 vero,
310 2452 407 2487 demonum
424 2454 457 2488 has
475 2465 517 2489 csse
531 2455 625 2490 illusiones
638 2456 748 2500 intelligens,
764 2457 824 2494 dixit:

143 2515 274 2550 ¹E.subiectum.
335 2517 471 2558 ²E.ingressere.
534 2522 724 2555 ³T.fet0remsentiens.
786 2524 820 2557 ⁴E.

123 2556 210 2587 dctraderc.
271 2558 277 2578 ³
287 2558 304 2590 E.
311 2565 403 2598 sperarent3
413 2561 431 2592 T.
440 2571 457 2592 se
465 2566 544 2599 pararent.
604 2562 610 2582 ⁶
621 2564 647 2595 Ps.
654 2564 714 2595 lxxxiv.
723 2573 736 2602 7.
