1762 2803
765 72 770 89 l

236 88 281 145 Ut
296 86 397 141 senua
413 87 551 155 milburga.
703 102 743 144 191

43 221 102 253 secus
114 211 137 245 de
150 209 236 245 exteriori
249 221 286 244 non
299 209 380 251 curault;
391 209 504 254 appetitores
515 208 610 253 virginalis
619 207 705 254 pudicitie
717 219 747 242 re-

44 264 127 308 pellebat,
139 263 207 296 nullius
219 263 254 296 nisi
265 262 333 295 Christi
344 263 400 297 solius
412 272 493 296 amorem
505 263 609 303 admittens,
620 260 648 295 cui
660 261 694 295 soli
704 266 747 295 voto

44 315 114 350 ardenti
126 315 231 348 adherebat
253 314 358 348 Vilescebat
371 314 387 348 ei
400 314 436 349 vita
449 314 553 357 mundialis,
565 324 646 359 sponsus
659 313 748 354 mortalis,

43 370 106 414 proles
121 367 209 403 carnalis:
227 374 245 402 et
257 367 329 402 cenobii
341 367 430 412 discipula
443 378 477 412 pro
489 367 563 402 Christo
577 366 649 402 subdita
664 366 747 401 efficitur.

45 416 95 458 Cum
103 421 153 455 enim
160 422 200 455 vice
208 422 287 465 quadam
295 426 347 455 entra
357 421 489 455 monasterium
499 421 518 454 in
529 422 608 465 quadam
618 420 662 454 villa
672 419 747 454 nomine
756 431 765 461 5

44 475 122 510 stokes¹
131 480 239 516 moraretur,
247 473 295 509 iilius
303 473 352 518 regis
363 473 458 509 cuiusdam
469 485 510 508 eam
521 485 556 519 per
565 473 671 509 violentiam
682 484 748 518 rapere

45 535 62 565 et
72 529 92 562 in
102 527 207 572 coniugium
217 528 252 562 sibi
264 527 350 571 copulare
362 527 463 562 affectabat.
487 527 509 562 Et
520 527 596 562 collecta
606 526 684 561 militum
692 537 748 560 manu

45 592 86 616 cum
94 580 189 615 moliretur
199 580 234 614 sibi
246 581 323 624 predam
334 580 395 614 faeere
404 580 427 614 de
437 579 514 623 virgine,
523 584 598 614 ostensa
608 578 673 614 celitus
681 578 749 613 famule

45 633 113 669 Christi
120 632 193 668 iuuenis
200 632 285 677 nequitia,
294 632 337 676 fuga
345 632 406 666 statim
414 643 456 667 cum
464 632 531 667 familia
539 638 653 678 preparatur.
676 631 749 666 Interea

45 687 73 722 vir
80 686 110 721 ille
118 686 228 722 temerarius
235 688 258 721 ad
266 686 326 721 locum
334 686 417 727 veniens,
426 693 444 721 et
451 686 541 731 virginem
550 697 587 721 non
595 687 699 728 inueniens,
705 687 749 730 lupo
759 696 777 718 ro

46 739 139 784 rapidior²
156 750 222 784 agnam
243 739 310 774 Christi
329 739 430 784 fugientem
448 739 556 783 insequitur.
585 738 629 773 Erat
647 738 672 773 ibi
688 738 749 774 amnis

46 793 119 838 quidam
134 792 209 827 nomine
225 792 286 835 Corf',
301 792 360 828 vad0⁴
373 792 458 827 meabilis
472 798 491 827 et
503 792 556 827 alueo
569 791 678 827 mediocris:
693 802 749 836 quem

45 847 96 889 virgo
102 856 144 879 cum
151 847 189 879 suis
196 846 268 889 fugiens
275 846 340 879 leuiter
345 845 435 886 transmit,
439 850 458 878 et
463 850 586 889 persequutor
591 844 665 888 iniquus
670 844 750 879 transire

46 909 82 932 non
96 897 160 941 potuit.
183 897 230 931 Nam
244 908 291 942 aqua
306 898 366 932 subito
380 897 507 932 intumescens
522 907 596 932 omnem
611 897 749 932 transeuntibus

46 952 130 986 semitam
144 952 251 995 denegabat.
275 951 366 986 Confusus
379 951 434 995 igitur
448 950 519 986 quenis
534 954 552 984 et
567 950 659 993 attonitus,
671 949 778 995 amplius15

46 1004 111 1048 virgini
119 1004 162 1038 talia
168 1004 237 1038 inferre
244 1015 281 1038 non
289 1005 408 1048 presumpsit.
453 997 504 1039 Cum
512 1009 573 1038 autem
581 1014 626 1039 auce
634 1003 722 1038 indomite
730 1004 749 1038 in

47 1059 111 1092 eodem
119 1057 159 1091 loco
168 1057 190 1091 de
199 1057 266 1092 Stokes
273 1056 349 1103 virginis
357 1062 420 1093 sancte
427 1068 481 1102 agros
488 1063 598 1102 occupantes
604 1058 725 1102 deposcerent
731 1063 750 1092 et

47 1110 116 1154 passim
126 1111 265 1154 depopularent,
275 1112 355 1154 dampno
365 1116 428 1145 sancte
437 1110 504 1155 virgini
513 1111 604 1154 nunciato,
614 1122 651 1145 non
661 1112 750 1146 turbatur.

48 1164 115 1199 Potens
123 1163 172 1198 enim
180 1163 250 1198 meritis
257 1168 275 1198 et
283 1164 386 1205 virtutibus,
394 1164 458 1197 auibus
466 1163 501 1197 illis
510 1163 588 1207 imperat
599 1169 618 1198 vt
626 1163 645 1198 in
653 1163 702 1208 agris
709 1164 749 1199 eius

48 1227 110 1251 earum
118 1217 169 1251 nulla
176 1223 275 1257 remaneat,
283 1228 317 1251 nec
325 1217 343 1250 in
351 1222 446 1261 posterum
457 1217 480 1251 de
491 1227 560 1259 genere
570 1216 641 1250 illarum
653 1216 702 1261 agris
711 1217 750 1251 suis
759 1226 778 1247 ro

47 1270 147 1313 dampnum
155 1268 227 1313 aliqua⁵
234 1269 302 1304 inferre
310 1275 409 1313 presumat.
424 1268 505 1314 Virginis
513 1269 573 1313 itaque
581 1268 658 1313 imperio
665 1269 750 1305 volucres

48 1323 81 1357 hac
93 1322 134 1366 lege
145 1327 258 1363 coercentur,
266 1327 285 1356 vt
297 1322 342 1356 satis
354 1322 393 1356 eius
404 1322 481 1357 vlterius
493 1333 530 1356 non
542 1328 635 1361 nocentes,
644 1322 699 1357 iussis
711 1322 751 1357 eius

48 1374 133 1411 obediant
138 1380 156 1410 et
163 1375 212 1419 agris
220 1374 332 1410 valefaciant.
348 1375 430 1421 Singulis
437 1375 491 1411 annis
497 1375 531 1410 hoc
539 1375 647 1411 miraculum
655 1383 751 1420 renouant,

48 1429 92 1462 dum
107 1428 159 1473 quasi
174 1428 261 1463 iussionis
276 1439 374 1469 memores,
386 1434 494 1473 preceptum
509 1429 612 1473 transgredi
628 1435 717 1473 metuunt,
732 1435 750 1464 et

49 1492 102 1524 agros
111 1481 190 1515 vitantes
200 1492 211 1514 a
222 1482 266 1515 satis
276 1481 374 1515 abstinent.
396 1482 435 1515 Aut
446 1482 495 1515 enim
506 1481 602 1515 famelice⁶
612 1481 639 1515 sic
648 1483 671 1515 ad
683 1493 751 1526 pascua
761 1493 778 1523 ²5

48 1533 162 1567 descendunt
175 1544 230 1567 secus
245 1544 304 1578 agros,
319 1540 350 1567 aut
364 1534 425 1567 volatu
440 1534 519 1579 fatigate,
534 1533 586 1579 quasi
602 1535 712 1579 respirando
725 1535 751 1570 sic

49 1585 148 1630 perparum
164 1588 191 1620 eis
205 1587 292 1627 insident,
308 1592 327 1620 vt
342 1587 421 1631 impaste
433 1587 476 1621 inde
488 1587 541 1621 eitius
556 1588 648 1621 recedant.
700 1581 751 1623 Cum

49 1645 110 1674 autem
125 1645 179 1674 nocte
194 1640 272 1683 quadam
288 1640 354 1674 diutius
370 1640 423 1675 solito
438 1640 551 1675 orationibus
569 1645 588 1675 et
602 1641 752 1685 contemplationi

49 1698 137 1732 vacasset,
150 1692 224 1735 fatigata
236 1693 297 1737 sopori
311 1694 393 1727 membra
405 1694 460 1735 dedit,
473 1699 490 1728 et
503 1699 542 1728 orto
554 1693 594 1728 sole
606 1705 695 1738 percussa
708 1695 752 1729 solis

49 1746 105 1785 radio,
118 1746 142 1777 de
157 1755 235 1788 sompno
250 1745 311 1778 subito
326 1745 454 1789 expergefacta
469 1746 551 1778 redditur
565 1748 646 1779 attonita.
669 1746 753 1791 Cumque
761 1759 781 1789 30

50 1796 138 1832 maturius
149 1796 202 1831 solito
213 1797 289 1831 attonita
301 1798 415 1841 procederet,
428 1798 522 1843 decapite
536 1809 569 1832 suo
582 1809 655 1833 sacrum
668 1799 752 1834 velamen

50 1850 101 1893 quasi
109 1850 171 1886 nescia
178 1850 258 1894 proiecit.
281 1851 320 1885 Nee
332 1861 388 1892 mora,
396 1851 440 1885 solis
451 1851 512 1885 radius
523 1850 586 1885 diuino
595 1856 646 1889 nutu.
654 1857 752 1895 antequam

50 1906 117 1938 terram
125 1907 213 1948 tangeret,
218 1902 261 1937 illud
270 1902 356 1948 suscepit,
362 1908 380 1937 et
387 1904 445 1939 donec
453 1904 503 1939 adse
511 1914 587 1939 reuersa
591 1909 646 1947 esset,
651 1905 752 1949 pendulum

50 1955 69 1990 in
77 1967 120 1992 aere
128 1967 189 1992 coram
197 1956 237 2003 ipsa
245 1957 318 1992 mansit.
336 1957 359 1992 Et
367 1957 435 1992 celeste
445 1957 552 1993 miraculum
561 1968 680 2003 cognoscens,
687 1958 752 1996 celitus

50 2020 70 2043 se
77 2011 168 2045 visitatam
179 2011 273 2051 intellexit,
282 2011 317 2045 deo
328 2010 395 2054 gratias
404 2010 447 2045 inde
459 2011 526 2053 libauit,
533 2011 628 2045 benedixit
639 2018 657 2046 et
669 2012 753 2057 magnili-
761 2028 781 2058 35

50 2064 102 2097 cauit.
146 2056 209 2097 Vidua
219 2074 261 2097 cum
273 2063 310 2096 filio
321 2074 354 2097 suo
365 2068 437 2097 mortuo
446 2063 496 2097 venit
505 2065 529 2097 ad
539 2063 630 2108 virginem
638 2071 727 2108 sanctam,
735 2073 753 2101 et

51 2115 108 2149 solam
115 2116 134 2150 in
142 2116 221 2149 oratorio
228 2126 269 2150 eam
278 2115 381 2157 inueniens,
389 2116 411 2149 ad
419 2116 477 2159 pedes
485 2116 525 2151 eius
533 2126 575 2151 cum
582 2117 652 2160 gemitu
660 2118 729 2159 cecidit,
736 2125 754 2153 et

50 2172 69 2201 vt
80 2167 118 2203 vite
129 2168 255 2203 restitueretur
266 2168 314 2203 filius
325 2167 365 2202 eius
379 2178 412 2203 sua
423 2168 556 2203 intercessione
567 2169 634 2213 iugiter
645 2169 754 2214 implorauit.

52 2218 84 2254 Cui
99 2220 151 2266 virgo
165 2220 199 2255 ait:
217 2221 270 2255 ‘Non
283 2220 326 2266 es[t]
332 2221 344 2263 ⁷,
356 2220 421 2267 inquit,
434 2232 478 2257 sane
492 2222 559 2257 mentis
571 2223 632 2268 quod⁸
645 2235 656 2258 a
670 2234 700 2259 me
714 2224 753 2261 fieri

51 2274 141 2319 deposcis.
162 2275 215 2310 Vade
234 2282 252 2310 et
271 2275 330 2320 sepeli
348 2281 441 2310 mortuum
460 2282 523 2318 tuum;
542 2282 597 2321 teque
614 2278 668 2312 morti
683 2278 783 2319 future⁹4o

52 2336 130 2372 prepara
140 2333 183 2372 post
194 2328 252 2362 filium
264 2334 320 2362 tuum.
342 2328 372 2363 Ad
384 2329 419 2363 hoc
431 2328 485 2372 enim,
493 2335 512 2364 vt
521 2330 616 2374 moriatur,
627 2330 687 2366 omnis
699 2332 754 2368 homo

71 2455 174 2489 ¹L.Stocas.
220 2456 254 2488 ²L.
262 2457 335 2488 rabidior.
382 2457 466 2488 ³L.Crof.
513 2458 606 2489 ⁴L.valde.
653 2459 755 2498 *tanqum

52 2493 165 2569 f'liiliiiirifa‘m.
201 2496 315 2528 'T.familice.
370 2496 404 2528 1Τ.
412 2502 445 2536 est;
455 2498 473 2529 E.
481 2507 503 2529 es.
558 2499 591 2530 8Τ.
600 2499 618 2530 E.
626 2500 700 2538 quid3L.
708 2502 754 2539 quod.
