1762 2803
260 117 305 173 Ut
320 116 420 170 emen
436 116 554 177 brento.
712 129 757 174 317

150 244 166 281 ll
178 236 212 278 De
223 253 295 278 seuero
307 235 398 278 Pernoco
409 252 483 278 ananan
495 252 518 278 ar
528 251 645 278 consessores
650 240 663 276 ¹.

93 319 150 355 Eatus
160 320 210 355 enim
222 320 315 362 Petrocus,
323 319 396 354 natione
405 319 500 362 Cumber¹,
507 331 531 354 ex
539 319 596 364 regali
604 324 656 353 ortus
666 316 759 363 prosapia,

114 373 139 407 ita
153 373 200 408 vixit
215 385 226 408 a
240 384 304 418 puero,
318 379 338 408 vt
353 384 423 418 sequax
438 373 487 416 fidei,
503 377 521 408 et
539 383 617 418 operum
634 371 759 418 apostolorum

55 427 145 472 principis
167 427 252 468 imitator,
271 427 350 470 quodam
369 427 422 470 quasi
440 427 527 471 presagio
546 436 570 460 ex
588 426 658 470 proprii
680 424 760 459 nominis

56 479 181 523 assignatione
193 484 282 524 percepto
292 479 385 521 diuinitus,
396 489 418 513 se
431 479 486 513 etiam
497 484 569 523 petram
581 489 624 513 esse
635 477 759 519 contenderet,

55 532 75 566 in
87 543 123 577 qua
134 543 187 567 suam
199 531 295 567 ecclesiam
306 532 347 576 ipsa
354 532 422 567 veritas
433 532 577 576 superedificare
587 531 704 577 promiserat.
726 530 777 566 Cois

56 586 112 621 talem
120 586 166 620 deus
174 585 277 619 contulerat
288 585 370 629 gratiam,
378 592 398 619 vt
407 585 427 619 in
438 585 521 619 omniurn
532 585 591 620 oculis
602 584 730 629 beneplacitus
741 590 760 619 et

57 644 144 682 acceptus
156 644 259 683 appareret.
288 638 333 672 Erat
348 637 398 672 enim
410 639 512 681 modestus,
527 637 607 680 humilis
618 638 671 672 dator
686 636 759 679 hilaris;

57 692 143 725 continua
159 691 248 724 charitate
266 691 347 732 feruens,
362 691 385 724 ad
400 691 462 724 omnia
477 691 571 734 religionis
586 701 644 735 opera
657 695 761 734 promptus.

58 743 130 778 Mortuo
146 749 207 778 autem
223 754 267 788 rege
281 749 335 788 patre
349 755 388 786 suo,
402 743 499 788 optimates
512 742 586 788 quique,
601 753 682 778 consona
697 742 761 786 populi

58 796 194 838 acclamatione,
205 806 269 840 regem
280 796 392 830 hereditario
402 795 442 830 iure
454 795 515 841 ipsum
527 796 639 831 constituere
650 795 761 830 nitebantur.
770 810 790 833 10

60 849 93 885 llle
104 861 154 893 vero,
166 849 249 895 neglecta
260 850 316 894 regali
328 861 401 895 pompa,
412 850 512 895 assumptis
523 860 586 885 secum
598 850 694 895 sexaginta
706 849 761 884 sociis

59 903 191 938 monasterium
202 902 273 938 intrans
283 903 365 938 habitum
375 903 469 948 religionis
480 903 566 948 suscepit.
589 902 662 947 Elapsis
674 908 716 948 post
727 903 761 938 hec

58 958 127 1001 aliquot
142 956 195 991 annis
210 956 229 991 in
246 956 355 991 Hiberniam
370 957 495 1000 proficiscens,
510 956 611 991 litterarum
627 955 728 1002 disciplinis
743 961 762 990 et

60 1020 112 1044 sacre
127 1009 218 1054 scripture
233 1009 297 1053 viginti
312 1009 366 1044 annis
381 1021 402 1045 se
417 1009 534 1052 mancipauit.
562 1009 671 1052 Repatriare
686 1010 761 1042 tandem

60 1061 147 1105 cogitans,
158 1062 177 1095 in
191 1060 247 1095 maris
262 1060 322 1095 littore
335 1067 399 1103 ratem,
411 1071 466 1105 quam
477 1061 546 1095 dudum
558 1060 626 1094 ibidem
637 1060 687 1094 nullo
698 1065 763 1106 preter
771 1072 789 1104 ¹5

60 1114 115 1148 deum
130 1114 206 1149 custode
223 1114 327 1159 reliquerat,
343 1114 392 1149 nulla
407 1125 497 1160 compage
510 1115 570 1149 soluta
582 1114 673 1158 integram
686 1113 762 1149 inuenit.

61 1168 153 1211 Expansis
161 1173 222 1201 autem
230 1168 275 1202 velis
283 1177 367 1211 naueque
374 1173 430 1202 vento
437 1168 542 1208 commissa,
550 1177 639 1211 prospere
648 1166 761 1202 Britanniam

60 1220 152 1265 applicuit.
179 1219 265 1264 Egressis
283 1220 306 1254 de
324 1230 372 1256 naue
390 1220 488 1265 discipulis,
504 1231 598 1255 messores
612 1220 649 1255 illic
664 1225 763 1265 operantes

60 1284 123 1307 amare
131 1268 162 1308 'eis
175 1272 245 1316 loquuti
259 1278 314 1315 sunt;
330 1273 407 1316 insuper
418 1279 436 1308 et
449 1276 554 1317 importune
565 1279 631 1316 petunt
642 1273 727 1317 quatinus
738 1274 762 1306 ad

60 1325 210 1370 restringendam
218 1324 267 1359 sitim
275 1335 328 1360 suam
335 1324 405 1360 sontem
413 1324 440 1360 eis
448 1325 506 1361 dulcis
514 1337 561 1372 aque
569 1326 592 1360 de
603 1326 679 1371 scopulo
689 1325 763 1361 eliceret
772 1337 792 1360 το

61 1378 140 1413 famulus
152 1379 193 1414 dei:
210 1381 249 1413 siue
263 1385 282 1412 vt
295 1379 393 1413 irriderent
405 1381 502 1422 aduenam,
513 1380 553 1414 siue
565 1385 585 1413 vt
597 1379 637 1413 eius
650 1380 763 1414 sanctitatem

61 1431 191 1477 experimento
210 1431 241 1467 tali
259 1438 398 1476 cognoscerent.
425 1432 459 1467 llle
476 1444 527 1474 vero,
546 1432 577 1478 qui
596 1433 702 1477 petentibus
720 1434 764 1468 dare

61 1485 135 1529 rogata³
142 1490 270 1527 consueuerat,
278 1485 307 1520 dei
315 1491 391 1520 exorata
399 1485 502 1527 clementia,
510 1496 576 1520 saxum
586 1487 678 1531 percussit
688 1485 764 1521 baculo:

61 1544 80 1573 et
87 1549 131 1573 mox
138 1538 182 1573 inde
190 1538 232 1573 sons
240 1549 287 1583 aque
295 1538 354 1574 dulcis
361 1543 415 1584 atque
423 1539 495 1574 lucidus
502 1538 592 1574 scaturire
599 1539 673 1584 incepit,
681 1545 699 1573 et
706 1550 765 1583 usque

61 1592 80 1625 in
89 1592 198 1626 hodiernum
207 1592 256 1625 diem
264 1602 339 1625 manare
348 1603 385 1625 non
393 1592 466 1626 desinit.
479 1592 593 1626 Mirabantur
599 1591 685 1627 hiisvisis
691 1592 764 1627 barbari
774 1604 792 1636 ²5

61 1645 68 1663 ⁴
76 1644 181 1687 (christiane
191 1644 283 1689 religionis
291 1644 365 1688 penitus
374 1644 440 1689 ignari)
445 1644 458 1687 ⁴,
466 1650 485 1679 et
494 1644 590 1689 querentil
597 1655 652 1680 seruo
659 1643 690 1679 dei
700 1643 716 1680 si
724 1643 765 1691 quis

62 1697 155 1743 religionis
163 1697 221 1733 cultor
228 1697 246 1732 in
254 1697 285 1733 illa
292 1704 342 1733 esset
350 1697 450 1743 prouincia,
458 1704 541 1734 sanctum
548 1699 641 1743 quendam
649 1699 666 1733 ei
674 1704 765 1733 monstra-

62 1757 105 1786 runt
113 1752 247 1795 Sampsonem3
259 1751 430 1796 narrationemquefl
438 1751 526 1786 facientes
533 1752 557 1786 de
566 1751 647 1786 solitaria
654 1751 692 1786 vita
699 1751 740 1787 eius
747 1758 766 1787 et

62 1804 180 1848 parcimonia,
191 1804 259 1847 labore,
271 1804 337 1848 vigiliis
352 1810 371 1839 et
385 1804 477 1849 precibus,
490 1810 509 1839 et
523 1804 615 1849 quomodo
628 1804 682 1848 panis
694 1810 765 1839 tantum

63 1857 149 1891 ordeacei
163 1867 220 1901 parco
234 1863 341 1891 vesceretur
355 1856 421 1891 edulio.
444 1857 486 1891 Hec
500 1856 577 1891 audiens
592 1866 659 1890 seruus
674 1857 710 1899 dei,
722 1867 765 1891 cum
774 1872 794 1901 30

63 1909 187 1954 Sampsonem
202 1915 252 1944 esset
266 1909 347 1950 intuitus,
362 1910 386 1943 ad
401 1910 457 1943 deum
472 1920 538 1953 preces
553 1908 599 1943 ludit
614 1920 639 1944 ne
653 1920 664 1943 a
679 1909 719 1944 loco
733 1909 766 1944 illo

63 1963 176 2005 abscederet,
182 1973 278 2007 quousque
284 1962 394 2007 colloquium
402 1963 442 1996 eius
450 1962 518 1996 habere
524 1967 631 1997 mereretur.
647 1961 765 1998 Desiderium

63 2016 125 2051 statim
133 2016 194 2051 anime
202 2015 242 2051 eius
252 2015 315 2051 tribuit
325 2016 342 2050 ei
353 2014 443 2058 dominus,
451 2022 494 2050 voto
504 2015 544 2050 eius
554 2015 642 2050 adiiciens
652 2017 701 2060 quod
713 2026 766 2051 orare

63 2080 101 2103 non
112 2069 233 2114 presumpsit.
256 2069 304 2103 Nam
315 2068 377 2103 statim
389 2068 495 2112 Sampson⁷
507 2068 532 2102 ita
543 2068 633 2113 membris
645 2067 735 2111 diriguitl,
746 2075 766 2103 vt

63 2121 212 2163 instrumentum,
227 2132 264 2166 quo
279 2126 348 2156 terram
367 2126 451 2155 euertere
468 2120 543 2162 solebat,
560 2131 616 2155 manu
635 2131 711 2156 mouere
729 2131 766 2156 non
775 2136 794 2170 35

64 2181 134 2220 posset,
142 2174 230 2210 orationis
237 2176 318 2210 hominis
326 2176 356 2210 dei
363 2174 436 2210 vinculo
443 2174 519 2210 vinctus.
542 2174 566 2209 Et
576 2175 675 2210 accedente
684 2175 767 2218 Petroco,

64 2229 84 2264 in
103 2228 143 2264 eius
162 2228 270 2264 salutatione
287 2228 380 2274 Sampson
395 2238 452 2263 saxeo
467 2227 498 2262 illo
511 2228 572 2273 rigore
587 2228 676 2271 soluitur;
692 2234 710 2264 et
725 2229 768 2264 dato

64 2282 143 2317 inuicem
151 2282 202 2326 pacis
209 2283 278 2325 osculo,
282 2283 350 2326 gratias
358 2287 376 2317 et
384 2282 448 2316 laudes
456 2282 491 2317 deo
498 2282 594 2317 dederunt.
609 2282 698 2317 Petrocus
705 2288 768 2316 autem

65 2358 82 2382 ut
93 2357 155 2382 tuorum
165 2353 263 2382 consorcium
274 2353 290 2381 in
301 2353 340 2382 celis
350 2357 468 2390 promereretur
477 2356 571 2389 sanctorum,
583 2353 603 2382 da
614 2351 680 2382 ecclesie
691 2356 722 2390 tue,
731 2361 768 2390 que

64 2401 123 2428 sumus,
134 2392 170 2422 eius
180 2392 270 2422 interuentu
280 2398 373 2431 perpetuam
383 2392 460 2431 consequi
471 2392 545 2430 leticiam,
556 2392 600 2423 cuius
611 2392 716 2431 deposicionis
727 2392 769 2423 diem

65 2432 159 2470 gratulando
166 2432 234 2462 celebrat
241 2432 345 2470 solempnem,
353 2442 386 2470 per.

85 2471 91 2490 ¹
102 2472 132 2501 Ed.
142 2472 159 2501 in
168 2472 204 2503 Act.
216 2472 245 2502 SS.
256 2471 297 2502 Boll.
308 2481 317 2510 4
327 2472 370 2508 June
380 2473 393 2509 l,
404 2482 419 2510 p.
426 2481 461 2510 392,
473 2481 494 2502 ex
505 2472 538 2504 its.
550 2472 591 2503 Rub.
599 2470 649 2503 Vallis
659 2471 690 2501 and
701 2471 769 2509 Capgr.;

66 2512 98 2542 abr.
105 2512 146 2541 from
153 2512 181 2541 the
188 2512 222 2542 Lite
230 2513 288 2549 quoted
295 2512 317 2549 by
324 2512 383 2543 Leland
391 2513 426 2543 ltin.
433 2513 465 2543 viii.
471 2522 495 2550 52.
536 2511 542 2529 ²
552 2512 571 2543 Ε.
578 2512 648 2549 euniber,
656 2510 689 2541 Lel.
696 2511 767 2541 Camber.

65 2551 169 2590 ³E.rogate.
234 2551 348 2582 ¹·‘om.inT.
415 2552 563 2591 'Bollquerente
629 2551 768 2590 ‘Baliumque

66 2591 177 2624 ⁷E.samson.
237 2590 355 2630 ·T.dirriguit.
