1762 2803
104 103 148 156 366
293 101 373 154 mota
388 99 505 163 boccona
520 101 613 164 ancta

104 226 192 257 cauerunt
200 220 274 267 populo,
282 222 415 267 omnibusque¹
422 222 442 258 in
453 235 488 259 sua
497 223 559 269 lingua
569 223 652 269 perfecte
663 222 807 270 intelligentibus

104 286 142 308 eos.
166 275 210 308 Post
220 276 254 308 hec
262 286 311 318 vero,
323 277 447 311 admonitione
458 278 545 322 angelica,
557 287 567 310 a
579 277 628 310 clero
639 280 657 311 et
669 277 737 321 populo
748 277 807 320 electi,

104 327 204 372 pontificali
215 328 303 372 dignitate
314 328 407 364 sublimati
418 335 472 365 sunt:
488 335 506 365 et
518 329 569 374 quasi
581 329 600 364 in
612 328 736 364 testimonium
749 330 807 375 gratie

105 392 160 427 quam
171 380 196 418 ibi
208 381 282 417 domino
293 381 394 427 largiente²
402 390 526 429 susceperant,
535 385 577 418 data
588 389 631 417 sunt
642 383 669 418 eis
681 384 765 427 preciosa
773 384 808 418 tria

87 448 96 478 5
105 445 187 477 munera,
194 440 249 478 prout
259 434 324 479 cuique
334 439 462 481 competebat:
475 437 554 471 Paterno
563 436 638 473 baculus
648 441 666 470 et
675 446 720 482 capa
728 436 807 471 choralis

104 489 188 531 precioso
196 487 254 522 serico
262 495 353 532 contexta,
360 501 382 523 eo
390 492 439 534 quod
446 491 497 524 illum
505 495 597 524 cantorem
606 490 701 532 egregium
709 489 806 524 videbant:

105 541 172 575 Sancto
187 545 249 574 autern
265 541 326 575 Dauid
341 542 397 576 altare
413 541 515 583 mirificum,
530 540 575 574 nulli
590 541 638 575 bene
654 545 717 575 notum
733 541 756 575 de
771 551 808 585 qua

105 592 181 627 materia
198 592 257 627 suerat
273 592 351 637 factum;
369 604 412 629 uam
426 593 520 629 iocundius
535 593 601 629 ceteris
618 594 721 628 celebrauit.
751 594 808 628 Beato

105 651 166 681 autem
177 645 254 683 Theliao
266 646 365 683 cimbalum
376 649 466 684 dederunt
478 647 536 693 magis
549 647 639 683 famosum
652 658 706 692 quam
722 648 745 683 sit
758 659 808 692 mag·

80 716 98 738 10
106 711 155 743 num,
171 700 229 745 magis
241 701 345 746 preciosum
357 712 412 747 quam
424 701 526 747 pulchrum,
539 700 582 746 quia
593 700 642 736 dulci
657 711 703 735 sono
718 693 808 745 organum

106 764 161 788 omne
179 753 252 788 videtur
270 756 373 790 excellere:
392 756 476 800 periuros
494 756 586 799 dampnat,
605 754 689 789 infirmos
709 760 770 797 curat;
790 759 809 790 et

106 808 184 850 singulis
199 808 249 840 horis
264 809 314 840 nullo
334 808 431 841 mouente³
443 809 524 850 sonabat,
539 809 598 840 donec
613 807 694 851 peccatis
713 807 808 840 hominum

107 858 223 903 exigentibus
238 859 270 903 qui
287 859 331 893 illud
346 859 420 905 pollutis
435 859 519 894 manibus
537 864 608 894 temere
622 859 728 900 tractabant,
744 869 755 893 a
771 864 808 894 tam

107 913 155 947 dulci
167 913 255 956 obsequio
267 917 352 948 cessaret.
374 913 426 948 Sicut
435 912 485 948 euim
494 911 591 947 cimbalum
603 916 695 956 atorpore
707 911 781 956 sompni
791 917 809 947 et

81 982 98 1013 15
107 966 173 1000 inertie
188 971 262 999 cunctos
277 967 300 1000 ad
315 966 411 1001 ecclesiam
423 966 491 1006 inuitat,
505 965 530 1000 ita
543 970 617 1000 sanctus
632 965 725 1007 Theliaus,
740 965 809 999 Christi

107 1029 163 1064 preco
175 1020 238 1061 lactus,
250 1018 365 1054 incessanter
377 1019 488 1063 predicando
501 1018 593 1054 subiectos
609 1019 632 1053 ad
646 1019 705 1053 celum
719 1019 776 1053 verbo
791 1023 809 1053 et

108 1073 194 1115 exemplo
202 1071 293 1105 incitabat.
338 1065 405 1107 Sancti
416 1073 477 1116 itaque
485 1072 515 1105 dei
522 1082 612 1116 prospere
623 1071 642 1104 in
654 1071 748 1115 regionem
756 1082 809 1106 suam

108 1124 185 1164 reuersi,
200 1129 276 1168 propter
292 1124 416 1168 pestilentiam
432 1135 467 1168 que
483 1124 522 1157 iere
537 1123 606 1158 totam⁴
621 1124 715 1158 deleuerat
729 1128 809 1168 gentem,

108 1176 176 1212 diutius
190 1176 210 1210 in
224 1176 286 1212 terra⁵
301 1178 369 1212 morari
384 1187 421 1211 non
436 1181 525 1222 poterant.
547 1175 607 1212 Pestis
622 1181 683 1212 autern
696 1176 726 1211 illa
741 1176 810 1212 ‘ssaua'

81 1231 212 1272 ,ovocabatun
229 1241 251 1264 eo
266 1231 316 1274 quod
331 1230 390 1265 ssauos
405 1236 423 1265 et
438 1231 553 1273 exsangues‘
567 1230 664 1265 uniuersos
679 1240 725 1274 quos
744 1229 810 1264 inuasit

108 1283 202 1317 efficiebat.
229 1282 270 1325 Que
283 1283 303 1316 in
318 1283 417 1327 columpna
432 1294 501 1327 aquose
516 1283 570 1317 nubis
585 1282 690 1317 hominibus
705 1283 810 1327 apparebat,

108 1346 165 1370 vnum
173 1340 228 1379 caput
235 1345 313 1370 verrens
319 1335 326 1355 ⁷
333 1347 368 1380 per
378 1341 446 1370 terram
452 1337 464 1378 Β,
472 1336 520 1370 aliud
530 1346 603 1370 sursum
615 1336 689 1370 trahens
701 1347 735 1379 per
742 1346 811 1378 aerem,

109 1394 127 1423 et
139 1399 173 1432 per
185 1393 242 1422 totam
257 1388 351 1432 regionem
367 1389 477 1423 discurrens.
508 1389 620 1432 Quecunque
635 1393 696 1422 autem
711 1388 810 1423 animantia

109 1452 142 1475 suo
150 1441 238 1485 pestifero
248 1441 291 1475 flatu
299 1441 363 1486 attigit,
371 1448 402 1476 aut
412 1441 460 1476 illico
467 1442 591 1476 moriebantur
598 1446 628 1476 aut
635 1452 693 1485 vsque
702 1442 724 1475 ad
733 1446 810 1476 mortem

83 1513 101 1543 ²5
110 1495 221 1539 egrotabant.
249 1494 270 1528 Si
282 1494 323 1538 quis
335 1506 380 1529 vero
395 1495 486 1530 medelam
502 1494 590 1539 egrotanti
605 1495 693 1528 adhibere
709 1500 811 1536 conaretur,

110 1547 150 1581 sine
163 1547 290 1581 medicaminis
302 1548 368 1581 effectu
381 1548 503 1581 medicantem
517 1557 558 1581 curn
570 1552 632 1590 egroto
645 1551 684 1580 atra
697 1547 737 1581 lues
748 1548 772 1581 ad
783 1546 811 1580 in-

109 1599 184 1635 teritum
191 1598 280 1633 trahebat.
303 1598 390 1635 Seuiente
402 1599 452 1634 enirn
459 1599 478 1634 in
486 1599 590 1635 hominibus
598 1604 616 1634 et
623 1598 709 1634 iumentis
716 1599 746 1634 illa
753 1605 811 1644 peste,

110 1658 184 1688 sanctus
192 1652 278 1687 Theliaus
286 1652 305 1687 in
313 1653 380 1688 ieiunio
390 1659 409 1687 et
418 1653 493 1697 planctu
504 1654 589 1687 clamauit
596 1655 619 1687 ad
627 1653 727 1695 dominum,
735 1653 811 1688 dicenst

110 1706 183 1749 ‘Parce,
197 1707 276 1749 domine,
288 1718 343 1751 parce
354 1707 423 1751 populo
434 1712 470 1749 tuo,
483 1707 513 1751 qui
525 1717 562 1740 non
573 1706 601 1741 vis
614 1711 693 1741 mortem
704 1706 812 1751 peccatoris,

82 1761 144 1805 gosed
158 1760 220 1800 vitam,
236 1760 283 1803 [et]⁹
297 1770 322 1794 ne
339 1761 372 1794 des
391 1760 511 1794 hereditatem
526 1765 575 1793 tuam
590 1759 609 1792 in
627 1759 758 1803 perditionem.¹
782 1759 811 1793 lra

110 1814 184 1846 demum
197 1811 227 1846 dei
238 1811 278 1846 eius
289 1812 371 1846 oratione
382 1811 496 1855 aliorumque
508 1817 613 1845 sanctorum
626 1813 649 1846 ad
661 1817 735 1855 tempus
746 1812 811 1856 sopita,

110 1865 174 1899 celitus
186 1864 290 1898 admonitus
298 1875 340 1898 curn
351 1864 387 1898 hiis
395 1864 426 1908 qui
432 1864 446 1883 ¹³
453 1864 522 1898 residui
531 1864 603 1898 lucrant
613 1865 636 1898 de
647 1869 701 1908 gente
710 1864 728 1898 in
741 1864 812 1909 lougin-

109 1930 155 1964 quas
165 1918 250 1953 discessit
261 1918 351 1962 regiones,
360 1918 418 1952 donec
430 1918 476 1952 deus
488 1917 515 1952 eis
526 1917 604 1952 reditum
616 1917 635 1952 in
644 1917 722 1963 patriam
735 1918 812 1953 innuere

109 1973 221 2017 dignaretur.
249 1971 300 2006 Deus
311 1976 378 2014 autem,
390 1971 442 2006 cuius
455 1971 581 2006 misericordia
595 1972 650 2015 plena
663 1977 706 2006 suut
720 1972 812 2014 uniuersa,

82 2043 101 2073 35
110 2037 147 2061 non
159 2031 228 2060 tantum
240 2024 300 2069 gentis
312 2025 387 2059 tandem
398 2024 497 2064 miseriam,
505 2024 539 2058 sed
550 2029 633 2059 sanctum
644 2035 679 2069 pro
691 2030 745 2069 gente
757 2036 812 2059 exor-

110 2084 172 2113 antem
183 2076 273 2122 propitius
285 2077 392 2121 respiciens,
400 2077 492 2111 concessit
499 2077 526 2111 eis
536 2078 559 2112 de
570 2077 625 2111 exilio
635 2078 708 2120 reuerti,
717 2083 734 2111 et
745 2078 812 2122 aperi-

111 2132 151 2165 culo
166 2130 240 2174 penitus
255 2130 333 2163 liberari.
356 2129 389 2163 Vir
404 2134 465 2163 autem
478 2129 513 2171 dei,
525 2129 584 2173 gentis
599 2129 686 2174 reliquias
701 2130 789 2173 colligens
795 2130 813 2171 ¹¹,

111 2183 170 2217 natale
185 2183 245 2216 solum
260 2182 338 2226 repetiit,
352 2187 371 2217 et
384 2181 507 2226 principatum
523 2191 579 2226 super
592 2192 657 2217 omnes
665 2182 752 2217 ecclesias
767 2182 813 2217 occi·

112 2236 190 2270 dentalis
198 2234 279 2269 Britanie
288 2235 377 2279 usquead
389 2235 446 2269 finem
453 2234 490 2270 vite
501 2244 535 2269 sue
546 2233 608 2270 tenuit.
647 2227 730 2271 Sanctus
737 2235 813 2269 demum

84 2304 103 2335 40
112 2288 205 2329 Theliaus,
214 2287 311 2322 virtutibus
324 2292 343 2323 et
357 2287 408 2322 omni
423 2287 519 2322 sanctitate
534 2288 605 2331 plenus,
617 2287 636 2322 in
650 2293 745 2323 senectute
759 2290 814 2330 bona,

111 2342 175 2387 quinto
190 2341 231 2375 idus
244 2340 330 2375 februarii
345 2342 429 2375 seculum
444 2341 551 2385 relinquens
565 2342 650 2386 migrauit
665 2343 688 2376 ad
703 2342 769 2377 celum.
792 2342 813 2376 ln

111 2401 165 2430 nocte
177 2399 239 2428 autem
251 2393 370 2438 depositionis
386 2394 426 2428 eius
441 2394 539 2428 interires
555 2396 614 2429 cleros
626 2396 681 2429 trium
695 2395 814 2429 ecclesiarum

131 2467 245 2499 lvnomnibus.
286 2465 401 2505 'Elagiente
436 2466 558 2497 ³E.monente.
597 2466 632 2499 ⁴E.
641 2473 690 2499 totam
700 2469 738 2499 sere.
778 2467 814 2497 5Ε.

112 2514 174 2540 terram.
204 2506 239 2537 6Ε,
247 2515 332 2543 exangues.
362 2507 471 2537 ⁷E.vertens.
508 2507 541 2537 'T.
549 2517 615 2546 perram.
647 2508 693 2537 ⁹0m.
701 2509 717 2537 in
725 2509 743 2538 E.
774 2508 785 2525 ¹⁰
796 2507 813 2536 E.

112 2558 148 2588 que.
190 2546 200 2566 ¹¹
213 2546 231 2577 Ε.
239 2546 314 2585 coligens.
