1762 2803
87 117 89 122 v
130 109 173 152 aaa
225 133 226 136 κ
394 109 517 169 apperuit
534 112 565 156 11.

129 228 203 262 incurrit.
227 229 286 262 Postas
298 234 356 262 tamen
370 230 471 272 campanilis
484 231 524 266 hinc
535 233 576 266 inde
587 232 672 267 cadebant
683 238 701 267 et
712 237 752 266 ante
763 237 781 265 et
792 237 831 274 post

128 280 223 312 monachos
236 290 247 312 a
262 279 325 313 dextris
341 286 358 313 et
373 290 384 314 a
398 280 470 315 sinistris
486 281 596 317 circumcirca
611 283 688 324 ruebant,
703 283 759 317 nullus
774 288 832 316 tamen

128 340 187 363 eorum
200 330 293 363 ledebatur.
316 331 416 372 Campanile
430 331 481 374 igitur
493 334 562 367 horrido
577 339 625 367 motu
640 340 658 367 et
672 334 736 376 impetu
751 343 831 366 corruens

128 389 187 412 uersus
195 385 272 413 sanctum
281 381 398 422 Edmundum,
406 392 444 414 curn
452 394 483 425 per
493 394 561 417 omnem
570 384 658 417 racionem
668 389 686 417 et
693 383 740 417 venti
749 382 831 417 iudicium

111 440 119 468 5
129 429 164 462 eius
172 435 282 471 attemptaret
289 431 375 472 feretrum,
383 432 411 464 dei
419 433 480 465 virtute
491 444 578 467 reuersum
589 435 644 467 estad
653 433 755 476 aquilonem,
763 432 792 466 ubi
800 442 832 465 nec

128 479 198 511 omnino
210 485 281 512 noceret
291 481 394 520 hominibus,
400 487 417 514 et
424 483 462 515 loca
473 483 559 516 sanctiora
567 490 584 516 et
592 482 676 525 digniora,
685 482 720 516 scil.
728 481 789 515 altaria
796 481 831 514 sin-

128 531 172 571 gula,
181 528 245 563 intacta
252 529 358 574 relinqueret,
368 531 473 567 benedictus¹
481 533 523 567 deus
534 544 565 577 per
576 533 638 568 omnia.
668 534 711 574 Hec,
720 532 793 573 Chri5te,
802 538 831 566 tua

128 580 218 622 magnalia,
226 580 254 623 qui
263 592 293 624 per
300 592 359 624 preces
371 588 388 616 et
396 583 457 616 merita
465 584 519 617 sancti
528 584 616 617 Edmundi
627 590 644 617 et
655 583 726 617 aliorum
734 583 762 626 qui
775 589 831 615 tecum

128 635 168 663 sunt
175 630 218 664 facis
225 632 315 673 mirabilia,
324 633 399 675 operaris
407 633 503 675 magnifica,
512 639 529 666 vt
537 644 600 667 nomen
609 635 654 675 quod
663 639 688 666 est
696 633 806 666 benedictum
814 631 832 664 in

101 690 120 711 ιο
129 681 191 721 secula,
200 682 246 723 apud
254 681 322 714 infimos
330 687 347 715 et
358 689 456 725 peccatores
466 682 488 716 sit
498 683 515 716 in
526 683 577 715 laude
587 682 682 724 perhenni3
695 682 753 725 sicque
764 681 831 724 piorum

129 731 181 764 corda
193 732 289 773 confinnas‚
301 738 318 766 et
329 732 420 774 impiorum
431 739 501 774 pectora
512 743 542 775 per
553 733 586 766 hec
597 733 620 765 ad
631 738 647 765 te
658 743 747 774 prouocas,
757 737 775 764 vt
785 731 831 764 dicat

129 781 185 814 omnis
197 782 258 815 homo:
271 783 322 815 ‘Non
333 788 359 816 est
371 781 430 816 similis
442 782 466 816 tui
477 782 552 824 domine,
560 789 578 816 et
589 793 623 816 non
635 788 662 816 est
672 783 767 816 secundum
778 793 831 825 opera

129 831 168 867 tua'
192 832 235 871 Hec,
244 832 320 875 inquam,
331 833 399 867 Christe
409 844 439 875 per
449 839 466 866 te
476 834 523 867 lacta
533 839 578 875 sunt,
590 833 618 877 qui
630 833 672 867 lacis
683 832 768 866 mirabilia
778 834 830 874 solus,

128 889 145 916 et
153 882 196 915 viuis
204 889 222 915 et
228 894 290 923 regnas
298 894 337 915 cum
345 885 378 915 deo
386 889 434 925 patre
442 884 459 915 in
467 884 533 917 unitate
540 884 608 925 spiritus
616 883 675 921 sancti,
684 889 715 916 etc,

101 978 119 1008 15
130 963 203 1041 Clrca
214 975 278 998 annunt
287 964 352 998 domini
363 966 409 1006 1182,
417 965 496 999 dominus
504 965 599 999 Willelmus
607 965 629 998 de
637 966 699 1007 Burgo,
708 964 753 999 filius
763 964 830 999 comitis

187 1014 256 1055 cancie,
267 1015 344 1048 fundauit
355 1017 477 1050 monasterium
489 1016 610 1050 canonicorum
622 1015 708 1058 nigrorum
719 1015 736 1049 in
747 1015 831 1049 territorio

128 1066 149 1098 de
157 1065 263 1099 Atheschille
274 1065 292 1097 in
304 1065 394 1106 Hibernia,
402 1066 419 1099 in
429 1066 495 1100 honore
508 1072 568 1100 sancte
581 1066 637 1099 Marie
649 1071 666 1099 et
677 1065 731 1107 sancti
742 1065 830 1099 Edmundi

127 1116 173 1158 regis
184 1122 201 1148 et
211 1115 296 1155 martiris3
308 1116 326 1148 in
338 1115 385 1148 cuius
395 1116 493 1149 monasterii
505 1115 578 1149 oratorio
589 1115 683 1157 principali,
692 1116 737 1148 iuxta
748 1126 830 1157 magnum

127 1166 187 1204 altare,
195 1164 268 1197 situatur
279 1165 352 1208 quedam
364 1176 427 1207 ymago
439 1165 492 1199 sancti
503 1166 547 1206 regis
555 1171 573 1199 et
580 1165 654 1198 martiris
662 1164 756 1204 Edmundi,
765 1164 829 1198 habens

101 1228 120 1248 20
128 1215 146 1248 in
153 1225 205 1247 manu
213 1225 243 1247 sua
254 1215 313 1248 dextra
323 1214 401 1247 lanceam
412 1215 430 1247 in
440 1214 507 1256 signum
517 1214 618 1258 protectoris
628 1220 645 1247 et
656 1213 711 1247 tocius
721 1213 765 1247 illius
776 1214 830 1257 patrie

128 1264 221 1299 defensoris
233 1265 291 1307 palam
304 1270 396 1299 extensam.
419 1265 482 1299 Volens
496 1270 553 1299 autern
566 1264 645 1298 dominns
657 1275 721 1298 nomen
733 1264 830 1307 famamque

127 1316 222 1349 sanctitatis
234 1315 308 1348 martiris
318 1315 344 1348 sui
354 1315 442 1349 Edmundi
453 1315 470 1347 in
478 1314 558 1355 occiduis,
566 1315 610 1348 sicut
621 1314 639 1347 in
648 1314 758 1347 orientalibus
769 1315 829 1347 mundi

127 1366 204 1409 partibus
211 1365 278 1408 longius
286 1364 374 1408 laciusque
382 1365 471 1406 nitescere,
478 1371 495 1398 et
501 1365 605 1399 Hibemicos
610 1365 675 1398 firmius
683 1365 701 1397 in
709 1365 743 1398 fide
750 1365 829 1405 solidare,

127 1417 269 1458 fundatoremque
284 1415 355 1458 predicti
370 1414 470 1448 monasterii
485 1416 507 1448 de
523 1420 578 1448 morte
593 1425 624 1448 sua
638 1414 735 1457 premunire
750 1414 830 1457 quatinus

100 1480 118 1510 25
127 1467 184 1499 anime
195 1476 225 1499 sue
237 1465 287 1499 saluti
295 1465 379 1498 solicicius
387 1465 484 1507 inuigilaret
493 1476 554 1508 resque
565 1463 616 1497 snas¹
626 1465 710 1497 salubrius
721 1465 829 1505 disponeret:

128 1517 161 1549 hoc
176 1515 258 1549 indicium
271 1514 304 1549 sibi
317 1515 418 1549 munitiuum
431 1516 461 1548 dat
475 1515 531 1548 eidem
544 1515 629 1549 fundatori
643 1526 695 1558 vsque
709 1515 725 1547 in
739 1515 785 1548 diem
799 1516 829 1548 ho-

128 1567 211 1605 diernum,
219 1571 237 1598 ut
246 1576 309 1607 ymago
320 1566 373 1598 sancti
385 1566 473 1598 Edmundi
483 1567 562 1598 lanceam
574 1576 624 1608 quam
635 1575 687 1598 manu
695 1571 741 1598 tenet
749 1570 829 1607 erectam,

127 1623 168 1650 ante
180 1622 253 1648 mortem
264 1616 358 1648 fundatoris
370 1617 388 1649 in
401 1616 478 1657 proximo
489 1615 566 1647 morituri
578 1616 600 1647 de
613 1625 665 1647 manu
677 1625 708 1647 sua
721 1614 770 1648 eiciat
782 1620 799 1648 et
812 1615 829 1647 in

127 1666 245 1708 pauimentum
253 1665 322 1698 oratorii
329 1665 396 1707 longius
404 1664 486 1708 proiciat;
499 1664 547 1698 cuius
555 1666 614 1698 lancee
622 1664 685 1698 eieccio
693 1663 761 1706 signum
769 1664 829 1698 mortis

100 1731 120 1760 50
127 1715 222 1749 fundatoris
234 1715 305 1757 predicti
318 1715 417 1749 monasterii
431 1714 489 1748 incolis
501 1715 594 1749 hibemicis
607 1715 692 1748 notorium
704 1720 759 1747 estet
773 1715 829 1747 mani-

127 1766 324 1808 festum.—1nquadam
340 1765 383 1798 silua
398 1765 475 1808 predicto
487 1764 591 1799 monasterio
607 1764 668 1805 vicina,
682 1771 773 1807 pascuntur
788 1775 829 1798 oues

127 1817 177 1850 simul
191 1827 229 1848 cum
240 1815 289 1859 lupis,
302 1816 319 1850 in
334 1826 397 1857 magna
410 1815 523 1856 multitudine,
537 1822 625 1849 ettamen
640 1826 682 1849 oues
696 1815 798 1849 miraculose
812 1822 829 1850 et

126 1867 190 1901 meritis
199 1866 253 1900 sancti
262 1866 349 1900 Edmundi
357 1877 368 1899 a
376 1866 420 1909 lupis
427 1866 496 1899 omnino
504 1877 539 1898 non
546 1867 630 1899 reduntur.

407 1960 412 1977 ¹
423 1961 457 1991 MS.
465 1961 508 1992 rebus
516 1948 551 1991 suis.
