1762 2803
226 90 271 145 bt
286 88 386 142 sunno
402 89 546 151 aunuatim.
711 103 739 147 79

37 211 92 245 modo
103 212 199 246 credentes
211 211 272 246 artiori
284 212 385 252 dilectione,
394 211 446 255 quasi
456 211 542 245 concines
553 210 588 244 sibi
599 210 652 255 regni
661 210 740 251 celestis,

37 263 182 308 amplecteretur.
205 264 298 299 Didicerat
311 265 360 299 enirn
374 274 385 298 a
397 264 501 298 doctoribus
514 263 653 307 auctoribusque
666 273 699 297 sue
712 273 740 297 sa-

37 317 85 358 lutis,
99 317 194 353 seruitium
208 317 276 353 Christi
291 316 419 360 voluntarium,
433 328 470 352 non
486 316 596 359 coacticium,
610 328 652 352 esse
667 316 740 351 debere.

38 370 77 403 Nec
89 370 157 404 distulit
172 371 284 414 quinetiam
299 371 345 414 ipsis
360 370 465 404 doctoribus
479 371 518 404 suis
533 370 594 403 locum
609 370 664 409 sedis,
676 379 741 402 eorum

38 421 102 467 gradui
117 434 224 468 congruum,
236 423 255 457 in
271 422 386 458 Doroberni¹
398 423 495 468 metropoli
510 433 543 456 sua
559 422 640 464 donaret,
654 421 708 455 simul
723 426 758 464 et5

38 476 152 510 necessarias
160 477 179 510 in
188 477 266 511 diuersis
277 477 375 521 speciebus
385 476 514 520 possessiones
525 475 621 509 conferret.
666 467 741 508 Interea

38 528 66 563 vir
79 528 147 562 domini
159 529 273 573 Augustinus
286 529 336 564 venit
350 528 421 571 Arelas,
435 534 453 563 et
468 530 491 563 ab
505 528 643 572 archiepiscopo
657 527 741 561 eiusdem

39 581 117 616 ciuitatis
129 581 209 625 Etherio,
220 582 270 617 iuxta
282 583 330 627 quod
343 582 393 617 iussa
404 582 462 617 sancti
474 581 531 627 patris
543 581 626 626 Gregorii
639 586 741 625 acceperat,

39 633 189 678 archiepiscopus
200 635 249 679 genti
257 636 360 679 Anglorum
370 635 465 670 ordinatus
474 641 512 670 est:
526 635 658 679 Reuersusque
670 634 741 668 Britan·

39 687 94 728 niam,
105 687 155 721 misit
168 688 254 721 continuo
267 688 346 722 Romam
359 688 478 722 Laurentium
490 688 619 732 presbyterum
634 694 652 722 et
666 687 741 721 Petrum
751 699 769 719 ιο

40 740 154 781 monachum,
168 741 198 784 qui
213 743 267 776 beato
281 742 362 785 pontifici
378 741 466 785 Gregorio
481 746 556 785 gentem
569 741 672 784 Anglorum
685 741 741 774 fidem

40 792 108 826 Christi
118 794 228 837 suscepisse,
236 805 256 827 ac
267 805 287 828 se
298 794 405 838 episcopum
416 794 483 827 facturn
493 803 535 827 esse
546 793 647 833 relerrent;
659 793 713 826 simul
724 799 742 826 et

40 846 63 878 de
71 845 98 878 eis
105 856 141 887 que
149 846 253 879 necessaria
261 846 370 879 videbantur
378 846 508 888 questionibus,
515 845 555 877 eius
563 846 645 878 consulta
653 845 743 887 flagitans.

41 897 79 931 Nec
86 908 142 939 mora,
148 909 228 942 congrua
233 898 314 941 questui²
320 909 409 943 responsa
415 897 484 942 reecpit
491 910 495 940 ;
507 908 543 941 que
550 896 604 932 etiam
610 897 639 932 hic
646 897 743 931 comodum

41 949 127 984 duximus
142 950 229 985 inserere.
275 951 417 994 illnlerrognlio
431 950 476 984 beati
488 950 589 993 Augustini
593 962 600 984 :
644 942 743 984 Cantuari·
753 961 770 991 ¹5

42 1013 94 1036 orum
103 1003 190 1037 ecclesie³
198 1005 221 1037 de
232 1003 329 1048 episcopis,
337 1004 415 1048 qualiter
424 1014 466 1037 cum
476 1003 515 1037 suis
526 1003 597 1036 clericis
606 1009 744 1043 conuersentur,

42 1057 71 1090 vel
79 1056 102 1089 de
110 1056 139 1089 his
147 1067 183 1099 que
191 1056 272 1090 fidelium
281 1056 402 1091 oblationibus
412 1057 500 1091 accedunt
511 1056 580 1097 altario,
588 1061 655 1100 quante
666 1056 744 1090 debeant

42 1108 83 1142 fieri
101 1108 201 1152 portiones,
217 1114 235 1142 et
254 1109 332 1153 qualiter
350 1109 448 1153 episcopus
467 1119 521 1153 agere
540 1108 559 1142 in
578 1109 655 1143 ecclesia
673 1109 744 1143 debeat.

41 1163 56 1198 ‘ll
64 1162 161 1204 Responsio
168 1163 212 1195 beati
218 1162 299 1206 Gregorii
301 1167 346 1205 pope
351 1176 358 1197 :
402 1154 473 1197 ‘Sacra
481 1162 571 1204 scriptura
579 1167 659 1203 testatur,
665 1173 720 1205 quam
726 1167 744 1196 te

42 1214 90 1248 bene
98 1214 165 1247 nosse*
173 1215 248 1248 dubium
256 1225 293 1248 non
301 1220 334 1256 est,
341 1221 359 1249 et
367 1214 472 1258 specialiter
479 1213 526 1248 beati
533 1214 584 1248 Pauli
592 1215 615 1248 ad
620 1214 744 1258 Tymotheum
753 1216 785 1248 20⁶

43 1267 152 1311 epistolem
162 1267 228 1311 quibus
238 1277 281 1301 eum
292 1268 364 1302 erudire
375 1267 444 1301 studuit
451 1267 529 1311 qualiter
538 1266 558 1301 in
569 1267 623 1301 domo
631 1266 660 1302 dei
668 1278 744 1301 conuer-

44 1320 80 1355 sari
92 1320 190 1355 debuisset.
213 1320 254 1355 nos
266 1326 327 1355 autern
338 1320 389 1356 sedis
400 1320 499 1364 apostolice
511 1325 544 1361 est,
554 1320 642 1355 ordinatis
652 1320 745 1364 episcopis

44 1378 131 1417 precepta
141 1375 214 1407 tradere
221 1378 240 1406 vt
251 1373 269 1406 in
278 1374 327 1407 omni
337 1373 428 1418 stipendio
436 1374 484 1417 quod
495 1373 570 1415 accedit,
578 1379 656 1418 quatuor
666 1374 745 1407 debeant

43 1425 83 1461 fieri
91 1426 196 1469 portiones:
207 1426 248 1460 Vna
255 1426 340 1461 videlicet
348 1426 435 1471 episcopo
444 1433 461 1460 et
472 1426 540 1460 familie
550 1426 590 1460 eius
600 1432 675 1471 propter
685 1427 745 1471 hospi-

43 1480 131 1513 talitatem
146 1485 200 1523 atque
212 1480 353 1522 susceptionem,
366 1480 401 1513 alia
416 1480 471 1520 clero,
484 1479 537 1513 tertia
551 1480 669 1523 pauperibus,
682 1486 746 1523 quarta
755 1495 773 1523 ²5

44 1531 126 1566 ecclesiis
142 1531 255 1575 reparandis.
277 1532 315 1565 Sed
330 1532 373 1575 quia
387 1536 418 1565 tua
433 1532 537 1565 fraternitas
555 1532 660 1566 monasterii
678 1533 746 1576 regulis

45 1584 121 1625 erudita,
129 1595 213 1617 seorsum
221 1584 261 1617 fieri
270 1595 307 1617 non
315 1586 370 1618 debet
378 1595 389 1617 a
396 1585 467 1618 clericis
477 1585 516 1618 suis
526 1585 545 1617 in
553 1585 630 1619 ecclesia
638 1585 747 1628 Anglorum,

45 1648 81 1681 que
95 1642 168 1670 auctore
181 1637 215 1670 deo
229 1647 289 1680 nuper
301 1638 361 1671 adhuc
376 1637 399 1670 ad
412 1637 468 1671 fidem
482 1637 570 1681 perducta
584 1643 617 1680 est,
631 1638 678 1671 hanc
693 1638 747 1672 debet

45 1689 203 1724 conuersationem
211 1689 307 1724 instituere
314 1701 349 1734 que
356 1690 375 1724 in
382 1689 433 1723 initio
439 1689 532 1725 nascentis
540 1690 617 1725 ecclesie
626 1690 658 1724 suit
666 1689 748 1734 patribus

45 1741 124 1783 nostris;
135 1741 154 1775 in
160 1741 226 1785 quibus
231 1742 292 1776 nullus
300 1754 364 1777 eorum
372 1753 396 1776 ex
404 1743 433 1776 his
441 1754 476 1787 que
485 1743 610 1787 possidebant,
618 1743 685 1787 aliquid
694 1754 747 1778 suum
757 1758 776 1788 30

46 1806 88 1830 esse
95 1795 170 1836 dicebat,
177 1796 210 1829 sed
216 1801 268 1829 erant
276 1795 303 1829 eis
311 1796 373 1830 omnia
379 1796 483 1829 communia
489 1796 500 1830 ³.
523 1796 543 1829 Si
551 1796 581 1839 qui
587 1807 631 1830 vero
637 1802 679 1830 sunt
687 1796 747 1830 elerici

46 1853 99 1882 extra
109 1858 171 1881 sacros
180 1847 254 1881 ordines
265 1848 362 1889 constituti,
370 1848 401 1891 qui
413 1859 434 1881 se
444 1848 538 1882 continere
549 1859 585 1881 non
596 1854 679 1892 possunt,
687 1849 747 1882 sortiri

46 1911 114 1935 vxores
121 1901 194 1942 debent,
203 1906 221 1934 et
232 1899 323 1943 stipendia
334 1911 367 1935 sua
374 1901 455 1935 exterius
464 1901 559 1944 accipere:
570 1901 612 1944 quia
621 1906 638 1935 et
646 1902 670 1934 de
677 1901 747 1935 eisdem

47 1952 130 1998 patribus
135 1954 158 1986 de
163 1952 229 1996 quibus
234 1953 299 1996 prefati
306 1964 376 1996 sumus,
380 1953 465 1988 nouimus
470 1953 558 1997 scriptum
565 1954 613 1998 quod
619 1952 749 1988 “diuidebatur

47 2012 101 2051 prout
113 2005 178 2049 cuique
190 2016 236 2050 opus
249 2008 305 2039 erat.”
329 2007 358 2040 De
369 2018 433 2041 eorum
445 2019 517 2051 quoque
529 2007 620 2051 stipendio
632 2007 747 2050 cogitandum
757 2021 776 2051 35

47 2066 102 2104 atque
113 2059 247 2103 prouidendum
259 2064 292 2099 est,
303 2064 320 2092 et
332 2060 366 2093 sub
378 2060 500 2094 ecclesiastica
511 2060 575 2103 regula
586 2065 628 2094 sunt
640 2060 720 2101 tenendi,
729 2066 748 2094 vt

47 2111 100 2147 bonis
112 2111 193 2146 moribus
200 2111 262 2146 viuant
274 2117 292 2145 et
304 2111 391 2146 canendis
403 2113 480 2156 psalmis
491 2113 592 2157 inuigilent,
599 2119 617 2148 et
629 2114 651 2147 ab
663 2113 749 2148 omnibus

48 2165 115 2200 illicitis
127 2171 144 2200 et
156 2177 187 2200 cor
198 2171 216 2199 et
227 2164 307 2208 linguam
318 2171 336 2199 et
347 2176 414 2209 corpus
426 2166 460 2200 deo
472 2172 546 2201 auctore
557 2172 672 2201 conseruent.
695 2166 749 2200 Com·

48 2219 100 2253 muni
115 2224 176 2252 autem
188 2220 225 2252 vita
237 2219 341 2254 viuentibus
353 2219 389 2252 iam
403 2220 426 2252 de
442 2219 529 2253 faciendis
541 2219 661 2263 portionibus,
672 2219 702 2252 vel
716 2231 749 2253 ex-

49 2273 129 2307 hibenda
144 2271 272 2316 hospitalitate,
285 2276 303 2305 et
316 2270 433 2314 adimplenda
449 2271 580 2314 misericordia,
594 2272 647 2306 nobis
659 2272 702 2315 quid
715 2273 749 2307 en't
758 2288 778 2318 4⁰

48 2325 172 2369 loquendum?
188 2335 229 2359 cum
241 2335 296 2358 omne
309 2325 357 2367 quod
371 2330 461 2366 superest,
473 2325 492 2358 in
504 2324 564 2358 causis
575 2324 611 2368 piis
624 2335 645 2358 ac
659 2325 750 2369 religiosis

49 2378 162 2420 erogandum
170 2383 204 2419 est,
212 2377 286 2411 domino
294 2377 381 2420 magistro
391 2376 472 2410 omnium
484 2378 561 2411 docente
570 2389 574 2411 :
584 2377 653 2419 “Quod
660 2385 750 2422 superest,

50 2431 91 2465 date
100 2430 225 2473 elemosinam,
233 2435 251 2465 et
259 2441 301 2465 ecce
309 2429 370 2464 omnia
377 2429 446 2463 munda
453 2435 496 2463 sunt
503 2429 582 2464 vobis.”¹
613 2431 626 2468 ἹΙ
636 2431 752 2475 Itllmogalio

70 2509 74 2527 ¹
86 2509 105 2538 T.
113 2510 203 2538 dorouerni.
263 2509 269 2526 ²
279 2510 299 2540 al.
307 2509 379 2547 quesitui.
439 2507 446 2524 ³
456 2509 475 2537 nl.
482 2509 498 2539 b.
504 2508 545 2545 Aug,
553 2509 624 2547 episcopi
632 2510 752 2540 Canluariorum

49 2547 121 2579 ecclesie.
183 2548 189 2568 ⁴
199 2549 217 2580 E.
224 2558 277 2579 nosce.
337 2549 344 2567 ⁸
354 2548 372 2578 E.
378 2548 455 2578 comunia.
