1762 2803
128 126 171 171 452
316 113 396 165 nobo
412 110 528 172 tantona
544 109 637 173 anda.

128 234 211 279 seipsum
222 234 330 268 sacrificium
341 235 375 268 deo
385 233 464 276 offerret,
474 245 515 268 cum
526 233 564 268 suis
575 232 629 267 sociis
639 232 725 268 velociter
735 230 830 265 edificauit.

129 288 217 322 Diabolus
225 287 279 329 enim,
286 286 343 321 sancti
350 287 365 319 F
365 287 451 320 remundi
457 287 573 320 sanctitatem
581 297 618 320 non
625 285 744 320 ferens—nec
754 294 829 318 corona-

128 347 157 375 tur
169 340 205 374 nisi
218 339 249 384 qui
262 340 342 383 legitime
354 339 514 374 certauerit—eius
527 339 635 383 patientiam
649 339 712 383 sepius
725 347 830 382 aggressus,

129 394 238 428 omnimodis
246 392 396 437 temptationibus
404 403 446 427 eum
455 403 466 427 a
474 397 522 428 statu
531 392 645 427 rectitudinis
656 392 735 427 deiicere
743 395 829 432 conatur;

111 454 161 490 5pre
180 446 237 480 oculis
256 445 317 479 cordis
333 445 410 489 gloriam
425 452 498 479 terrene
513 445 611 489 dignitatis,
628 456 662 489 pro
681 445 749 480 Christi
768 454 832 478 amore

127 504 214 543 spretam,
224 499 287 542 sepius
297 498 390 542 obiiciens,
398 504 416 534 et
424 504 512 543 quantum
521 498 557 533 sibi
568 498 644 543 suisque
655 499 689 532 sub
699 497 774 532 iuuenili
784 497 829 532 flore

127 553 217 596 proficere
232 557 295 596 posset
312 553 362 586 cordi
377 552 483 593 immittens,
496 552 599 586 innumeris
618 551 768 595 temptationibus
784 560 827 585 eum

128 605 214 647 decipere
233 605 333 648 satagebat.
356 604 424 638 Christi
442 610 504 638 tamen
523 604 583 645 miles,
598 604 629 648 qui
648 604 708 638 cordis
727 608 795 638 statum
810 603 829 637 in

128 657 206 692 sublime
218 663 299 691 erectum
311 658 386 698 habens,
399 668 435 702 que
447 657 511 691 mundi
525 662 567 692 sunt
581 668 615 701 pro
629 656 697 692 Christi
709 667 772 692 amore
788 667 830 691 con-

102 718 120 740 10
128 716 240 755 tempserat;
253 716 302 745 retro
313 711 411 754 respicere,
424 715 442 744 et
453 714 558 753 contempta
569 710 635 744 iterum
647 709 732 753 amplecti
744 709 830 753 dedigna-

127 768 167 806 tur,
186 768 204 798 et
219 762 250 808 qui
265 763 325 798 solum
340 763 415 798 celestia
429 762 508 797 feruenti
524 763 620 804 desiderio,
636 762 710 808 penitus
727 761 831 798 transitoria

128 819 219 859 calcando,
233 818 341 860 concupiuit,
356 816 422 851 diaboli
438 817 587 860 temptationibus
603 817 679 860 fatigari,
694 827 730 850 non
746 815 831 859 superari

128 870 191 914 potuit.
237 862 277 904 lllis
291 870 340 903 enim
354 870 419 903 diebus
431 880 545 913 paganorum
561 870 652 903 exercitus
665 880 689 902 ex
702 868 830 903 transmarinis

128 922 211 966 partibus
218 922 324 964 adueniens,
333 921 419 965 Angliam
429 933 471 955 eum
482 921 612 956 habitatoribus
620 922 658 956 suis
666 922 711 956 cede
719 928 737 955 et
745 921 830 955 incendio

102 984 120 1014 15
129 985 246 1018 consumens,
254 975 336 1008 idolatrie
344 974 416 1008 illorum
426 973 490 1008 subiici
498 974 582 1008 nolentes
591 973 669 1008 diuersis
679 974 733 1018 penis
742 974 830 1017 precipue

128 1028 197 1067 afflixit,
205 1027 281 1061 afflictos
291 1027 361 1060 crudeli
368 1031 430 1069 ,morte
439 1026 552 1071 dampnauit,
560 1038 597 1060 non
608 1026 673 1069 ordini,
682 1028 739 1068 sexui,
748 1026 830 1070 dignitati

129 1092 212 1125 parcens,
225 1091 259 1114 nec
271 1081 319 1114 etati.
342 1080 416 1114 Horum
428 1080 517 1115 exercitui
528 1080 604 1124 Ynguar
614 1085 632 1114 et
644 1080 712 1114 Hubba
724 1079 831 1114 crudelitate

128 1134 185 1167 nimia
208 1134 264 1167 duces
288 1132 353 1174 effecti,
373 1132 457 1176 regiones
476 1132 544 1177 Anglie
568 1133 668 1167 occidendo
690 1133 831 1177 perlustrantes,

129 1191 212 1220 sanctum
227 1185 352 1228 Edmundum‚
364 1185 403 1220 suis
418 1184 489 1230 legibus
505 1185 569 1220 subiici
583 1186 682 1229 nolentem,
696 1191 737 1230 post
753 1186 832 1230 plurima

102 1251 120 1272 πο
128 1250 218 1284 penarum
236 1250 309 1283 genera,
326 1238 365 1272 fera
381 1244 440 1272 morte
459 1238 569 1273 occiderunt.
592 1239 703 1273 Huiusmodi
718 1239 768 1273 enim
783 1239 832 1273 sama

128 1293 196 1337 vbique
212 1292 305 1336 diuulgata
323 1293 346 1326 ad
365 1302 419 1326 aures
435 1292 477 1326 Offe
492 1294 541 1336 regis
556 1292 673 1337 perueniens,
689 1297 707 1326 et
725 1293 785 1336 legem
801 1292 831 1326 dei

129 1345 260 1389 religionisque
278 1345 347 1379 cultum
364 1344 465 1378 inhumana
483 1345 564 1379 hostium
583 1344 654 1379 feritate
673 1345 758 1389 deperire
774 1355 831 1389 expa-

128 1409 217 1440 uescens;
230 1403 305 1442 accepto
317 1409 328 1432 a
339 1399 377 1431 suis
389 1397 470 1440 consilio,
480 1397 591 1441 vigintiduos
605 1399 675 1441 legatos
686 1399 763 1440 nobiles,
773 1398 832 1432 filium

129 1461 183 1484 suum
198 1450 323 1483 Fremundum
336 1460 371 1493 per
384 1460 435 1484 mare
448 1460 482 1493 per
495 1455 554 1484 terras
565 1452 645 1494 vndique
657 1450 760 1494 quesituros
772 1450 832 1493 mittit,

102 1503 173 1548 25iidei
192 1503 290 1538 christiane
309 1503 377 1537 cultum
396 1503 477 1537 hostium
496 1502 638 1547 depopulatione
656 1503 709 1538 citius
730 1503 832 1548 periturum

129 1556 209 1598 mandat,
223 1556 258 1590 nisi
272 1555 312 1600 ipse
327 1567 361 1599 pro
375 1556 447 1590 Christo
461 1562 574 1600 pugnaturus
588 1556 694 1600 adueniens,
709 1556 753 1591 fidei
768 1558 832 1592 hostes

129 1615 229 1654 expugnet,
241 1608 326 1643 fidelibus
338 1608 426 1642 auxilium
437 1609 483 1643 serat
496 1614 515 1643 et
528 1610 606 1644 cultores
619 1609 686 1644 Christi
703 1615 787 1654 potenter
798 1611 831 1645 de·

129 1663 198 1697 tendat.
216 1662 315 1706 Peragrata
322 1663 397 1696 tandem
402 1667 440 1696 tota
446 1662 519 1706 Anglia,
525 1663 560 1696 ,di
567 1663 623 1696 maris
631 1663 700 1697 insulas
707 1663 831 1706 exquirendas

130 1716 191 1749 nuncii
202 1716 252 1758 regis
263 1715 376 1758 perlustrare
388 1714 445 1747 moliti
457 1719 505 1747 sunt.
527 1714 617 1748 Ascensis
628 1714 689 1758 itaque
699 1715 782 1756 nauibus,
795 1726 831 1759 quo

102 1780 122 1810 30
130 1777 172 1802 euni
185 1772 288 1811 quererent,
301 1776 337 1811 quo
349 1772 448 1811 pergerent
458 1767 569 1810 ignorantes,
579 1765 641 1801 diuino
651 1772 696 1802 nutu
708 1768 767 1811 magis
776 1778 832 1811 quam

129 1820 209 1854 humano
223 1820 246 1853 ad
259 1819 338 1853 insulam
352 1830 388 1863 qua
399 1821 427 1853 vir
440 1819 470 1853 dei
482 1831 523 1853 cum
537 1820 576 1853 suis
592 1820 675 1863 degebat,
688 1831 712 1854 ex
726 1821 832 1865 insperato'2

129 1872 245 1916 perueniunt,
258 1878 276 1906 et
288 1882 331 1905 eum
342 1883 376 1915 per
388 1873 428 1905 loca
438 1874 489 1906 varia
501 1878 520 1906 et
533 1883 631 1906 nemorum
645 1873 715 1906 occulta
727 1879 831 1916 querentes,

129 1926 169 1961 eius
185 1926 230 1961 celle
245 1925 319 1959 tandem
333 1925 469 1969 approximant,
482 1931 500 1959 et
515 1936 567 1959 more
581 1926 633 1959 solito
647 1926 722 1959 orationi
735 1933 830 1961 vacantem

129 1980 250 2025 reperientes,
258 1978 321 2014 habitu
332 1979 447 2014 considerato
455 1984 474 2013 et
480 1979 531 2014 vultu
542 1978 600 2022 ipsius
612 1985 703 2020 annotato,
714 1991 757 2014 eum
768 1992 832 2024 recog-

102 2048 120 2078 35
130 2038 212 2068 noscunt.
236 2032 318 2067 Genibus
328 2031 383 2076 igitur
390 2033 430 2067 eius
439 2032 535 2077 prouoluti,
544 2033 600 2076 patris
611 2038 629 2066 et
640 2032 740 2067 amicorum
751 2035 832 2068 necessi-

130 2092 191 2129 tatem,
204 2085 285 2121 hostium
299 2087 403 2127 aduentum,
418 2085 595 2130 christianorumque
609 2096 674 2120 necem
687 2086 747 2130 palam
760 2097 831 2121 annun-

130 2141 189 2182 ciant,
202 2144 301 2182 parentum
314 2139 413 2180 interitum,
427 2139 471 2172 fidei
485 2140 593 2182 religionem
607 2141 629 2172 ab
643 2140 725 2173 hostibus
741 2141 832 2183 deperire,

130 2202 191 2226 coram
204 2202 226 2224 eo
240 2191 341 2234 deplorant.
365 2190 435 2232 Quibus
448 2190 519 2234 auditis,
532 2190 585 2225 miles
598 2190 669 2234 Christi,
683 2192 714 2236 qui
727 2192 790 2227 seculo
803 2203 832 2227 re·

130 2245 254 2287 nunciauerat‚
266 2245 357 2288 quomodo
370 2245 392 2278 ad
406 2244 463 2278 seculi
473 2249 566 2279 certamen
577 2246 651 2288 redeat;
664 2246 755 2289 quomodo
764 2245 831 2281 Christi

102 2311 122 2341 40
130 2301 198 2333 tirones
217 2308 251 2341 pro
267 2297 334 2332 Christi
353 2307 415 2331 amore
432 2299 492 2341 perire
507 2298 630 2342 conspiciat³3
648 2300 741 2341 quomodo
755 2310 831 2333 suorum

130 2350 224 2386 interitum
241 2349 334 2385 vindicare
351 2355 455 2394 presumat;
472 2352 563 2394 quomodo
580 2350 628 2386 mala
647 2351 682 2386 sibi
700 2352 730 2386 vel
749 2353 788 2386 suis
806 2353 833 2386 in-

130 2405 231 2438 serentibus
239 2404 287 2438 mala
294 2404 353 2437 honus
361 2404 402 2446 ipse
410 2405 503 2446 rependat,
512 2414 559 2446 curn,
568 2404 603 2437 nisi
612 2405 660 2438 mala
668 2405 702 2438 sibi
710 2404 832 2439 inserentibus

131 2457 179 2490 bona
187 2456 282 2500 rependat,
294 2456 353 2490 bonus
363 2466 406 2490 esse
416 2466 453 2490 non
461 2456 533 2491 valeat?
556 2456 577 2492 Si
587 2456 668 2500 profecto
681 2457 704 2491 ad
714 2457 773 2492 virum
784 2458 833 2492 hunc

131 2509 256 2545 beatissimum
269 2509 329 2544 solum
340 2509 404 2544 hostes
413 2508 523 2544 ferocissimi
532 2509 631 2545 christiane
643 2509 686 2545 fidei
697 2512 832 2553 peruenissent,

181 2572 187 2590 ¹
197 2583 226 2603 om.
235 2573 259 2610 ad,
267 2584 279 2604 r.
287 2573 391 2612 exquirendo.
451 2572 457 2590 ²
468 2573 485 2604 E.
493 2573 574 2612 inspirato.
634 2575 640 2593 ³
651 2574 669 2605 E.
677 2575 772 2614 conspiceat
