1762 2803
269 133 315 187 bt
329 130 429 185 &aaut
445 130 592 186 mutatam.
738 146 781 188 293

77 258 132 288 nocte
145 252 229 297 sequenti
242 264 284 288 cum
298 252 336 287 suis
348 252 452 297 nepotibus,
465 262 527 286 coram
541 262 562 287 se
577 252 669 296 quendam
685 252 782 287 reuerendi

80 307 152 341 habitus
163 307 277 341 sacerdotem
289 306 335 340 irato
346 306 396 339 vultu
408 311 457 339 stare
469 305 565 349 conspexit
576 310 595 339 et
606 305 716 350 quibusdam
727 311 782 340 teter·

79 359 131 393 rimis
142 358 251 400 hominibus,
263 359 282 393 in
294 359 356 393 medio
367 369 446 400 camere,
457 358 476 392 in
488 370 524 403 qua
534 358 624 401 iacebant,
635 358 681 392 mire
694 358 782 402 magnitu-

79 412 127 446 dinis
145 412 231 445 cacabum
250 411 346 455 supposito
362 411 405 455 igne
423 411 582 452 succendentibus,
598 411 695 455 precipere
713 411 782 445 audiuit

79 464 164 509 quatinus
172 464 213 498 illos
223 464 278 499 simul
289 464 355 509 ligatos
362 464 381 498 in
392 465 502 499 candentem
513 464 601 498 cacabum
611 464 652 499 sine
659 464 696 499 vlla
706 464 800 508 misera-5

79 518 128 551 tione
136 517 271 552 comburendos
279 517 414 562 precipitarcnt.
437 517 600 552 Percunctantibus
608 523 669 552 autem
677 527 734 562 quare
744 522 782 552 tam

79 571 147 604 crudeli
161 580 209 614 pene
222 571 287 604 subiici
301 571 396 612 deberent,
409 572 542 614 respondetur:
560 573 667 615 ‘propterea
680 572 729 615 quod
742 581 782 612 vos,

78 623 146 658 furoris
157 623 200 667 igne
215 623 304 666 succensi,
318 629 397 658 mortem
409 623 466 658 vestri
481 623 564 668 germani
579 623 663 659 noluistis
677 624 782 669 perdonare

78 682 156 721 propter
167 687 248 710 amorem
258 688 279 711 ac
289 677 411 711 reuerentiam
422 677 480 711 sancti
489 677 589 711 Dunstani.¹
613 677 656 712 Hiis
667 677 725 718 dictis,
734 677 782 721 rapi-

79 735 134 762 untur
143 730 166 762 ad
178 729 251 773 ignem:
264 735 281 763 et
292 730 322 768 illi,
331 730 387 763 nimia
396 730 489 763 anxietate
498 730 596 771 constricti,
605 730 719 763 miserandas
726 740 782 763 voces
792 743 810 764 ιο

79 782 190 825 emittebant,
197 788 214 817 et
221 793 241 817 se
247 782 356 828 quamcitius
363 788 440 828 possent
448 783 471 817 ad
479 781 562 827 requiem
570 782 628 818 sancti
634 788 722 818 venturos
730 793 782 818 eum-

79 847 114 879 que
128 847 185 880 super
197 836 228 869 illa
241 836 307 870 iniuria
320 837 376 879 digna
387 836 510 870 satisfactione
523 836 645 870 honoraturos
656 837 754 878 deuouent,
765 836 782 870 si

79 889 193 922 solummodo
201 899 233 922 eos
242 890 265 923 ab
274 888 375 923 imminenti
388 888 462 922 miseria
469 898 503 922 sua
513 888 570 932 gratia
581 887 660 922 liberare
671 888 783 933 dignaretur.

79 942 109 975 Ad
124 942 158 976 hec
171 942 213 976 tetri
226 941 310 983 ministri,
324 947 369 975 nutu
385 941 485 975 sacerdotis
499 941 587 983 exterriti,
602 952 644 976 cum
657 942 697 976 suis
710 942 783 985 ignibus

79 994 213 1038 disparuerunt.
238 993 293 1028 Mane
311 998 372 1028 autem
388 994 445 1027 abbas
462 993 519 1035 idem,
537 993 648 1028 Scotlandus
665 994 745 1036 nomine,
760 995 783 1028 ad
793 1009 811 1040 ¹5

78 1047 197 1090 sepulchrum
209 1046 267 1080 sancti
279 1045 371 1080 Dunstani
383 1057 424 1080 cum
436 1045 475 1080 suis
482 1046 560 1081 veniens
570 1047 673 1090 nepotibus,
683 1047 783 1081 monachos

78 1099 156 1134 ecclesie
164 1105 284 1143 congregatos
290 1099 324 1134 sibi
332 1099 418 1143 precibus
424 1110 532 1134 succurrere
539 1099 606 1134 flebilis
612 1105 657 1135 orat.
676 1099 784 1144 Indulgetur

78 1152 115 1186 reis
123 1152 210 1186 militibus
218 1162 268 1187 mors
276 1151 367 1187 defuncti:
379 1152 410 1195 qui
419 1152 503 1186 homines
511 1152 536 1196 pii
547 1152 605 1196 patris
617 1152 708 1187 Dunstani
718 1152 783 1193 effecti,

78 1205 101 1238 ad
117 1215 150 1238 sua
165 1205 242 1238 letantes
257 1204 356 1239 redierunt.
400 1197 520 1239 ¹Monachus
533 1204 607 1249 quidam
619 1205 691 1239 iuuenis
705 1204 783 1240 ecclesie

79 1257 179 1291 Saluatoris
190 1257 209 1290 in
219 1256 276 1291 missa
286 1257 390 1291 Lamfranci
400 1257 533 1302 archiepiscopi
543 1258 659 1301 euangelium
669 1258 752 1301 legebat:
764 1263 782 1292 et
792 1275 811 1296 20

78 1321 120 1343 cum
134 1309 182 1344 dicta
196 1309 278 1343 oratione
294 1309 385 1343 dominica
398 1316 484 1354 patenam
498 1321 522 1343 ex
538 1320 590 1343 more
605 1310 686 1355 pontifici
702 1310 782 1351 offerret,

79 1363 122 1398 vidit
134 1374 195 1397 coram
208 1374 228 1397 se
240 1364 329 1407 quosdam
341 1363 445 1398 teterrimos
457 1369 475 1397 et
487 1363 584 1397 horribiles
595 1363 717 1407 malignorum
729 1363 782 1407 spiri-

78 1422 129 1450 tuum
137 1416 203 1451 vultus.
225 1415 256 1450 Ad
264 1426 342 1460 quorum
351 1421 446 1460 aspectum
458 1415 515 1450 nimio
524 1426 594 1460 pauore
605 1416 719 1461 perterritus,
729 1416 783 1451 Lam-

78 1469 166 1510 francum,
179 1469 228 1502 inter
240 1479 306 1502 manus
322 1479 375 1502 sacra
388 1474 488 1511 tenentem,
501 1469 584 1512 utrisque
599 1468 679 1502 brachiis
694 1468 784 1502 strictim²

78 1521 199 1565 amplectitur,
207 1521 281 1554 horrido
292 1521 372 1555 clamore
382 1521 486 1555 vociferans
497 1531 518 1555 ac
530 1521 604 1555 dicens:
617 1521 712 1556 ‘Christus
722 1521 783 1562 vincit,
792 1536 811 1567 25

79 1574 163 1608 Christus
175 1578 246 1617 regnat,
258 1573 342 1607 Christus
354 1573 442 1618 imperat.¹
465 1574 509 1608 Post
521 1573 597 1607 missam
608 1573 693 1608 adunatis
704 1573 722 1607 in
734 1573 783 1618 capi-

78 1627 116 1661 tulo
134 1626 225 1668 fratribus,
241 1632 259 1660 et
274 1626 341 1661 iuuene
357 1627 389 1661 illo
405 1627 488 1669 adducto,
504 1626 635 1662 Lamrrancus³
654 1626 716 1661 habito
732 1627 783 1671 prius

78 1691 165 1715 sermone
180 1690 245 1714 omnes
259 1691 293 1724 pro
304 1680 360 1714 fratre
374 1691 439 1724 rogare
453 1680 528 1714 monuit.
552 1679 605 1714 Loris
618 1685 679 1715 autem
693 1680 783 1722 astrictus,

79 1733 150 1767 iuuenis
158 1734 181 1767 ad
189 1733 271 1767 tumbam
279 1733 337 1767 sancti
346 1733 438 1767 Dunstani
446 1734 522 1767 omnino
530 1734 622 1768 reluctans
630 1733 751 1778 pertrahitur;
764 1733 783 1767 in

79 1786 172 1820 Christum
188 1796 209 1819 ac
224 1791 308 1820 sanctum
324 1786 441 1821 Dunstanum
456 1785 582 1831 blasphemias
599 1785 668 1821 iactans
683 1785 783 1821 miserabili
792 1800 812 1830 30

78 1839 158 1872 cruciatu
171 1838 295 1881 torquebatur.
318 1839 341 1872 Et
355 1849 396 1872 cum
410 1839 486 1882 quidam
499 1840 522 1873 ad
535 1849 577 1873 eum
593 1840 707 1880 accederent,
720 1839 783 1882 grauia

78 1896 152 1935 peccata
164 1890 246 1924 nondum
258 1890 343 1925 consessa
355 1891 458 1935 detegebat,
466 1896 485 1925 et
494 1891 535 1925 illos
546 1891 581 1925 sibi
590 1890 609 1926 in
622 1891 676 1936 penis
688 1890 783 1935 perpetuis

79 1943 138 1977 socios
146 1942 185 1976 fore
195 1941 265 1976 futuros
276 1942 359 1986 gaudens
369 1947 388 1976 et
397 1942 460 1977 hilaris
471 1941 604 1987 pronunciauit.
627 1942 711 1977 Confessi
721 1948 782 1977 autem

79 2001 96 2030 et
108 1995 185 2029 absoluti
197 2005 238 2028 cum
250 2006 271 2029 se
283 1995 299 2029 ei
310 2000 445 2038 presentarent,
455 1995 496 2029 illos
509 2006 532 2029 ex
544 2001 651 2030 transuerso
662 1996 736 2029 intuens
748 2006 783 2030 nec

79 2059 111 2084 eos
125 2048 171 2084 sicut
184 2047 236 2092 prius
249 2058 391 2093 recognoscens,
402 2049 451 2084 vnde
464 2047 554 2090 venerint,
567 2059 603 2093 quo
616 2048 688 2084 lauacro
702 2047 733 2084 loti
745 2053 783 2084 tam
792 2062 811 2093 35

79 2102 158 2136 subitam
169 2100 296 2146 purgationem
308 2101 414 2144 meruerint,
422 2101 489 2146 quidve
500 2101 597 2146 contigerit
607 2102 656 2147 quod
665 2112 717 2137 suam
725 2102 783 2137 socie·

79 2160 134 2189 tatem
153 2154 180 2188 sic
198 2154 234 2188 cito
252 2154 323 2188 alterati
340 2153 441 2197 amiserint,
456 2165 545 2199 spumans
560 2159 578 2189 et
593 2155 664 2189 eiulans
679 2155 783 2189 mirabatur.

80 2207 156 2242 Dicebat
168 2217 241 2251 quoque
254 2208 277 2241 de
291 2207 400 2251 quibusdam
413 2207 500 2242 fratribus
511 2207 614 2252 nephanda.
636 2208 688 2242 Tunc
699 2208 783 2241 nomina-

79 2265 146 2293 uerunt
162 2260 259 2303 quendam,
274 2266 379 2293 asserentes
396 2260 483 2303 quoniam
502 2260 525 2293 de
543 2259 574 2292 illo
591 2271 628 2293 non
646 2260 722 2293 haberet
738 2259 782 2302 quid

79 2312 154 2346 diceret.
176 2312 201 2345 At
209 2311 238 2345 ille
246 2311 338 2346 affirmare
347 2311 396 2355 cepit
407 2313 456 2355 quod
467 2312 491 2346 ad
501 2311 613 2355 presentiam
625 2321 677 2346 suam
688 2321 782 2355 nunquam
791 2322 812 2352 4⁰

79 2365 155 2400 auderet
169 2364 262 2400 accedere.
284 2364 336 2398 Tunc
352 2363 408 2398 frater
423 2364 454 2399 ille
469 2363 579 2398 Lamfranco
596 2374 661 2408 puram
681 2363 723 2398 fecit
741 2375 783 2398 cou-

79 2418 184 2459 sessionem,
200 2423 218 2453 et
233 2418 327 2463 ingressus
342 2423 385 2452 ante
398 2418 525 2452 demoniacum
541 2417 596 2452 stetit.
618 2418 644 2452 At
659 2417 694 2460 ille,
707 2417 727 2452 in
741 2429 783 2453 eum

79 2476 131 2505 toruo
141 2471 242 2516 respiciens
253 2472 310 2514 oculo,
318 2470 342 2506 ait
352 2470 474 2506 cachinnans:
487 2470 533 2504 ‘Pro
544 2470 593 2504 malo
604 2469 678 2506 homine
691 2472 783 2517 quomodo

31 2533 34 2538 '
80 2525 111 2560 es¹
120 2535 168 2559 nunc
176 2525 272 2560 rebullitus
280 2531 298 2560 et
305 2524 424 2560 candidatus?
435 2524 477 2568 quis
484 2529 502 2558 te
511 2523 537 2558 sic
546 2523 637 2559 rebulliuit
645 2531 664 2559 et
671 2525 783 2560 dealbauitt’

111 2586 229 2617 ¹CfEadmer.
295 2588 412 2618 lustratum.
478 2587 512 2616 ³13.
520 2587 618 2618 Lamfranco.
680 2588 750 2617 *uest
