1762 2803
95 129 97 134 ·
126 127 169 169 390
233 155 235 157 .
315 113 395 165 utana
410 109 526 172 laomor
542 110 641 173 oculto

125 232 186 276 ipsum
200 231 236 265 iam
251 242 275 266 ex
290 237 342 276 parte
357 232 454 273 destructa,
467 231 541 275 penitus
556 232 591 265 cito
607 231 732 265 destrueretur
746 228 827 264 ecclesia.

127 286 164 319 Sed
176 284 204 319 vir
216 285 246 319 dei
257 296 328 330 ponens
340 285 367 318 ori
379 295 412 318 suo
424 286 531 328 custodiam,
539 285 593 326 siluit,
602 290 688 329 tanquam
699 294 736 318 non
747 283 827 318 audiret:

126 345 145 373 et
160 349 223 383 regem
236 338 312 373 FrancIe
324 349 366 373 curn
378 338 417 373 suis
430 344 519 383 sequutus
533 343 565 373 est.
588 337 664 372 Plurimi
676 348 720 371 vero
733 337 751 371 in
764 336 828 371 itinere

126 392 222 426 dixerunt:
241 391 300 426 ‘Ecce
317 391 466 436 archiepiscopus
484 392 515 436 qui
532 391 551 426 in
567 392 653 426 hesterno
668 389 758 434 colloquio
773 390 828 423 deum

109 450 202 488 5propter
215 455 269 488 reges
284 456 352 487 negare
366 445 424 478 uoluit
439 456 474 478 nec
486 446 516 479 dei
530 446 619 478 honorem
631 444 732 478 subticere!
778 436 828 477 Cum

127 507 170 531 vero
182 496 331 541 archiepiscopus
343 508 385 531 curn
397 497 435 532 suis
444 498 524 533 Senonis
535 503 590 540 esset,
598 503 616 531 et
624 508 659 541 quo
668 496 758 531 diuertere
766 501 829 540 posset

127 555 217 594 quereret,
226 551 300 584 tandem
308 550 412 585 subintulit:
425 552 504 585 ‘Potens
512 557 540 586 est
548 552 594 586 deus
606 550 639 595 [et]
650 550 669 584 in
680 550 742 584 ultimo
754 548 828 583 miserie

127 603 201 637 articulo
217 602 254 636 suis
269 604 341 645 adesse,
357 609 375 638 et
391 604 461 638 infideli
476 604 556 638 deterior
571 608 599 638 est
614 604 645 647 qui
660 604 683 637 de
698 602 728 636 dei
743 603 829 645 desperat

128 655 261 690 misericordia,¹
286 656 309 690 Et
321 656 381 691 statim
393 657 470 691 accessit
482 657 576 692 seruiens¹
584 656 633 701 regis
642 656 657 690 F
658 656 723 696 rancie,
732 655 763 700 qui
772 654 829 689 dixit:

101 721 119 739 ιο
128 707 229 741 ‘Dominus
241 718 274 741 rex
286 710 309 742 ad
319 709 389 742 curiam
396 714 448 743 vocat
455 710 500 743 vos!
523 709 553 742 Ad
561 709 595 742 hec
602 719 650 743 vnus
657 708 764 742 clericorum
772 707 828 741 dixit:

127 761 161 795 ‘Vt
172 760 294 795 eiiciamur²a
304 762 372 805 regno.¹
396 761 448 796 ‘Non
460 771 481 796 es
486 762 497 804 ²¹,
505 760 562 804 inquit
573 760 726 805 archiepiscopus,
735 760 829 805 propheta,

128 824 188 858 neque
200 813 249 848 filius
260 814 361 858 prophete3
375 814 413 848 noli
423 814 516 850 vaticinari
528 813 611 848 sinistra:
634 814 735 848 Venientes
747 824 791 858 ergo
802 813 830 848 in-

128 872 220 902 uenerunt
231 867 325 902 dominum
337 878 400 912 regern
410 878 453 903 cum
463 867 510 903 tristi
518 868 569 903 vultu
580 868 680 909 sedentem,
689 872 707 902 et
719 878 757 901 non
768 877 830 901 assur-

128 926 202 965 gentem
211 921 234 955 de
245 931 296 955 more
307 921 449 965 archiepiscopo.
473 921 613 956 Considentibus
623 920 659 955 illis
670 925 688 955 et
698 920 758 955 adhuc
768 919 830 965 tepide

102 984 119 1014 15
128 974 207 1016 vocatis;
226 974 272 1007 sacto
287 973 364 1015 silentio,
377 980 395 1008 et
409 974 494 1008 inclinato
510 974 569 1017 capite
584 973 635 1016 quasi
650 974 715 1007 dolens
730 979 748 1007 et
763 974 830 1007 inuitus

129 1025 216 1069 cogitaret
226 1036 259 1058 rex
267 1030 286 1059 vt
296 1036 328 1059 eos
340 1026 362 1059 de
374 1037 431 1070 regno
439 1026 517 1067 eiiceret,
525 1024 584 1059 subito
595 1025 674 1059 obortis⁴
684 1025 778 1060 lachrImis
788 1036 830 1070 pro·

129 1079 192 1112 siliens
201 1089 242 1112 cum
249 1078 328 1122 singultu
334 1078 409 1123 proiecit
417 1091 437 1113 se
445 1079 468 1113 ad
473 1080 531 1123 pedes
539 1078 676 1123 archiepiscopi,
683 1079 757 1114 dicens:
767 1079 830 1121 ‘Vere,

129 1137 181 1175 pater
193 1131 223 1174 mi,
232 1138 252 1166 tu
264 1132 314 1166 solus
323 1132 395 1175 vidisti;
408 1143 442 1167 nos
453 1143 518 1167 ornnes
529 1132 567 1167 ceci
579 1132 651 1175 fuimus,
659 1133 690 1176 qui
701 1138 764 1167 contra
776 1132 830 1166 deum

129 1185 161 1219 tibi
171 1185 255 1219 dedimus
266 1184 362 1220 consilium
370 1191 389 1219 vt
399 1184 418 1219 in
426 1196 481 1220 causa
490 1191 526 1227 tua,
534 1185 590 1220 immo
600 1184 635 1227 dei,
643 1186 666 1219 ad
677 1191 741 1219 nutum
751 1185 831 1219 hominis

102 1252 121 1273 20
129 1238 218 1271 honorem
228 1237 284 1280 [dei]⁵
292 1249 394 1272 rennueres
400 1238 411 1271 ⁸.
435 1238 512 1281 Ignosce
519 1249 569 1281 ergo,
576 1238 619 1281 ¹quia
630 1238 709 1281 grauiter
717 1238 801 1281 peniteo3
813 1244 831 1271 et

129 1291 152 1323 ab
163 1289 197 1323 hac
207 1290 259 1333 culpa
269 1300 300 1323 me
311 1290 399 1323 miserum
410 1291 489 1324 absolue.
512 1291 550 1324 Sed
562 1295 579 1323 et
591 1291 625 1324 deo
637 1295 655 1325 et
666 1290 698 1324 tibi
706 1300 736 1325 me
743 1290 805 1335 ipsum
813 1296 831 1325 et

129 1353 207 1387 regnum
215 1353 277 1376 meum
286 1354 363 1386 expono,
374 1349 392 1377 et
400 1344 422 1377 ab
430 1343 464 1378 hac
472 1344 516 1378 hora
524 1343 609 1387 promitto
617 1344 666 1387 quod
674 1343 705 1378 tibi
713 1344 742 1378 vel
750 1344 786 1378 tuis
795 1355 830 1378 non

130 1397 191 1437 deero,
200 1396 287 1439 quamdiu
296 1395 440 1439 (omnipotenti)⁷
449 1398 483 1430 deo
493 1401 566 1430 auctore
573 1395 647 1431 vixero!
670 1396 760 1430 Absolute
771 1398 831 1441 itaque

130 1459 174 1493 rege
191 1449 269 1493 dataque
287 1449 304 1482 ei
319 1448 450 1490 benedictione,
463 1449 611 1493 archiepiscopus
626 1450 649 1483 ad
664 1449 762 1493 hospitium
778 1460 831 1484 suum

103 1517 122 1546 ²5
131 1512 228 1546 regressus
235 1507 269 1536 est.
309 1494 356 1536 Post
364 1503 398 1536 hec
403 1513 448 1537 vero
456 1507 552 1537 coronatus
560 1508 588 1536 est
593 1502 685 1537 Henricus
693 1502 741 1537 filius
750 1502 832 1545 Henrici,

131 1556 205 1588 uiuente
216 1560 274 1597 patre,
282 1556 304 1587 ab
315 1555 453 1597 archiepiscopo
464 1555 575 1596 eboracensi,
583 1556 602 1587 in
613 1556 734 1597 preiudieium
745 1555 832 1598 archiepi-

131 1606 346 1651 scopicantuariensis,et
352 1606 546 1641 contrainhibitionem
552 1607 643 1651 papalem,
649 1607 675 1641 eis
681 1613 734 1641 antea
740 1607 832 1643 directam.

131 1660 185 1695 Vnde
194 1659 305 1694 Francorum
314 1672 347 1694 rex
355 1671 422 1706 papam
430 1659 536 1702 sollicitauit,
545 1660 563 1694 in
571 1661 637 1696 virtute
647 1661 715 1696 amoris
726 1666 744 1695 et
754 1662 788 1695 sub
798 1662 832 1695 im-

131 1714 185 1758 pensi
196 1713 327 1757 protestatione
336 1713 424 1758 obsequii,
432 1724 455 1747 ne
463 1714 538 1748 ulterius
549 1713 645 1748 dilationes
656 1713 779 1749 frustratorias
790 1726 832 1759 pro-

103 1783 123 1811 30
132 1772 209 1810 rogaret,
222 1767 268 1802 sicut
281 1779 358 1812 regnum
373 1767 484 1801 Francorum
498 1768 584 1811 diligebat
599 1774 617 1801 et
631 1768 720 1801 honorem
734 1769 833 1811 apostolice

131 1820 186 1854 sedis.
208 1820 366 1864 Archiepiscopus
377 1831 449 1863 quoque
459 1819 569 1853 senonensis
579 1830 590 1853 a
600 1830 648 1863 papa
658 1819 762 1863 impetrauit
769 1825 788 1853 vt
800 1830 833 1854 rex

131 1872 239 1917 Anglorum,
252 1873 303 1906 omni
316 1873 439 1917 appellatione
452 1878 541 1915 cessante,
554 1871 674 1908 subiiceretur
687 1872 803 1914 anathemati,
815 1879 833 1908 ct

131 1936 209 1970 regnum
220 1926 327 1969 inderdicto‚
336 1926 371 1961 nisi
383 1925 505 1961 cantuariensi
514 1925 591 1961 ecclesie
601 1937 638 1970 pax
648 1926 761 1962 redderetur.
784 1925 834 1961 Misit

131 1990 204 2024 quoque
214 1990 263 2024 papa
272 1979 378 2014 eboracensi
388 1979 525 2024 archiepiscopo
536 1986 553 2014 et
564 1979 604 2014 aliis
615 1979 707 2024 episcopis
717 1980 748 2024 qui
759 1991 834 2015 corona-

104 2045 122 2075 35
132 2033 176 2068 tioni
183 2033 310 2077 interfuerunt,
315 2034 385 2068 litteras
391 2033 523 2078 suspensionis.
538 2034 632 2076 Quosdam
639 2033 693 2067 etiam
700 2035 834 2077 episcoporum,

132 2087 174 2130 quia
183 2087 293 2121 coronationi
301 2087 427 2130 interfuerunt,
434 2092 452 2120 et
460 2087 483 2120 ob
490 2086 535 2120 alias
544 2096 613 2128 causas,
619 2086 788 2121 excommunicauit.
811 2087 834 2122 Et

132 2140 166 2172 has
172 2140 241 2172 litteras
246 2140 374 2173 beatoThome
381 2139 484 2180 destinauit,
489 2145 508 2172 vt
513 2139 548 2172 illis
553 2139 593 2172 loco
598 2149 631 2172 suo
636 2143 654 2172 et
660 2144 743 2183 tempore
748 2144 834 2174 uteretur.

133 2185 206 2226 Videns
218 2191 278 2236 itaque
290 2205 323 2227 rex
335 2193 354 2227 in
365 2200 414 2228 arcto
426 2205 447 2228 se
459 2192 545 2238 positum,
555 2192 639 2236 promisit
651 2192 752 2228 certissime
763 2204 834 2237 pacem.

134 2246 275 2288 Reformataque
289 2257 322 2289 per
333 2246 443 2281 mediatores
455 2257 505 2291 pace,
517 2257 550 2280 rex
562 2251 580 2280 et
592 2246 740 2291 archiepiscopus
752 2246 786 2281 soli
799 2248 834 2282 duo

104 2313 125 2342 40
133 2309 217 2332 seorsum
230 2298 249 2331 in
262 2299 314 2341 equis
327 2300 347 2332 in
359 2300 439 2342 quadarn
451 2298 529 2342 planicie
544 2299 662 2340 diuerterunt,
676 2299 765 2332 secretius
780 2300 835 2333 eollo-

133 2354 216 2394 quentes.
239 2349 275 2383 Vbi
286 2350 433 2394 archiepiscopus
444 2350 492 2384 inter
503 2350 537 2384 alia
548 2350 587 2394 regi
598 2350 706 2394 supplicauit
717 2356 737 2384 vt
750 2350 835 2385 iniuriam

132 2413 188 2447 quam
200 2401 234 2437 sibi
245 2407 263 2436 et
274 2402 350 2437 ecclesie
362 2413 395 2437 sue
406 2402 516 2446 suffraganei
527 2403 554 2437 sui
562 2413 598 2437 vna
608 2414 650 2438 cum
660 2404 766 2437 eboracensi
777 2404 835 2438 archi-

152 2529 286 2566 ³E.seruus;T.
294 2530 321 2560 Ta.
329 2531 405 2561 seruiens.
468 2529 575 2560 ²Eeiiciam„
640 2530 674 2560 ³T.
682 2535 712 2559 est.
775 2529 835 2561 1ἯΕ.

133 2570 196 2600 abortia¹
258 2569 304 2599 ⁵om.
313 2570 328 2598 in
337 2570 354 2599 E.
415 2568 587 2606 loramento..
634 2569 670 2599 ⁷al.
678 2569 771 2600 remitteres.
