1762 2803
118 120 165 178 '404
312 120 392 172 mono
407 117 525 180 litamur
540 116 633 179 tinctio.

120 239 198 278 reduxit.
220 240 284 277 Orauit
291 245 352 277 autern
360 239 426 275 iterum
435 244 454 275 et
463 248 538 275 carnem
548 237 598 274 illam
608 237 627 274 in
638 247 705 284 panem
715 245 825 272 conuersam

122 301 206 331 matrone
220 295 329 330 sumendam
343 294 398 329 dedit.
443 285 539 338 ¹Quidam
556 292 613 326 inuidi
630 290 718 335 Gregorio
736 294 825 335 ceperunt

122 348 224 391 detrahere,
236 353 340 383 asserentes
352 347 401 391 quod
414 351 472 381 totum
484 347 591 381 thesaurum
607 345 684 380 ecclesie
695 349 783 389 tanquam
797 342 826 383 uir

122 402 210 446 prodigus
218 400 368 444 consumpsisset.
390 399 445 434 Vnde
456 400 479 433 ob
487 399 541 434 huius
550 398 650 433 uindictam
658 397 681 431 ad
691 397 826 431 comburendos

104 462 113 493 5
122 465 167 489 suos
177 453 234 488 libros
243 458 346 488 ceterorum
356 451 428 487 animos
438 451 577 487 inclinauerunt.
593 450 676 494 Quorum
684 450 728 485 dum
736 450 825 494 quosdam

122 507 268 543 combussissent
280 512 298 541 et
310 512 382 541 ceteros
394 506 502 541 comburere
514 506 588 547 vellent,
600 504 667 540 Petrus
682 503 770 540 diaconus
786 502 826 538 eius

121 559 279 603 familiarissimus,
292 570 334 595 cum
349 571 385 605 quo
399 565 476 605 quatuor
490 559 608 603 Dialogorum
623 557 679 592 libros
694 557 826 602 disputauerat‚

122 614 244 647 uehementer
256 612 331 654 obstitit,
342 623 429 646 asserens
441 613 475 646 hoc
487 613 510 645 ad
522 611 561 645 eius
572 611 670 645 delendam
681 610 790 644 memoriam
801 608 827 642 nil

122 666 189 709 ualere,
198 675 240 699 cum
251 665 270 699 in
283 665 362 699 diuersis
373 665 437 699 mundi
448 665 530 709 partibus
542 663 655 708 exemplaria
664 668 784 704 tenerentur;
796 661 827 695 ad-

96 727 115 750 10
123 719 203 765 iungens
216 718 298 752 immane
312 719 427 762 sacrilegium
441 728 489 761 esse,
502 719 547 752 tanti
562 718 619 761 patris
631 722 659 752 tot
674 723 692 751 et
708 715 754 750 tales
771 714 828 749 libros

123 782 206 815 exurere,
219 783 276 816 super
289 771 341 807 cuius
358 778 411 816 caput
423 771 463 816 ipse
476 772 559 816 spiritum
573 775 656 805 sanctum
673 769 692 804 in
708 768 827 804 similitudine

123 825 207 860 columbe
219 824 368 869 frequentissime
378 829 503 868 perspexerat.
525 823 609 858 Tandem
620 822 639 857 in
650 823 698 857 hanc
710 833 742 857 eos
753 827 828 856 senten-

124 878 171 912 ciam
183 878 259 911 adduxit
271 882 291 910 ut
306 878 322 911 si
334 877 378 911 illud
390 877 439 921 quod
451 876 522 910 dixerat
535 875 651 910 iureiurando
661 875 772 909 confirmans
785 885 828 908 con·

124 931 175 967 tinuo
182 929 229 965 mori
239 930 342 972 meruisset,
349 930 385 975 ipsi
396 941 407 965 a
418 930 506 964 librorum
518 928 615 964 exustione
626 927 748 971 desisterent,
760 926 776 962 si
784 938 829 961 uero

98 993 116 1023 15
125 984 172 1019 mori
187 994 224 1018 non
240 983 344 1025 meruisset,
359 987 387 1018 set
405 988 500 1027 superstes
518 984 546 1017 sui
562 982 661 1017 testimonii
677 981 773 1024 extitisset,
788 982 829 1026 ipse

125 1047 198 1083 quoque
210 1036 356 1071 combustoribus
370 1046 436 1070 manus
450 1036 506 1070 daret.
530 1034 593 1080 Itaque
604 1046 647 1070 cum
658 1039 746 1080 apparatu
757 1034 829 1069 diaconi

126 1090 263 1133 euangeliorum
275 1089 342 1123 librum
355 1088 439 1123 baiulans
451 1088 562 1123 uenerabilis
575 1089 630 1123 leuita
643 1089 709 1123 Petrus
722 1088 829 1129 adueniens,

126 1153 169 1177 mox
177 1146 196 1175 ut
204 1142 257 1176 tactis
267 1141 388 1175 sacrosanctis
399 1141 499 1185 euangeliis
511 1140 594 1185 Gregorii
605 1141 695 1176 sanctitati
704 1141 829 1175 testimonium

126 1193 222 1240 perhibuit,
230 1205 241 1228 a
250 1193 312 1229 dolore
322 1194 387 1230 mortis
397 1198 496 1230 extraneus
508 1194 592 1238 spiritum
603 1193 651 1230 inter
661 1194 718 1229 uerba
729 1203 774 1229 uere
786 1203 829 1228 con-

99 1257 118 1280 20
126 1247 212 1284 fessionis
220 1247 281 1283 emisit
285 1246 305 1292 ².]

278 1365 293 1401 ti
305 1358 339 1399 Dr
350 1375 422 1400 sancrn
432 1357 553 1400 Wnununcn
563 1365 657 1400 vrnomri.

130 1436 251 1515 postquam
259 1435 361 1481 Anglorum
371 1436 420 1471 natio
430 1447 465 1481 per
474 1436 523 1472 beati
533 1436 616 1480 Gregorii
627 1447 676 1481 pape
687 1437 808 1481 apostolatum
820 1446 831 1472 a

176 1490 282 1534 gentilitatis
290 1501 352 1526 errore
360 1492 383 1525 ad
391 1490 526 1526 christianitatis
533 1490 629 1526 veritatem
637 1501 727 1526 conuersa
734 1495 768 1533 est,
778 1489 831 1526 multi

128 1543 201 1577 illorum
209 1544 232 1577 ob
239 1544 311 1577 celestis
319 1544 359 1587 spei
367 1543 533 1578 remunerationem
542 1555 566 1578 ex
575 1543 667 1578 maritima
674 1544 733 1587 patria
740 1544 763 1578 ad
772 1543 787 1577 F
788 1554 830 1578 ran-

129 1606 192 1631 corum
205 1601 330 1640 peruenerunt
341 1596 443 1640 imperium.
467 1596 496 1630 Ex
507 1596 573 1641 quibus
584 1602 658 1631 sanctus
670 1596 779 1638 Boniiacius,
787 1597 831 1631 dum

102 1663 121 1693 ²5
129 1649 187 1683 adhuc
206 1649 226 1681 in
244 1648 404 1693 peregrinatione⁴
418 1649 534 1693 peruenisset
548 1648 667 1693 prouinciam,
684 1651 736 1693 quasi
751 1650 831 1683 natiuam

129 1701 164 1736 sibi
172 1701 250 1745 adeptus
258 1705 287 1735 est
294 1700 376 1745 patriam,
384 1707 402 1736 et
413 1702 557 1746 maguntinensis
563 1701 570 1721 ⁵
577 1702 680 1745 presulatus
689 1702 713 1736 ob
723 1712 757 1736 sua
766 1701 832 1737 merita

130 1754 235 1790 cathedram
243 1755 321 1799 adeptus
332 1760 365 1790 est.
389 1754 418 1790 Ex
427 1756 492 1790 eodem
502 1765 575 1799 quoque
586 1754 653 1799 Anglie
660 1754 719 1790 insule
730 1755 769 1790 solo
778 1766 832 1801 pere-

129 1807 196 1853 grinati
206 1812 249 1842 sunt
260 1808 327 1842 fratres
338 1809 374 1842 duo
386 1819 421 1852 pro
432 1808 511 1850 Christo,
522 1809 559 1843 scil.
570 1808 717 1844 Willebrordus⁵
729 1814 747 1844 et
758 1809 832 1851 Winni-

130 1861 212 1902 boldus⁷‚
224 1871 266 1895 cum
280 1860 382 1896 castissima
397 1872 461 1896 sorore
476 1872 539 1896 eorum
556 1861 627 1906 virgine
643 1862 711 1897 Christi
726 1862 832 1907 Walburga.

102 1930 122 1961 30
130 1914 213 1957 Quorum
227 1914 278 1958 prior
295 1925 306 1949 a
323 1914 393 1958 prefato
410 1914 490 1949 antistite
508 1914 601 1949 Bonifacio
621 1914 740 1950 heistatensis
755 1915 832 1951 ecclesie

131 1967 236 2001 cathedram
248 1966 334 2011 suscepit,
346 1967 391 2001 alter
400 1978 445 2002 vero
456 1972 515 2002 totum
527 1978 548 2002 se
561 1966 629 2002 Christi
639 1967 713 2003 seruitio
725 1969 833 2013 mancipans

130 2020 189 2054 locum
202 2019 233 2064 qui
246 2019 312 2054 dicitur
325 2019 442 2055 Heidanhem
455 2021 478 2055 ad
491 2020 609 2056 incolendum
625 2020 684 2065 elegit,
696 2021 727 2056 vbi
742 2022 833 2057 continuis

131 2072 244 2108 orationibus
253 2072 331 2114 deditus,
339 2072 358 2107 in
367 2073 468 2109 monastica
478 2073 618 2109 conuersatione
629 2079 692 2109 sancta
701 2074 757 2110 vitam
768 2075 833 2118 finiuit,

131 2131 150 2160 et
161 2125 227 2160 multos
238 2126 286 2159 bene
295 2126 393 2160 instructos
403 2127 469 2161 fratres
477 2127 555 2170 reliquit.
578 2127 622 2161 Post
634 2127 700 2162 horum
707 2139 752 2163 vero
763 2128 833 2164 disces-

152 2210 157 2227 ¹
168 2209 192 2238 Cf.
200 2209 237 2245 Leg.
245 2209 302 2247 Aurea,
310 2219 326 2247 p.
335 2219 368 2248 199.

152 2249 159 2267 ²
168 2247 205 2278 Ant.
213 2252 229 2278 et
236 2247 296 2278 Collect
303 2249 319 2278 in
326 2249 354 2281 T.:

154 2285 258 2335 (mengone
268 2295 334 2331 stabilis,
344 2296 411 2324 deuotus
423 2299 439 2324 et
449 2296 525 2333 amabilis,
535 2296 596 2326 Thoma
607 2296 729 2335 resplenduisti;
739 2299 772 2327 uita
782 2303 834 2328 morte

132 2334 219 2372 laudabilis,
227 2334 311 2364 uirtutibus
318 2334 397 2372 mirabilis,
404 2335 456 2364 seruis
464 2344 537 2365 succurre
544 2335 608 2366 Christi.
628 2336 647 2367 V.
657 2337 716 2367 lustum
724 2338 794 2369 deduxit.

154 2373 264 2417 Omnipotens
278 2382 294 2408 et
307 2379 398 2409 misericors
412 2380 456 2417 deus,
470 2381 497 2417 qui
514 2381 586 2418 superbis
603 2382 664 2412 resistis
678 2387 694 2413 et
708 2383 792 2414 humilibus
806 2384 835 2413 das

132 2419 206 2457 graciam,
219 2419 239 2446 da
250 2418 296 2446 nobis
307 2427 392 2455 quesumus
403 2418 479 2457 exemplis
489 2424 505 2449 et
513 2421 573 2449 meritis
583 2421 651 2458 preciosi
662 2422 723 2451 Thome
735 2424 808 2453 monachi
818 2427 835 2452 et

133 2457 200 2491 martiris
207 2457 275 2495 superba
282 2466 314 2487 non
321 2467 381 2496 sapere,
389 2461 428 2488 sets
436 2478 440 2486 .
448 2480 451 2488 .
459 2480 463 2489 ,
471 2480 475 2487 .

152 2500 158 2516 ³
169 2498 206 2528 nn.
217 2498 256 2527 lrorn
267 2498 295 2526 the
301 2498 338 2527 Vita
348 2498 419 2528 ascribed
430 2502 446 2528 to
457 2498 540 2538 Adelbold,
548 2500 590 2530 rna.
597 2500 627 2531 SS.
637 2500 677 2531 Boll.
687 2502 732 2532 Febr.
740 2503 769 2532 111.
776 2512 792 2541 p.
799 2502 833 2539 548,

132 2538 186 2569 which
193 2538 207 2568 is
214 2538 305 2568 eontraeted
312 2538 353 2568 srom
359 2537 457 2568 Wollhard's
464 2538 504 2569 Vita.
585 2540 591 2558 ⁴
600 2540 631 2570 vit
641 2541 671 2571 huc
678 2540 696 2580 (i)
706 2541 723 2571 in
730 2542 834 2580 peregrinam.

132 2578 313 2616 ‘T.maugnntinensis.
374 2577 543 2610 ⁶B011.Williboldus.
604 2579 749 2612 'Ewineboldus
