1762 2803
235 122 281 177 De
297 120 396 174 &endu
413 118 532 182 11111110.
691 123 732 179 381

33 248 119 287 duxisset,
131 244 150 278 in
165 243 415 287 50110010101101111,111111110ι
428 242 516 277 kalendas
531 241 643 283 nouembris‚
656 242 736 284 celestia,

32 308 99 336 terram
111 296 223 339 relinquens,
231 295 339 329 conscendit
344 295 356 330 ².
379 295 449 329 Floruit
460 300 521 329 autem
532 295 580 329 circa
588 305 657 329 annum
668 294 737 329 domini

33 349 193 396 nongentesimum
201 348 374 393 quinquagesimum
382 359 456 384 nonum.

55 410 102 453 [MS.
110 409 131 441 T.
139 407 197 441 adds:
333 406 434 441 Narralrb³.

56 456 101 499 Duo
111 461 177 496 tratres
186 464 310 504 perrexerunt
320 459 343 493 acl
355 460 451 501 ciuitatem,
459 465 478 495 ut
490 460 592 495 uenderent
604 459 652 505 qnod
664 458 737 494 suerant

33 516 112 561 operati:
125 518 143 548 et
151 522 193 547 cum
201 522 211 546 a
220 522 241 546 se
248 511 328 547 inuicem
336 511 415 548 fuissent
422 512 482 556 diuisi,
490 512 566 548 incurrit
574 523 622 549 unus
631 513 650 548 in
660 512 737 548 fornica·
746 523 754 554 5

34 569 109 605 cionem.
131 565 214 599 Veniens
227 569 288 599 autem
300 570 365 610 postea
376 566 432 600 lrater
444 566 483 601 eius
494 567 550 601 dixit:
564 567 699 602 ‘Reuertemur
714 566 737 601 ad

34 622 97 658 cellam
105 620 198 653 nostram!
222 618 245 651 Et
254 618 295 653 ille:
311 618 363 653 ‘Non
372 619 438 654 uenio:
452 620 494 664 quia
502 630 543 654 cum
551 619 670 654 discessisses
681 630 691 653 a
701 630 738 660 me,

33 676 52 709 in
64 672 205 707 fornicacionem
216 672 279 715 lapsus
291 674 343 705 sum.¹
365 673 417 706 Tunc
429 672 485 707 frater
494 673 529 715 ille,
537 674 603 707 uolens
614 684 656 707 eum
666 673 737 714 lucrari,

34 727 88 761 dixit:
109 725 142 758 ‘Et
154 723 209 758 michi
220 723 295 767 quidem
307 725 333 758 sic
345 724 430 768 contigit:
446 725 519 769 quando
530 731 627 769 separatus
638 736 680 759 sum
691 736 702 759 a
713 731 737 767 te,

34 778 101 814 incurri
112 782 130 812 et
140 787 174 821 ego
185 777 203 811 in
215 777 362 812 fornicacionem.
385 778 418 812 Set
428 788 492 812 eamus
501 783 519 812 et
529 777 652 823 penitenciam
661 788 737 821 agamus
747 785 766 807 10

34 831 87 868 simul
95 842 136 865 curn
147 830 197 863 omni
208 830 276 873 labore,
284 835 303 864 et
312 831 358 865 deus
367 833 449 876 ignoscet
458 831 512 865 nobis
522 832 627 877 peccatum?
651 831 686 874 Qui
696 842 737 866 cum

35 884 108 918 senibus
121 883 228 916 retulissent
240 884 289 926 quod
302 883 398 924 acciderat,
411 888 429 916 et
442 883 562 927 penitentiam
575 884 696 927 accepissent,
707 884 738 917 ille

35 947 81 971 unus
89 946 126 970 non
134 945 169 979 pro
177 946 203 977 se,
211 940 239 969 set
248 936 289 979 (pro
296 935 327 970 illo
335 935 370 970 alio
378 935 434 970 fratre
441 936 564 981 penitenciam
572 936 642 980 agebat,
650 941 738 980 tanquam

35 990 51 1024 si
62 995 80 1023 et
91 990 131 1032 ipse
142 993 244 1031 peccasset„
266 988 337 1022 Videns
349 994 410 1023 autem
418 989 465 1024 deus
474 989 556 1024 laborem
564 995 582 1023 et
590 989 684 1024 caritatem
693 989 738 1031 eius,

35 1044 81 1077 intra
89 1053 156 1087 paucos
165 1042 205 1076 dies
213 1041 336 1076 manifestauit
344 1043 376 1076 uni
384 1043 407 1076 de
415 1044 490 1077 senibus
497 1044 545 1087 quod
552 1054 585 1087 pro
593 1044 649 1078 multa
657 1042 738 1086 caritate)
748 1058 765 1088 15

35 1097 82 1130 illius
90 1095 151 1129 fratris
158 1096 189 1138 qui
198 1096 242 1138 (non
250 1102 363 1138 peccauerat,
372 1096 476 1139 indullserit
483 1096 509 1129 illi
517 1097 548 1141 qui
556 1096 656 1131 fornicatus
663 1102 691 1131 est
696 1097 716 1140 ¹.]

110 1185 125 1221 ‘ll
137 1176 171 1218 Da
182 1193 253 1219 5111010
265 1177 357 1219 Etrusco
368 1194 515 1219 chtttEPtscoPo
527 1195 550 1219 111
562 1184 662 1220 arammeh

39 1248 175 1325 PRincipium
187 1249 275 1282 nascendi
286 1248 441 1292 splendidissimis
452 1249 542 1284 natalibus
552 1249 628 1284 trahens
638 1249 739 1294 Elphegus,

91 1313 158 1346 magna
170 1300 267 1346 prudentia
281 1307 299 1336 et
312 1312 385 1336 summa
398 1302 499 1336 humilitate
510 1303 566 1336 vitam
577 1301 659 1336 instituit.
682 1302 739 1337 Cuius

36 1354 90 1387 animi
95 1355 170 1398 ingenui
176 1355 182 1374 ⁰
188 1360 242 1398 atque
250 1355 286 1389 vite
294 1354 417 1389 innocentiam
425 1360 511 1398 parentes
521 1355 609 1397 admirati,
616 1355 688 1389 litterali
695 1367 737 1390 eum

36 1407 111 1441 scientia
116 1412 133 1441 et
139 1406 236 1442 christiane
242 1406 393 1451 eumtrettgionts
398 1407 487 1451 sapientia
493 1407 613 1443 imbuendum
619 1408 738 1443 tradiderunt.
748 1419 767 1440 zo

37 1459 71 1502 Qui
80 1465 138 1494 totum
147 1460 264 1505 philosophie
273 1460 354 1496 studium
364 1462 454 1495 conuertit
463 1462 486 1495 ad
497 1461 610 1506 diligendum
620 1463 680 1503 deum,
688 1462 739 1496 illum

37 1522 110 1555 semper
120 1524 175 1546 nosse
179 1514 192 1553 ⁸,
200 1513 225 1546 illi
234 1524 306 1556 parere,
314 1514 363 1547 illius
371 1515 413 1556 iugo
424 1514 526 1557 mancipari
536 1515 650 1548 desiderans,
671 1515 740 1549 Tactus

36 1563 95 1608 itaque
108 1565 209 1600 maiestatis
223 1565 294 1609 spiritu,
308 1571 385 1610 paterne
399 1566 506 1601 hereditatis
521 1566 622 1611 negligens,
636 1571 740 1602 maternum

37 1617 123 1660 dolorem,
134 1630 176 1652 eum
186 1620 209 1653 ab
220 1630 242 1653 ea
252 1619 305 1653 vnice
315 1619 426 1664 diligeretur,
434 1619 550 1660 obliuiscens,
560 1620 648 1655 mundum
659 1620 741 1655 deseruit

37 1671 83 1704 etin
94 1672 205 1706 monasterio
217 1672 291 1706 nomine
303 1672 389 1707 Derhirst
399 1672 493 1717 religionis
505 1673 586 1708 habitum
596 1673 683 1718 suscepit.
704 1674 741 1709 Vbi
750 1685 768 1716 ²5

36 1724 105 1766 priuata
117 1725 208 1759 desideria
219 1726 252 1759 acl
263 1726 366 1760 voluntates
378 1726 426 1770 cepit
437 1726 517 1770 abigere,
528 1731 635 1761 cunctorum
646 1727 740 1762 famutatui

37 1777 130 1812 subiacere
138 1785 193 1822 atque
201 1779 282 1813 omnium
291 1790 312 1814 se
319 1779 462 1814 instrumentum
470 1780 536 1822 lacere,
542 1781 598 1814 deum
606 1779 742 1825 infatigabiliter

37 1830 117 1875 diligere,
133 1833 205 1867 ieiuniis
221 1838 239 1867 et
253 1833 320 1877 vigiliis
335 1845 405 1867 vacare.
430 1833 573 1878 Quibuscunque
590 1833 647 1877 potuit
662 1835 740 1878 profuit3

37 1883 102 1927 quibus
114 1891 174 1921 autem
186 1898 223 1921 non
237 1886 296 1931 potuit
306 1887 402 1931 prodesse,
412 1887 480 1922 studuit
492 1897 529 1922 non
540 1887 612 1922 obesse.
634 1887 740 1923 Transactis

37 1942 97 1971 autem
108 1939 127 1972 in
141 1939 230 1983 religione
243 1940 311 1983 aliquot
324 1940 383 1980 annis,
395 1951 437 1973 cum
448 1941 519 1974 videret
531 1946 605 1982 tempus
618 1941 741 1975 adolescentie
749 1948 769 1976 30

37 1990 136 2033 preterire;
147 1992 220 2026 artioris
230 1991 267 2026 vite
279 1992 363 2026 semitam
375 1992 464 2036 arripere,
473 1992 602 2036 singulareque
614 2003 655 2026 cum
666 1995 741 2038 antiquo

37 2040 90 2076 hoste
105 2050 198 2079 certamen
213 2044 260 2079 inire
277 2045 374 2080 contendit.
398 2045 490 2089 Egressus
506 2044 567 2090 itaque
584 2045 608 2079 de
624 2046 741 2087 monasterio,

37 2097 121 2138 peruenit
139 2099 162 2133 acl
181 2099 241 2133 locum
257 2098 346 2133 Bathonia
360 2104 451 2142 vocatum,
465 2097 496 2133 vbi
514 2109 561 2143 aqua
577 2097 635 2133 calida
651 2099 674 2133 de
692 2104 741 2134 terra

38 2158 135 2195 emergens
147 2152 253 2187 balnearum
265 2163 318 2187 usum
330 2163 364 2196 pro
377 2152 470 2188 voluntate
481 2157 556 2197 prestat.
579 2150 607 2185 lbi
618 2151 741 2188 habitaculum

58 2207 63 2225 ¹
73 2207 91 2237 L-
99 2211 164 2242 decimo⁴
264 2211 270 2228 ²
281 2212 299 2243 Ε,
307 2212 396 2242 concendit.
495 2211 501 2228 ³
512 2211 536 2240 Er
542 2211 574 2242 Vit.
581 2210 622 2241 Patr.
630 2211 665 2241 880.

57 2248 63 2265 ¹
74 2246 135 2280 Collect
142 2252 158 2280 in
165 2251 192 2282 T.:

58 2281 91 2326 (O)
99 2290 168 2327 gloriosa
175 2291 220 2328 uirgo
227 2300 317 2329 sponsaque
326 2291 352 2321 dei
360 2291 425 2327 Ellleda,
433 2300 462 2329 pro
470 2290 515 2320 nobis
524 2290 604 2320 dominum
612 2299 665 2327 regem
672 2290 742 2321 celorum

38 2329 143 2364 supplicamus
151 2332 206 2367 rogita.
229 2331 262 2359 Ora
269 2341 298 2368 pro
305 2330 356 2359 nobis.

60 2367 112 2407 Deus,
123 2374 150 2410 qui
160 2378 250 2411 presentem
261 2375 302 2403 diem
313 2374 358 2403 nobis
369 2374 477 2403 honorabilem
487 2374 503 2402 in
513 2373 559 2402 beate
569 2372 630 2402 Elllede
639 2373 743 2410 deposicione

39 2408 93 2448 fecisti,
101 2413 143 2441 illius
150 2414 210 2442 meritis
218 2414 325 2451 optinentibus
336 2414 380 2443 salua
389 2423 419 2442 nos
429 2423 458 2450 per
466 2412 588 2450 indulgenciam,
594 2412 621 2449 qui
628 2422 658 2442 nos
668 2413 742 2450 dignatus

39 2457 56 2477 es
63 2450 124 2481 saluare
131 2462 160 2490 per
167 2453 239 2490 graciam,
247 2462 280 2490 per.

58 2488 64 2506 ³
74 2490 156 2529 Abridged
163 2492 201 2522 lrom
209 2493 237 2522 the
243 2493 279 2522 Vita
288 2493 310 2529 by
318 2492 380 2522 Osbern
390 2492 408 2521 01
417 2491 515 2528 Canterbury
522 2492 538 2521 in
545 2491 581 2521 Aet.
589 2491 618 2521 SS.
626 2492 667 2522 Boll.
674 2492 713 2530 Apr.
722 2493 743 2523 ll.

39 2536 54 2572 p.
60 2528 94 2565 628,
99 2531 178 2562 Whartou
185 2533 205 2562 ll.
213 2542 247 2568 122,
253 2532 327 2562 illabillon
332 2532 359 2562 Vl.
366 2541 404 2569 113;
411 2531 465 2561 Surius
471 2531 500 2560 has
505 2530 600 2569 Capgravc's
605 2535 645 2563 text.
686 2531 692 2549 ⁸
702 2532 744 2563 Bell.

39 2570 123 2605 ingenium
164 2571 238 2603 7(110111.
280 2572 375 2603 ὃΕ.110500,
416 2571 452 2602 lul.
459 2570 541 2602 solitarias.
