1762 2803
98 143 141 194 164
285 136 496 199 moratorum
512 135 605 198 anglia

96 260 115 294 in
127 260 168 304 ipsa
181 260 241 295 insula
254 259 360 304 multiplicia
373 259 421 293 bella
436 258 498 303 gessit,
514 269 563 292 nunc
576 267 587 292 a
600 258 709 292 demonibus
723 258 741 291 in
755 253 799 292 aera

96 319 164 357 gestus,
177 325 225 348 nunc
237 313 286 347 inter
296 323 364 357 vepres
377 318 395 347 et
407 312 471 356 spinas
483 317 556 352 tractus,
568 322 617 345 nunc
629 311 658 345 vi¹
669 312 688 344 in
700 312 798 355 paludibus

97 367 194 401 demersus
212 377 233 400 ac
252 366 375 401 diuersimode
394 365 475 409 grauiter
490 365 577 399 afflictus:
597 363 721 398 consolatione
740 363 798 398 sancti

98 420 222 454 Bartholomei
234 420 312 463 apostoli
324 419 394 453 sortiter
405 430 438 453 eos
447 418 495 460 vicit,
506 428 608 460 omnesque
618 417 659 451 illas
671 422 798 451 monstruosas

80 472 146 512 fiacies
158 473 181 506 de
194 472 225 505 illa
236 471 295 505 insula
308 472 424 515 Croylandie‚
437 481 492 515 quam
503 470 553 514 longi
564 470 653 515 temporis
664 470 798 515 prescriptione

97 525 224 567 vendicabant,
233 530 318 570 potenter
330 525 383 559 eiecit
394 537 415 559 ae
427 524 491 569 procul
502 524 638 568 imperpetuum
649 524 742 567 relegauit.
765 523 798 558 Isti

97 580 132 612 duo
141 579 199 613 sancti
209 579 309 613 Guthlacus
320 583 338 611 et
349 578 460 612 Bertellinus
469 578 488 610 in
498 578 539 621 ipsa
549 577 609 611 insula
619 577 638 610 in
650 577 712 610 diuino
724 577 799 611 seruitio

97 630 158 664 multis
172 630 225 664 annis
237 629 306 664 assidui
318 635 458 670 commorantes,
470 630 527 664 multa
538 639 572 673 per
583 640 615 663 eos
626 630 695 663 fiebant
706 629 799 663 miracula.

97 682 153 716 Venit
168 684 242 718 tandem
257 688 330 727 tempus
345 688 365 717 vt
380 683 481 727 deponeret
496 681 587 716 sarcinam
603 680 663 716 carnis
679 692 711 715 sue
726 681 754 715 vir
769 680 799 714 dei

71 748 89 768 10
100 736 205 777 Guthlacus,
214 746 269 779 quam
279 737 333 779 longo
343 746 378 769 vsu
389 737 464 769 domare
475 736 580 769 studuerat:
592 734 694 778 egritudine
703 733 800 778 repentina

98 789 142 823 feria
155 794 220 833 quarta
231 793 273 822 ante
284 789 353 833 pascha
365 794 461 832 correptus
472 793 505 831 est,
515 793 569 832 atque
580 787 680 822 Bertellino
691 787 745 822 vnico
757 798 799 821 con-

99 842 202 876 tubernali²
214 853 247 876 suo
259 841 356 877 denunciat
371 842 420 886 quod
431 847 495 876 octauo
507 841 537 876 die
550 842 574 876 de
587 841 621 876 hac
632 840 739 885 plorationis
753 841 800 875 valle

99 896 190 930 transiret.
212 896 295 939 Cumque
304 897 334 930 ille
342 895 361 929 in
369 896 455 930 eiulatum
467 900 485 929 et
495 896 599 939 lachrymas
609 894 734 940 prorupisset;
748 894 794 928 ‘noli

99 948 161 993 inquit,
172 948 198 983 fili
210 948 240 991 mi,
252 949 289 983 noli
301 949 358 983 flere:
370 950 393 983 ad
404 949 488 983 laborum
497 959 581 983 meorum
593 947 684 992 stipendia
694 949 746 990 vado,
758 957 799 982 cum

72 1013 90 1042 15
99 1003 129 1036 illo
136 1002 210 1036 domino
217 1002 245 1035 cui
251 1002 319 1035 seruiui
325 1001 432 1045 perenniter
437 1003 580 1045 permansurus!
614 995 687 1046 Quarto
698 1007 759 1035 autem
770 1000 800 1034 die

100 1054 208 1097 egritudinis
222 1054 280 1087 sancti
292 1053 375 1088 Guthlaci
386 1054 497 1088 celebratum
509 1059 537 1087 est
548 1054 629 1096 pascha:
641 1053 732 1096 paschalis
743 1053 800 1086 misse

100 1106 228 1150 solempnitate
239 1106 336 1149 premissa,
348 1112 366 1139 et
378 1106 442 1140 viatico
455 1112 518 1140 nostre
531 1104 594 1139 salutis
606 1111 687 1150 accepto,
700 1105 800 1140 Bertellino

99 1159 130 1204 qui
139 1160 156 1193 ei
164 1159 183 1192 in
191 1170 256 1193 mensa
264 1159 333 1193 domini
340 1159 459 1201 ministrabat,
468 1164 518 1193 tanta
526 1159 573 1192 sacri
580 1159 646 1202 eloquii
653 1164 671 1192 et
677 1158 800 1193 misteriorum

100 1211 301 1255 [profunditate]³vsus
310 1217 343 1253 est,
348 1217 368 1252 ut
376 1211 448 1245 nonille
456 1212 505 1254 loqui
513 1212 610 1254 videretur,
617 1213 650 1246 sed
655 1211 715 1255 potius
724 1212 800 1255 angelus

72 1274 91 1296 20
99 1265 134 1300 dei.
157 1264 269 1298 Bertellinus
281 1265 342 1308 itaque
355 1265 475 1316 considerans
487 1265 506 1298 in
516 1264 562 1298 facie
576 1264 634 1298 sancti
644 1264 689 1298 viri⁴
702 1265 750 1308 quod
764 1269 800 1298 ter-

99 1319 160 1352 minus
177 1330 210 1351 sue
222 1318 342 1361 depositionis
353 1317 438 1360 instabat,
454 1317 502 1361 cepit
519 1316 617 1352 instantius
634 1318 657 1351 ab
676 1329 698 1351 eo
717 1329 800 1361 querere,

99 1372 148 1415 quod
159 1382 252 1414 nunquam
260 1377 314 1405 antea
325 1371 438 1414 interrogare
445 1375 594 1414 presumpserat;
607 1371 689 1404 ‘Adiuro
701 1376 725 1412 te,
735 1370 799 1414 inquit,

100 1428 159 1468 pater,
167 1435 200 1468 per
208 1422 353 1458 misericordiam
361 1423 435 1466 Christi,
442 1428 462 1457 vt
470 1423 525 1457 michi
532 1422 614 1468 apertius
623 1423 706 1458 reuelare
714 1423 800 1467 digneris,

101 1477 144 1520 quid
158 1476 182 1510 sit
195 1477 244 1520 quod
258 1487 268 1509 a
281 1477 342 1520 prima
356 1476 489 1510 cohabitatione
504 1487 559 1519 quam
572 1481 633 1510 tecum
648 1476 708 1517 habui,
724 1476 801 1519 singulis

73 1538 91 1568 25
102 1530 166 1563 diebus
179 1540 233 1563 mane
246 1534 264 1562 et
275 1539 353 1573 vespere
367 1534 385 1563 te
398 1539 439 1563 cum
452 1528 487 1562 alio
500 1529 606 1572 loquentem
619 1534 692 1562 mutuos
705 1540 801 1564 sermones

101 1581 167 1624 audiui,
181 1587 199 1615 et
213 1592 255 1615 cum
270 1592 306 1625 quo
321 1582 378 1616 verba
392 1592 489 1625 promeres
503 1581 595 1625 ignoraui?
624 1581 658 1615 Dei
672 1592 717 1616 vero
732 1581 801 1617 amicus

101 1639 189 1669 consueta
200 1633 311 1676 benignitate
323 1635 428 1676 respondit:
441 1634 446 1651 ‘
452 1634 515 1675 Instat,
527 1634 591 1677 inquit,
602 1634 627 1667 fili
638 1633 750 1675 charissime,
761 1634 801 1668 dies

101 1686 218 1729 nouissimus,
226 1697 260 1720 nec
269 1686 342 1720 mentiri
350 1685 405 1720 michi
412 1686 493 1730 expedit,
501 1686 532 1731 qui
540 1698 550 1720 a
558 1686 652 1731 primitiua
662 1687 801 1721 conuersatione

101 1752 143 1775 mea
151 1751 205 1774 omne
213 1740 329 1774 mendacium
338 1739 433 1773 declinaui.
456 1739 508 1774 Scias
516 1740 565 1774 enim
574 1741 628 1783 quod,
639 1752 662 1774 ex
674 1752 710 1783 quo
718 1741 740 1774 ad
749 1741 802 1774 here-

73 1801 92 1831 30
101 1803 151 1827 mum
163 1793 210 1826 hanc
221 1802 251 1826 me
261 1792 333 1833 contuli,
341 1802 416 1836 semper
425 1802 479 1825 mane
491 1798 509 1826 et
517 1802 595 1836 vespere
607 1793 693 1836 angelum
705 1803 746 1826 mee
758 1803 801 1826 con-

101 1845 194 1882 solationis
210 1844 270 1886 habui,
282 1844 313 1889 qui
329 1845 401 1880 labores
416 1849 434 1880 et
450 1844 579 1890 temptationes
592 1855 643 1880 meas
659 1845 721 1881 celesti
737 1845 801 1881 solatio

100 1898 209 1941 releuabat⁶‚
221 1897 339 1942 predicebatl
354 1897 420 1940 futura,
432 1899 569 1932 demonstrabat
584 1897 672 1938 absentia,
684 1898 801 1942 archanaque
834 1924 840 1932 .

101 1952 176 1986 celestia
182 1963 218 1996 que
226 1962 263 1985 non
271 1951 313 1985 licet
320 1951 375 1985 michi
383 1962 417 1985 nec
426 1951 501 1995 expedit
508 1951 563 1995 loqui,
570 1952 634 1985 celitus
642 1951 737 1985 indicabat.
761 1952 802 1986 Hec

41 2020 45 2026 ·
100 2010 166 2045 autem,
175 2005 206 2046 fili,
214 2005 249 2038 sub
257 2004 329 2038 silentio
337 2004 415 2045 include,
424 2015 458 2038 nec
466 2009 564 2047 attemptes
573 2015 595 2038 ea
603 2004 687 2047 cuiquam
698 2004 802 2039 mortalium

73 2065 91 2095 35
100 2057 136 2090 nisi
148 2056 207 2090 sorori
218 2067 259 2089 mee
269 2056 318 2099 Pege
330 2061 348 2089 et
359 2056 439 2099 Egberto
449 2056 555 2090 anachorite
566 2056 602 2090 vllo
614 2062 697 2099 tempore
708 2057 801 2090 reuelare.'

102 2110 157 2143 Mane
165 2109 225 2153 itaque
234 2108 319 2152 sequenti
327 2108 406 2152 suspiria
415 2114 432 2142 et
440 2108 536 2152 singultus,
543 2108 574 2152 qui
582 2109 642 2143 solent
650 2119 692 2143 esse
699 2109 802 2153 preambuli

101 2162 170 2203 mortis,
178 2162 215 2196 iam
226 2166 291 2205 pectus
301 2163 349 2195 beati
358 2162 393 2195 viri
402 2173 447 2205 sepe
456 2166 592 2203 concusserant,
600 2174 621 2196 ac
630 2163 653 2195 de
661 2172 693 2195 ore
703 2162 742 2196 eius
752 2167 803 2197 tanta

101 2215 162 2249 odoris
174 2214 254 2249 suauitas
266 2214 350 2256 exalauit,
362 2225 383 2248 ae
395 2214 410 2249 si
422 2214 487 2258 aliquis
501 2226 565 2249 roseos
579 2214 635 2249 flores
649 2214 759 2258 sparsisset⁷
771 2221 802 2250 aut

100 2269 203 2302 balsamum
218 2267 317 2302 effudisset.
341 2268 398 2302 Nocte
411 2279 455 2302 vero
469 2268 559 2312 sequenti,
573 2279 615 2302 cum
628 2267 733 2311 sepedictus
746 2268 802 2302 frater

73 2330 93 2361 40
102 2321 212 2355 Bertellinus
223 2320 270 2354 circa
281 2320 315 2355 viri
327 2319 384 2353 sancti
395 2320 497 2354 custodiam
507 2320 575 2365 vigiliis
586 2319 705 2363 indulgeret,
715 2331 752 2354 non
762 2321 802 2355 sine

102 2385 168 2418 magno
182 2380 256 2418 stupore
270 2373 359 2417 conspicit
372 2375 420 2417 quod
436 2384 447 2406 a
462 2373 523 2407 media
539 2378 592 2407 nocte
607 2383 665 2416 vsque
681 2373 704 2406 ad
718 2384 802 2408 auroram

96 2432 157 2460 totam
168 2428 244 2460 domum
253 2428 322 2460 candor
330 2426 376 2459 lucis
388 2426 516 2461 inestimabilis
526 2425 650 2459 circumfulsit.
673 2425 748 2460 Oriente
757 2438 802 2461 vero

102 2479 146 2519 sole,
159 2479 235 2513 dilectus
247 2480 281 2513 deo
294 2479 394 2513 Guthlacus
407 2479 483 2513 fratrem
495 2479 546 2512 illum
558 2479 660 2511 aduocans:
673 2477 722 2522 ‘Fili,
738 2479 802 2523 inquit,

122 2541 185 2572 ¹E.vt,
242 2542 402 2573 ²E.contuberniali.
468 2541 515 2573 ³om.
576 2540 802 2581 ‘Bollvirideisanctiom

103 2581 228 2612 ⁵E.reuelabat.
268 2584 302 2612 ὓΕ.
310 2582 405 2620 predicabat.
446 2581 578 2621 'Espercisset
617 2581 747 2614 ''Bollvacaret
