1762 2803
239 93 285 149 ibt
299 92 400 147 sancto
417 92 537 145 ouantes.
694 103 736 148 505

37 216 113 251 animas.
136 216 188 251 Circa
199 215 258 260 ripam
269 215 350 250 iluminis
362 221 390 251 est
402 214 475 260 quidam
486 213 607 251 monticulus:
619 216 637 247 et
647 213 677 248 vbi
689 217 737 247 stare

37 270 128 304 videbitur
135 270 169 303 bos
180 269 274 311 candidus,
281 268 306 302 ibi
317 269 352 303 erit
362 269 413 303 locus
423 268 539 303 habitationis
549 269 590 303 tue!
614 266 670 302 Mane
677 272 738 300 autem

37 333 116 368 surgens
129 322 191 367 regale
202 321 292 366 palacium
307 321 394 365 deseruit,
405 327 424 357 et
437 332 494 367 regno
506 322 579 358 Cadoco
592 320 675 356 filiosuo
690 328 739 354 com-

38 377 129 419 mendato,
143 377 166 411 ad
179 375 298 411 monticulum
312 374 346 410 sibi
359 376 382 410 ab
397 376 462 420 angelo
477 376 582 411 nunciatum
598 373 687 420 peruenit.
716 372 738 408 Et

39 430 115 463 inuento
126 430 173 462 boue
185 429 268 470 candido,
280 429 376 462 ecclesiam
387 430 495 471 construxit,
506 435 524 463 et
536 430 560 463 ibi
572 430 591 462 in
604 439 671 472 magna
683 427 756 462 absti-5

39 482 100 517 nentia
112 486 130 515 et
141 481 177 516 vite
188 481 309 515 sanctimonia
319 481 383 515 viuere
395 481 448 525 cepit.
470 482 560 517 Vtebatur
571 487 632 516 autem
646 480 709 521 cilicio,
721 485 739 514 et

38 547 87 579 pane
96 535 185 569 ordeaceo
195 538 214 568 et
224 535 286 568 cinere
298 534 317 567 in
329 534 382 567 tertia
393 539 446 578 parte
457 535 550 577 admixto3
561 544 664 579 aquamque
675 539 739 578 potare

39 587 139 623 consueuit.
155 588 212 622 Nocte
218 598 262 622 vero
268 587 330 621 media
336 597 414 631 surgens
423 586 441 621 in
450 598 516 633 aquam
523 587 606 634 frigidam
612 599 633 623 se
639 587 740 629 immersit,

40 647 58 676 et
73 641 128 676 nichil
141 642 165 676 de
178 641 237 675 alieno
250 650 332 683 sumens,
347 640 422 685 proprio
435 640 497 674 labore
512 640 567 676 vitam
582 641 638 676 duxit,
660 641 740 676 Sanctus

40 700 101 729 autem
113 695 197 729 Cadocus
210 695 258 728 filius
271 704 315 728 suus
321 694 333 735 ¹,
345 693 402 727 abbas
417 695 572 729 nancarbanensis
585 695 666 738 effectus,
679 695 739 738 ipsum
749 699 767 721 10

39 759 85 792 sepe
95 746 172 781 visitans
183 747 300 787 confortabat,
310 756 403 787 asserens,
414 757 451 780 non
463 745 590 781 inchoantibus
601 758 687 782 coronam
698 757 739 781 esse

39 801 156 845 promissam,
168 800 201 834 sed
213 798 375 845 perseuerantibus
386 798 405 833 in
420 799 505 834 bonum2.
527 799 622 834 Gundleus
634 805 694 835 autem
706 810 740 843 pro

40 854 122 888 ariditate
134 853 227 887 monticuli
241 852 333 887 orationes
346 853 370 886 ad
383 854 439 887 deum
454 852 540 895 fundens,
555 859 573 887 et
588 854 657 887 aridam
672 859 740 886 terram

41 905 101 941 baculi
111 906 187 951 cuspide
195 911 279 950 tangens,
288 904 358 940 sontem
368 904 387 939 in
397 905 464 940 eodem
475 905 515 940 loeo
522 906 639 950 perlucidum
650 911 668 940 et
677 904 742 949 iugiter

43 962 170 994 decurrentem
176 970 252 993 manare
260 958 308 992 fecit.
323 958 491 1003 Appropinquante
496 960 570 994 tandem
576 959 654 993 termino
659 959 696 992 vite
704 969 743 1000 sue,
752 965 770 994 ¹⁵

41 1013 91 1047 misit
101 1013 124 1046 ad
135 1011 243 1046 Dubricium
252 1011 398 1046 randanensem³
408 1013 516 1056 episcopum
526 1017 545 1046 et
554 1012 612 1047 filium
621 1022 674 1047 suum
686 1011 742 1045 cado·

41 1077 88 1108 cum,
99 1070 119 1100 vt
130 1076 173 1100 eum
184 1064 258 1099 visitare
271 1065 397 1108 dignarentur.
421 1063 456 1108 Qui
471 1076 512 1100 cum
525 1076 567 1100 eum
581 1064 714 1099 confortassent
725 1069 743 1098 et

43 1118 83 1152 eius
95 1117 175 1151 animam
188 1128 240 1151 sacra
251 1117 381 1151 communione
392 1117 502 1159 munissent,
514 1117 600 1161 migrauit
612 1118 635 1152 ad
647 1117 743 1152 dominum

42 1175 106 1215 quarto
121 1170 157 1204 kal.
172 1169 240 1214 aprilis.
270 1169 293 1203 Et
312 1169 384 1214 sepulto
403 1168 502 1205 honorifice
521 1180 597 1215 corpore
616 1169 661 1212 eius,
677 1169 743 1204 crebra

42 1224 121 1260 visitatio
132 1224 214 1269 angelica
225 1223 273 1259 circa
282 1223 342 1258 locum
355 1223 448 1268 sepulture
459 1224 498 1259 eius
509 1223 549 1258 visa
560 1229 594 1268 est,
606 1229 623 1258 et
635 1223 692 1269 egroti
704 1222 745 1257 eius
752 1229 770 1250 ²0

42 1278 149 1321 suffragium
157 1277 283 1322 implorantes,
291 1278 314 1311 ab
321 1276 372 1311 omni
380 1277 467 1321 languore
478 1277 540 1319 curati,
548 1279 603 1312 deum
610 1277 629 1311 in
637 1282 701 1312 sancto
709 1287 743 1311 suo

42 1331 172 1375 glorificabant.
222 1324 315 1366 Griffinus
323 1335 384 1365 autem
392 1342 426 1365 rex
436 1330 547 1372 Venedocie,
555 1342 565 1365 a
573 1330 641 1365 finibus
650 1329 745 1365 Britannie

43 1394 77 1427 per
90 1394 153 1427 regem
166 1384 281 1418 Willelmum
296 1384 389 1418 seniorem
404 1383 498 1427 expulsus,
510 1389 528 1418 et
543 1384 611 1418 timens
626 1383 709 1425 insidias,
721 1384 745 1417 ad

43 1437 138 1471 Orchades
151 1437 243 1480 nauigauit
258 1436 334 1479 insulas,
347 1441 366 1470 et
379 1437 494 1480 congregatis
509 1435 651 1480 vigintiquatuor
665 1435 745 1469 nauibus

45 1489 119 1539 rediens
130 1490 197 1534 predas
209 1489 276 1523 multas
286 1488 329 1534 egit.
357 1488 414 1523 Cuius
427 1489 477 1523 serni
489 1488 585 1523 ecclesiam
597 1488 655 1523 sancti
668 1488 746 1523 Gundlei
755 1494 773 1523 ²5

46 1543 172 1586 infringentes,
181 1542 266 1586 quicquid
276 1543 295 1575 in
306 1553 328 1576 ea
339 1543 443 1586 preciosum
455 1548 549 1586 repertum
558 1542 591 1576 ruit
601 1548 710 1585 rapuerunt:
723 1542 747 1574 Et

47 1596 91 1629 dum
102 1595 125 1628 ad
137 1594 232 1629 Orchades
243 1594 313 1629 insulas
324 1595 384 1629 redire
395 1595 471 1638 vellent,
478 1594 566 1630 videbant
575 1595 636 1629 virum
647 1593 747 1628 terribilem

46 1649 75 1683 die
85 1653 104 1683 et
115 1653 168 1683 nocte
179 1646 291 1691 equitantem
300 1652 318 1683 et
328 1653 474 1693 persequentem
484 1647 531 1683 illos.
554 1647 578 1683 Et
589 1652 657 1692 quanto
669 1646 748 1692 remiges

46 1694 150 1744 diligentius
161 1702 231 1734 naues⁴
242 1702 337 1743 regebant,
348 1707 399 1735 tanto
410 1702 491 1745 amplius
503 1701 559 1736 maris
570 1702 618 1735 vnde
630 1701 748 1735 retrudebant

43 1762 78 1796 per
96 1756 230 1785 transuersum.
260 1751 376 1796 Vnaqueque
395 1762 450 1796 prora
466 1752 531 1785 ruebat
546 1750 565 1785 in
580 1751 662 1793 alteram,
677 1756 695 1785 et
710 1756 775 1788 tota3⁰

46 1804 110 1839 classis
117 1809 180 1847 preter
188 1813 245 1838 naues
253 1804 298 1837 duas
306 1803 422 1848 exigentibus
430 1803 525 1838 demeritis
534 1803 642 1838 submersa³
649 1809 682 1839 est.
706 1803 747 1839 Rex

45 1862 106 1891 autem
118 1856 205 1890 Griffinus
217 1856 281 1900 rapine
293 1857 378 1890 conscius
388 1867 425 1890 non
437 1862 482 1899 erat,
490 1857 523 1890 sed
535 1866 577 1890 cum
586 1856 624 1890 suis
635 1856 690 1891 sociis
700 1856 747 1900 pira-

45 1916 104 1942 tarum
120 1910 219 1942 aduentum
233 1909 336 1952 expectauit
348 1909 367 1941 in
382 1910 449 1942 littore.
473 1909 509 1951 Qui
524 1913 588 1952 postea
602 1910 641 1952 regi
653 1909 748 1942 Willelmo

45 1962 156 2006 pacificatus,
173 1961 263 1996 mirabilia
278 1972 314 2005 que
329 1961 400 1996 viderat
419 1962 489 1996 cunctis
505 1961 604 1996 enarrauit.
650 1953 748 2005 Tempore

44 2014 93 2048 enim
105 2013 164 2048 sancti
177 2013 263 2048 Edwardi
274 2014 324 2059 regis
338 2013 431 2049 Haraldus
443 2024 511 2057 comes,
522 2013 648 2048 Wallensibus
659 2013 748 2055 offensus,
755 2018 775 2049 35

46 2078 86 2103 cum
98 2068 179 2102 exercitu
190 2067 273 2110 veniens,
284 2068 352 2112 vbique
363 2068 462 2103 combussit
473 2074 491 2103 et
500 2067 589 2110 uastauit;
601 2067 656 2102 nulli⁶
664 2077 749 2112 parcens,

46 2126 105 2155 totum
116 2120 177 2166 rapuit
186 2121 236 2164 quod
246 2120 321 2156 inuenit.
344 2120 423 2164 Quidam
435 2120 484 2156 enim
494 2120 589 2156 ecclesiam
601 2120 658 2155 sancti
670 2120 749 2156 Gundlei

48 2185 89 2209 sera
98 2174 154 2208 fracta
165 2174 260 2216 intrantes,
269 2175 331 2208 omnia
342 2180 415 2218 reperta
427 2179 532 2218 rapuerunt.
555 2174 632 2217 Cunque
642 2174 690 2208 casei
702 2174 749 2219 rapti

47 2226 179 2269 inciderentur,
191 2226 303 2271 intrinsecus
314 2226 412 2271 sanguinei
423 2231 553 2270 apparuerunt.
575 2225 692 2269 Stupesactus
705 2237 750 2271 ergo

47 2278 139 2313 exercitus
147 2278 209 2312 omnia
218 2289 255 2322 que
264 2283 357 2322 rapuerat,
363 2289 400 2313 vna
411 2289 452 2313 cum
463 2278 584 2313 oblationibus
594 2278 656 2313 multis
667 2278 750 2314 restituit.
757 2285 777 2315 40

49 2324 90 2365 Fur
97 2331 170 2374 quidam
178 2336 232 2365 nocte
240 2332 319 2375 quadam
328 2332 424 2366 ecclesiam
433 2332 490 2366 sancti
500 2330 579 2365 Gundlei
590 2330 668 2373 intrans,
675 2331 750 2367 calicem

48 2390 66 2419 et
80 2388 142 2419 vestes
158 2394 220 2419 sacras
236 2385 327 2428 auferens,
342 2386 365 2419 ad
381 2396 415 2420 sua
427 2384 487 2419 redire
499 2383 552 2428 cepit.
575 2384 597 2418 In
609 2383 674 2420 itinere
689 2391 750 2421 autem

46 2437 119 2472 videbat
130 2447 180 2471 mare
190 2436 225 2471 sibi
235 2437 310 2472 obuium
319 2438 412 2472 fluctuans
423 2443 441 2471 et
453 2438 595 2482 supereminens
607 2443 670 2472 contra
682 2439 751 2474 vultum

67 2505 172 2537 ¹Boll.eius.
238 2506 350 2537 ²Boll.bono.
410 2506 569 2537 ’Elaudanenscm
623 2506 750 2539 ‘Bollnavem

47 2549 53 2566 ²
63 2547 104 2577 Boll.
111 2547 192 2576 subversa.
242 2546 248 2564 ⁶
258 2546 299 2576 Bou
306 2547 380 2585 nullique.

69 2604 110 2630 voc.
119 2604 131 2630 1.
387 2597 412 2628 Ll
