1762 2803
241 125 286 180 Bt
302 123 401 177 sanctu
417 120 542 179 anselmo.
712 130 740 183 67

40 245 113 280 cecum¹
122 247 214 291 quendam
222 246 282 280 crucis
290 245 384 290 signaculo
391 245 505 281 illuminauit.
525 245 568 280 Rex
574 251 635 280 autem
643 245 741 285 Heuricus,

39 305 58 333 vt
67 300 155 343 comperit
164 311 231 344 papam
240 300 259 333 in
271 311 304 333 sua
314 299 406 334 sententia
416 305 471 341 stare,
481 310 525 334 mox
535 299 713 343 archiepiscopatum
723 298 742 332 in

40 352 141 385 dominium
151 363 205 386 suum
216 352 292 395 redegit,
303 358 321 385 et
331 352 442 385 Anselmum
454 352 493 386 suis
502 351 588 385 omnibus
598 352 694 395 spoliauit;
710 361 742 384 an-

40 416 101 448 noque
108 416 144 440 vno
152 411 170 440 et
178 405 253 439 dimidio
261 405 361 449 indignatio
369 405 418 449 regis
428 405 488 449 sopita
496 416 532 440 non
544 410 578 439 est.
601 405 644 439 Post
656 405 690 439 hec
699 414 743 439 vero

40 464 103 492 vocato
116 457 134 492 in
149 458 281 493 Normanniam
296 457 392 499 Anselmo,
404 469 438 493 rex
451 458 517 493 timore
532 457 587 492 simul
603 463 621 492 et
634 469 697 493 amore
713 456 760 498 dei5

40 516 141 555 correptus,
149 511 243 546 reuestiuit
251 523 293 546 eum
301 512 324 546 de
333 511 376 553 suis,
383 518 401 546 et
409 511 428 545 in
436 511 534 546 amicitiam
540 522 592 546 suam
599 511 674 556 recepit.
713 503 743 544 Eo

41 569 130 608 tempore,
140 566 245 599 coadunatis
255 566 350 599 Londonie
360 565 430 599 cunctis
441 566 553 609 primoribus
564 565 637 609 Angue,
647 564 743 599 victoriam

41 617 64 649 de
72 617 155 651 libertate
163 617 245 658 ecclesie,
253 629 288 661 pro
297 629 333 662 qua
341 618 371 652 diu
381 618 501 659 laborauerat,
508 618 610 651 Anselmus
621 619 699 661 adeptus
709 622 744 651 est

42 669 84 703 Rex
92 670 147 713 enim,
155 675 293 705 antecessorum
301 681 376 705 suorum
385 681 418 705 vsu
427 671 494 713 relicto¹
503 681 537 706 nec
545 681 635 714 personas
643 681 679 715 que
687 670 705 705 in
714 680 743 704 re·

41 723 103 766 gimen
115 723 233 758 ecclesiarum
242 724 362 758 sumebantur
372 735 406 767 per
416 735 437 758 se
446 724 506 768 elegit,
516 735 550 758 nec
562 734 594 757 eas
606 734 641 768 per
651 723 742 757 dationem
753 738 772 759 ιο

41 775 92 819 virge
100 776 197 820 pastoralis
205 777 293 819 ecclesiis,
301 777 367 821 quibus
375 777 514 821 preficerentur,
522 776 621 811 inuestiuit.
661 769 743 820 Scripsit

41 829 90 863 inter
97 829 131 864 hec
139 830 241 865 Anselmus
249 830 331 865 libellum
338 840 395 865 vnum
404 830 437 864 ‘de
445 830 542 864 concordia
551 829 663 873 prescientie
674 835 692 864 et
701 839 744 874 pre·

42 882 174 925 destinationis,
185 888 204 916 et
214 883 271 926 gratie
283 883 319 924 dei,
331 892 373 916 cum
385 882 443 915 libero
456 882 542 915 arbitrio!
564 881 671 914 Vexabatur
682 887 744 915 tamen

42 933 169 978 frequentibus
181 940 199 969 et
209 935 280 969 acerbis
290 934 433 976 infirmitatibus
441 940 460 969 et
470 934 535 969 lectica
544 933 651 969 vehebatur.
674 934 745 969 Omnes

42 988 117 1020 tandem
125 988 166 1030 cibi,
174 987 240 1031 quibus
248 988 328 1021 humana
338 993 402 1020 natura
412 988 472 1028 alitur,
480 988 499 1021 in
510 987 602 1021 fastidium
613 988 631 1021 ei
638 988 687 1021 versi
698 992 746 1021 sunt.
755 1003 773 1034 ¹5

43 1040 166 1075 Manducabat
176 1045 243 1080 tamen,
251 1046 316 1074 nature
326 1051 360 1073 sue
370 1040 407 1073 vim
418 1040 513 1074 faciendo:
529 1040 591 1073 sciens
603 1051 624 1073 se
634 1040 698 1074 viuere
708 1050 745 1072 non

43 1103 99 1137 posse
109 1092 150 1128 sine
161 1092 207 1129 cibo.
230 1093 357 1128 inualescente
369 1092 480 1135 infirmitate,
488 1093 507 1128 in
517 1092 547 1128 die
557 1093 660 1137 palmarum
672 1092 718 1128 dixit
727 1092 745 1127 ei

42 1157 90 1180 vnus
103 1158 126 1181 ex
142 1146 237 1181 monachis
252 1146 282 1190 qui
296 1147 424 1181 ministrabant
437 1146 465 1181 ei.-
482 1146 572 1181 ‘Domine
587 1152 644 1190 pater¹
658 1152 677 1181 vt
692 1145 746 1181 nobis

43 1198 119 1243 intelligi
134 1200 192 1241 datur,
207 1200 230 1233 ad
245 1198 364 1243 paschalem²
379 1198 448 1233 domini
464 1198 490 1233 tui
509 1198 584 1240 curiam,
598 1198 663 1234 relicto
678 1198 746 1240 seculo,

43 1253 105 1286 vadis’
129 1253 244 1297 Respondit:
258 1253 292 1287 ‘Et
302 1253 382 1297 quidem,
392 1252 408 1287 si
418 1254 502 1287 voluntas
513 1253 553 1287 eius
563 1252 583 1286 in
594 1253 628 1287 hoc
640 1259 674 1295 est,
681 1252 745 1287 volun·
755 1263 774 1284 ro

43 1306 75 1339 tati
85 1306 125 1340 eius
134 1307 193 1340 libens
203 1307 276 1349 parebo.
298 1307 369 1340 Verum
381 1306 396 1339 si
405 1306 467 1340 mallet
476 1317 507 1340 me
516 1306 575 1339 adhuc
583 1305 671 1340 intervos
680 1307 745 1340 saltem

43 1359 112 1392 tamdiu
126 1369 200 1393 manere
213 1359 271 1393 donec
285 1359 400 1404 questionem
416 1369 471 1403 quam
487 1359 510 1393 de
525 1358 595 1403 origine
610 1359 671 1393 anime
683 1363 745 1393 mente

44 1413 124 1455 reuoluo,
138 1412 234 1446 absoluere
253 1423 333 1456 possem,
348 1417 441 1455 gratanter
456 1412 566 1456 acciperem,
581 1422 603 1445 eo
619 1413 668 1455 quod
683 1411 746 1446 nescio

43 1470 104 1498 vtrum
114 1464 179 1508 aliquis
189 1475 230 1498 earn
241 1475 270 1498 me
279 1465 365 1498 defuncto
373 1464 396 1497 sit
408 1465 511 1498 soluturus!
555 1457 622 1497 Tertio
634 1464 700 1498 dehinc
712 1464 747 1505 die,

44 1527 93 1551 anno
101 1517 169 1551 scilicet
181 1517 250 1551 domini
259 1517 357 1551 millesimo
368 1516 469 1551 centesimo
479 1528 534 1558 nono,
542 1521 561 1550 et
571 1510 620 1550 anno
630 1516 747 1561 pontificatus
757 1526 775 1556 25

45 1570 73 1603 sui
89 1570 220 1611 sextodecimo,
237 1570 274 1604 vite
290 1582 335 1604 vero
350 1581 383 1604 sue
398 1570 596 1614 septuagesimosexto,
611 1570 678 1614 plenus
694 1569 748 1604 bonis

45 1623 132 1666 operibus
145 1623 230 1667 migrauit
242 1624 265 1657 ad
277 1623 378 1665 dominum,
390 1622 489 1657 undecimo
500 1622 589 1656 kalendas
604 1622 652 1656 maii.
697 1615 748 1658 Cum

45 1682 107 1709 autem
119 1677 154 1710 viri
168 1676 198 1710 dei
211 1677 297 1720 prouisor
310 1683 328 1711 et
341 1676 463 1720 dispensator,
475 1676 592 1709 Baldewinus
605 1676 673 1710 seilicet
685 1687 749 1710 mona-

45 1730 96 1770 chus,
112 1730 177 1763 faciem
192 1730 249 1772 patris
267 1730 348 1764 defuncti
366 1729 454 1771 balsamo,
469 1730 518 1772 quod
534 1729 632 1762 admodum
647 1739 712 1773 parum
730 1728 749 1762 in

45 1782 122 1826 paruulo
133 1794 177 1817 vase
189 1788 302 1817 remanserat
307 1782 319 1825 ⁸,
331 1782 420 1827 inungere
430 1782 495 1824 vellet;
512 1782 530 1816 in
542 1781 599 1816 fundo
610 1781 660 1817 vasis
672 1782 748 1827 digitum
758 1792 777 1821 30

46 1835 158 1880 immergens
166 1840 184 1870 et
192 1836 297 1877 extrahens,
304 1836 336 1870 vix
344 1836 468 1870 summitatem
476 1835 528 1880 digiti
536 1835 657 1869 madefactam
668 1835 749 1870 inuenit:

47 1888 70 1922 Et
80 1899 122 1922 curn
129 1899 162 1922 vas
171 1888 190 1921 in
199 1888 279 1931 palmam
287 1893 375 1930 versaret,
383 1890 398 1921 si
408 1888 455 1922 forte
465 1888 509 1922 inde
518 1887 579 1930 aliqua
588 1893 639 1931 gutta
648 1889 748 1929 deflueret;

46 1941 162 1986 stupentibus
171 1941 240 1975 cunctis
252 1941 311 1985 liquor
319 1941 408 1976 desiliens
418 1952 493 1975 manum
500 1940 583 1985 impleuit
591 1946 608 1974 et
617 1940 749 1985 supereffluxit.

48 1995 89 2028 Hoc
103 1995 152 2029 enim
165 1994 228 2037 sepius
242 1994 309 2028 factum
323 2001 357 2035 est,
370 2000 388 2028 et
401 2000 470 2028 tantam
484 1994 615 2029 abundantiam
626 2004 659 2028 vas
672 2004 750 2028 vacuum

47 2047 162 2091 ministrauit,
171 2052 190 2081 vt
202 2052 260 2080 totum
272 2057 339 2091 corpus
351 2053 435 2081 sanctum
446 2048 508 2082 multis
517 2046 588 2082 vicibus
600 2047 650 2081 omni
662 2057 685 2081 ex
697 2051 749 2091 parte
758 2056 777 2087 35

47 2107 151 2145 vngeretur.
173 2100 195 2133 In
208 2100 286 2135 ecclesia
297 2106 358 2134 autem
370 2101 493 2135 cantuariensi
506 2111 547 2135 cum
559 2111 626 2144 magno
638 2101 707 2135 honore
720 2110 749 2134 se·

47 2154 109 2198 pultus
117 2160 150 2189 est.
184 2146 304 2187 ⁴Monachus
312 2153 386 2197 quidam
395 2153 533 2195 cantuariensis,
538 2152 596 2187 tribus
604 2153 699 2187 mensibus
706 2158 749 2188 ante

47 2207 116 2240 obitum
125 2207 164 2249 viri,
172 2207 251 2250 quadam
259 2212 312 2239 nocte
320 2205 364 2239 vidit
373 2217 393 2239 se
401 2206 420 2239 in
431 2206 510 2240 oratorio
518 2206 577 2240 solum
585 2211 633 2239 stare
645 2212 662 2239 et
673 2206 749 2240 orationi

47 2260 155 2295 intendere:
167 2266 185 2294 et
193 2271 236 2294 ecce
244 2265 296 2303 pater
304 2259 407 2293 Anselmus
416 2265 459 2293 ante
470 2259 588 2303 sepulchrum
599 2259 647 2293 beati
658 2259 751 2294 Dunstani

47 2313 133 2355 precibus
141 2313 263 2346 incumbebat.
282 2312 320 2345 Nec
329 2322 385 2352 mora,
391 2311 465 2354 erigens
473 2322 494 2345 se
503 2312 610 2345 Dunstanus
616 2312 640 2345 de
646 2311 751 2355 sepulchro,
759 2322 780 2351 ⁴0

49 2365 72 2398 ad
80 2365 191 2399 Anselmum
202 2365 289 2409 respexit,
297 2364 373 2398 dicens:
385 2364 461 2397 ‘Amice
470 2363 582 2404 charissime,
590 2363 638 2397 scias
647 2375 678 2398 me
686 2376 752 2409 preces

49 2423 90 2452 tuas
102 2419 210 2452 exaudisse?
233 2418 257 2452 Et
267 2424 344 2453 entensa
354 2417 430 2451 dextera
440 2427 478 2459 sua,
487 2416 551 2452 obtulit
559 2416 576 2451 ei
587 2417 662 2452 anulum
670 2428 752 2460 aureum,

69 2507 74 2524 ¹
85 2508 103 2538 E.
110 2518 168 2538 secum,
202 2507 208 2525 ²
218 2508 236 2539 T.
245 2508 323 2546 paschale,
357 2507 363 2524 ³
374 2507 391 2537 E.
399 2511 500 2538 remenserat.
535 2505 541 2524 ⁴
551 2506 585 2536 The
592 2507 675 2547 following
681 2507 753 2538 miracles

49 2548 110 2584 added;
120 2549 159 2587 they
167 2548 201 2578 also
212 2558 259 2578 occur
269 2550 285 2578 in
296 2550 323 2578 the
329 2548 366 2578 Vita
376 2548 397 2585 by
405 2547 438 2577 Ioh.
446 2548 509 2578 Saresb.
518 2547 534 2577 in
541 2546 626 2586 Wharton,
633 2549 691 2587 Anglia
699 2549 753 2584 Sacra,

50 2587 135 2626 Il,p.173.

388 2647 416 2672 Η
