1762 2803
102 123 104 129 ’
133 125 177 181 386
324 122 403 175 mora
417 121 535 183 ,aramue
551 121 643 185 annia

132 244 264 279 cantuariensis
272 244 348 278 ecclesie
357 245 424 278 nostris
432 245 546 289 temporibus
557 246 650 279 obfuscata
658 250 685 278 est
694 244 770 287 claritas,
779 244 835 288 quod-

133 297 177 333 libet
192 302 309 339 tormentum,
324 297 357 331 sed
372 301 390 332 et
406 297 457 332 mille
473 298 537 333 mortis
552 308 625 341 genera,
641 297 656 332 si
671 302 697 332 tot
712 301 835 339 occurrerent,

133 351 219 385 libentius
229 350 358 394 exciperemus
368 351 387 383 in
395 350 476 393 domino,
484 362 540 395 quam
551 352 585 385 sub
593 350 748 385 dissimulatione1
756 350 835 384 sustine·

133 415 196 439 remus
206 403 241 437 hiis
249 403 314 437 diebus
324 403 372 437 mala
381 415 417 447 que
425 403 497 448 patitur.
521 405 583 447 Porro,
591 416 615 439 ne
623 403 719 438 videamur
726 403 797 437 curiose
805 403 834 438 vel

116 465 125 494 5
134 458 209 491 obtentu
216 467 263 490 vane
273 456 331 500 glorie
341 457 375 490 hec
386 457 489 499 inchoasse,
497 457 571 502 expedit
579 463 598 492 vt
608 457 679 491 oculata
689 457 726 490 fide
735 461 805 491 constet
813 457 836 490 de

134 510 199 544 effectu
204 510 220 543 2!
237 509 260 543 Et
267 509 372 553 producens
380 510 474 554 scriptum,
480 510 499 544 in
507 521 543 555 quo
551 510 689 544 continebantur
695 509 836 545 consuetudines

134 563 163 596 ille
174 573 208 605 pro
216 562 281 604 quibus
292 563 384 596 contentio
395 562 442 596 facta
453 568 486 604 est,
494 574 535 596 cum
546 562 637 596 lachrimis
648 562 715 606 inquit:
728 563 785 596 ‘Ecce
793 562 836 606 quid

135 615 196 650 statuit
207 615 293 650 dominus
303 625 337 650 rex
348 615 416 659 Anglie
427 621 490 651 contra
502 616 603 651 libertatem
616 615 703 650 ecclesie!
718 615 738 650 Si
750 615 784 650 hec
795 615 837 649 licet

135 668 250 702 dissimulare
261 669 301 703 sine
313 668 411 713 dispendio
422 669 483 704 anime
495 680 541 710 mee,
553 680 586 703 vos
598 668 690 703 videritis!
714 668 784 711 Quibus
796 680 836 713 per·

107 735 126 755 ro
134 722 186 757 lectis
198 722 242 757 moti
256 729 299 757 sunt
314 734 379 758 omnes
392 734 451 768 vsque
466 724 489 757 ad
504 722 605 765 lachrimas,
618 732 651 755 nec
667 723 692 756 hii
707 722 801 756 continere
816 733 837 757 se

135 782 219 820 poterant
231 776 262 819 qui
273 776 325 820 prius
336 788 371 820 pro
379 777 448 811 viribus
459 776 613 818 aduersabantur3
626 775 718 809 communi
726 787 770 809 voce
782 776 837 809 deum

135 828 231 861 laudantes
240 828 284 861 dum
291 828 321 862 vel
328 839 385 862 vnum
397 828 432 862 sibi
444 828 544 862 seruauerit
556 827 587 870 qui
598 837 632 871 pro
643 826 721 861 ecclesia
732 838 766 861 sua
777 827 796 860 iu
807 827 837 860 illa

135 885 245 924 tempestate
257 893 313 915 ausus
323 880 378 915 fuerit
388 893 412 915 ex
423 882 500 915 aduerso
512 881 616 915 ascendere.
640 880 663 914 Et
674 881 778 925 reprobauit
790 892 838 924 papa

137 934 279 968 consuetudines
289 934 334 976 illas,
343 940 361 969 et
369 935 391 968 ab
400 934 481 969 ecclesiis
492 934 604 979 inposterum
614 934 741 978 dampnandas
751 933 821 968 censuit
826 933 839 968 ⁸.

110 1000 128 1031 15
139 980 218 1022 Postera
229 988 259 1022 die
270 987 289 1021 in
301 987 395 1022 secretiori
407 988 486 1022 thalamo
497 999 557 1021 coram
565 998 613 1031 papa
622 988 673 1021 affuit
683 987 838 1031 archiepiscopus,

137 1041 163 1075 sic
175 1039 272 1084 inquiens:
289 1040 363 1075 ‘Patres
375 1040 412 1075 mei
425 1046 443 1075 et
456 1040 529 1084 domini,
541 1051 575 1084 ego
587 1051 663 1085 gemens
676 1040 734 1075 fateor
745 1040 793 1084 quod
805 1040 839 1074 has

137 1093 232 1136 anglicane
243 1092 320 1126 ecclesie
330 1093 424 1126 molestias
435 1104 477 1126 mea
487 1094 539 1137 culpa
550 1093 649 1127 suscitauit.
668 1093 749 1127 Ascendi
761 1093 779 1127 in
791 1093 839 1127 ouile

137 1145 210 1187 Christi,
219 1146 296 1179 sednon
305 1155 339 1189 per
347 1144 419 1187 ostium,
427 1146 477 1180 velut
485 1156 539 1189 quem
549 1156 586 1179 non
594 1145 665 1181 uocauit
676 1145 763 1180 canonica
774 1145 839 1179 electio

137 1199 170 1233 sed
186 1204 245 1232 terror
260 1198 332 1241 publice
348 1198 443 1242 potestatis
458 1198 541 1240 intrusit;
558 1198 599 1232 licet
614 1198 649 1232 hoc
664 1210 711 1232 onus
726 1199 839 1241 susceperim

110 1266 129 1286 20
138 1251 211 1294 inuitus,
223 1256 285 1285 tamen
297 1252 319 1285 ad
332 1252 366 1286 hoc
378 1262 408 1285 me
420 1251 490 1286 induxit
503 1252 587 1295 humana,
599 1257 618 1287 et
629 1263 666 1286 non
678 1251 740 1286 diuina
751 1251 840 1286 voluntas.

139 1305 192 1340 Nunc
211 1310 273 1339 autem
292 1315 427 1349 recognoscens
445 1305 549 1348 ingressum
568 1316 630 1340 meum
646 1305 707 1340 minus
725 1305 840 1346 catholicum,

137 1358 203 1393 videns
211 1357 267 1392 etiam
275 1358 325 1392 uires
336 1368 387 1392 meas
398 1358 450 1391 oneri
461 1357 552 1401 impares;
564 1369 587 1393 ne
597 1358 648 1403 gregi
659 1368 735 1403 preesse
743 1359 806 1393 videar
816 1359 840 1392 ad

139 1412 211 1445 ruinam
227 1411 256 1443 cui
271 1412 324 1443 datus
339 1421 380 1443 sum
395 1411 544 1454 qualitercunque
559 1411 578 1443 in
593 1416 692 1455 pastorem,
704 1411 723 1444 iu
737 1421 792 1445 manu
804 1416 840 1452 tua,

139 1469 196 1509 pater,
210 1462 388 1507 archiepiscopatum
403 1462 548 1499 cantuariensem
563 1464 646 1508 resigno.¹
669 1464 750 1508 Moxque
764 1463 840 1499 anulum

111 1530 130 1561 25
141 1528 195 1552 suum
203 1518 226 1551 de
234 1516 290 1561 digito
299 1516 375 1550 trahens
383 1517 458 1560 rogabat
471 1517 547 1552 ecclesie
557 1517 632 1561 dignum
640 1524 734 1561 pastorem
742 1516 840 1562 prouideri.

140 1571 278 1614 Complensque
286 1569 387 1604 orationem
397 1568 416 1603 in
427 1569 524 1613 lachrimis,
533 1570 627 1605 dominum
635 1582 701 1615 papam
710 1576 728 1605 et
737 1571 841 1615 omnesqui

139 1626 215 1659 aderant
227 1623 272 1657 llere
284 1623 375 1666 compulit⁴
399 1623 491 1658 Sedente⁴
501 1635 545 1658 vero
554 1635 637 1659 seorsum
649 1636 690 1659 cum
702 1624 740 1659 suis
751 1624 841 1669 archiepi-

140 1687 202 1719 scopo,
210 1676 258 1719 cepit
269 1686 317 1719 papa
328 1687 370 1708 cum
382 1676 504 1709 cardinalibus
515 1676 602 1711 conferre.
626 1677 675 1710 Hinc
688 1678 730 1711 inde
738 1678 812 1711 diuersa
823 1684 841 1711 et

139 1729 189 1765 varia
195 1733 235 1763 orta
241 1734 269 1763 est
277 1728 372 1763 sententia.
388 1728 502 1770 Quibusdam
507 1728 567 1764 visum
574 1734 606 1771 est,
613 1729 672 1764 ablata
677 1729 684 1748 ⁵
690 1730 785 1765 occasione
792 1730 840 1774 regis

111 1797 131 1825 30
139 1783 185 1817 iram
195 1781 256 1816 sedari
266 1792 322 1825 posse
333 1781 402 1814 facilius
413 1782 457 1815 dum
469 1781 488 1814 in
498 1781 532 1815 alia
543 1793 622 1825 persona
632 1783 708 1816 ecclesie
719 1783 841 1817 cantuariensi

139 1835 270 1875 consuleretur,
283 1839 301 1868 et
316 1833 388 1867 Thome
403 1839 466 1878 posset
481 1834 525 1868 alias
541 1836 673 1880 competentius
688 1836 785 1881 prouideri.
809 1836 841 1870 Hii

139 1889 230 1933 siquidem
238 1899 262 1921 ex
269 1887 360 1931 phariseis
368 1892 425 1921 erant.
447 1886 493 1921 Aliis
502 1894 562 1921 autem
567 1888 627 1922 visum
635 1895 664 1923 est
671 1890 714 1933 quia
721 1889 737 1923 si
745 1890 761 1923 is
769 1889 800 1932 qui
807 1901 842 1933 pro

139 1942 207 1977 tuenda
225 1940 302 1974 ecclesie
317 1940 400 1974 libertate
419 1949 492 1973 summo
508 1940 620 1974 discriminil
635 1952 672 1975 non
687 1942 747 1976 solum
763 1942 840 1984 diuitias,

139 1992 215 2037 gloriam
223 1995 241 2025 et
249 1990 361 2035 dignitatem,
369 1990 402 2025 scd
411 1995 429 2024 et
437 1990 493 2025 vitam
501 1990 591 2034 exposuit,
598 1992 621 2026 ad
629 1992 678 2036 regis
687 1992 757 2027 libitum
765 1993 841 2028 deberet

112 2054 131 2087 35
140 2056 174 2081 suo
185 2045 225 2080 iure
237 2044 316 2090 priuari:
327 2045 374 2080 sicut
385 2044 444 2080 forma
455 2044 507 2079 fieret
519 2045 559 2080 aliis
570 2045 589 2080 in
601 2045 690 2082 consimili
702 2058 756 2082 causa
768 2046 842 2091 regibus

140 2098 238 2134 resistendi
249 2098 265 2132 si
275 2097 294 2133 'ei
302 2098 373 2133 iusticia
381 2103 487 2133 seruaretur
494 2098 551 2140 illesa,
557 2098 583 2133 sic
593 2111 615 2134 eo
623 2101 700 2135 cadente
708 2101 794 2134 caderent
804 2100 842 2135 vni-

140 2151 190 2186 uersi
204 2151 291 2196 episcopi,
304 2157 323 2186 vt
335 2153 396 2186 nullus
410 2151 475 2186 suturis
490 2153 603 2196 temporibus
615 2154 690 2188 auderet
703 2154 777 2188 obuiare
792 2154 842 2197 prin-

142 2205 189 2248 cipis
200 2204 297 2239 voluntati:
311 2210 329 2238 et
339 2205 365 2239 sic
375 2206 467 2239 vacillaret
477 2210 536 2239 status
548 2206 629 2246 ecclesie,
640 2212 658 2240 et
669 2206 739 2240 romani
751 2207 843 2249 pontificis

141 2261 223 2301 potestas
235 2256 333 2299 deperiret.
357 2257 447 2301 ‘Expedit
455 2256 510 2301 igitur
517 2263 536 2292 vt
547 2257 615 2292 inuitus
623 2259 734 2300 restituatur,
743 2258 799 2302 etqui
808 2270 842 2303 pro

113 2323 133 2352 40
143 2309 228 2344 omnibus
236 2309 310 2344 dimicat
318 2310 341 2344 ab
352 2311 437 2346 omnibus
445 2312 571 2346 succurratur!
593 2311 662 2346 Vocato
670 2312 725 2357 igitur
732 2312 809 2355 Thoma,
818 2313 842 2348 ait

141 2374 199 2408 papa:
213 2363 276 2398 ‘Nunc
288 2364 367 2407 demum,
378 2364 439 2407 srater,
449 2364 503 2399 nobis
514 2365 570 2409 liquet
582 2375 636 2409 quem
648 2364 727 2400 habuisti
738 2366 798 2400 zelum
810 2377 843 2410 pro

142 2418 196 2451 domo
208 2416 282 2458 domini,
298 2417 321 2450 de
334 2422 365 2451 tuo
377 2418 461 2462 ingressu
473 2429 528 2462 quam
542 2429 606 2462 puram
618 2418 683 2453 feceris
696 2418 842 2455 consessionem:

139 2469 177 2504 iam
187 2481 252 2504 secure
260 2471 283 2503 de
291 2481 339 2503 nouo
349 2471 418 2514 poteris
426 2473 449 2506 de
457 2482 512 2505 manu
522 2477 585 2505 nostra
595 2473 704 2516 pontificalis
715 2473 770 2506 officii
781 2483 843 2507 curam

162 2547 196 2576 ¹E.
205 2546 328 2576 dissimilatione.
389 2546 493 2578 ²araffecru.
553 2547 588 2578 3Ε.
596 2548 660 2579 sensuit.
722 2549 844 2581 'areedenre

141 2586 147 2605 ⁵
157 2587 177 2618 al.
184 2587 241 2617 oblata.
303 2585 309 2603 ⁶
319 2586 336 2617 T.
345 2586 362 2617 E.
370 2586 464 2618 discrimine.
