1762 2803
128 102 172 178 ⁴170
229 184 230 188 Ἰ
317 124 397 176 ranna
413 121 529 185 tremos
544 121 637 185 analio.

128 247 253 285 agnoscerent,
269 244 385 287 agnoscendo
401 243 486 285 colerent,
501 243 577 278 colendo
594 242 612 277 in
628 242 713 277 omnibus
729 240 830 286 diligerent,

129 301 147 330 et
159 296 250 341 diligendo
265 297 287 331 ad
299 296 371 332 celestis
385 296 436 342 regni
450 296 527 342 gloriam
540 295 664 341 peruenirent.
687 296 747 329 Nemo
760 295 791 328 illa
802 296 830 329 in-

128 350 182 392 genio
198 350 310 392 profundior,
325 362 380 385 nemo
395 351 467 394 eloquio
483 356 521 385 erat
540 351 609 385 clarior.
637 350 709 393 Regem
728 350 788 392 ipsum
807 350 830 382 ad

128 402 205 443 iusticie,
216 402 345 445 misericordie,
355 403 502 445 elemosinarum,
512 403 623 446 aliarumque
635 412 692 447 opera
702 401 790 436 virtutum
801 412 830 435 ac-

112 456 190 495 5cendit
200 461 218 488 et
228 462 338 499 cooperante
348 458 383 491 deo
394 456 591 500 obtemperatissimum
602 455 666 490 effecit.
688 455 759 489 Videns
770 459 830 489 autem

129 517 163 541 rex
173 508 192 540 in
203 509 257 541 corde
268 508 331 552 regine
340 509 433 542 Christum
441 508 530 542 veraciter
541 508 627 549 habitare,
634 508 684 540 illam
692 517 765 550 quoquo
776 508 830 539 modo

97 563 98 566 ’
129 559 222 593 offendere
230 559 337 603 formidans,
342 561 389 596 votis
397 561 436 596 eius
445 567 462 596 et
468 560 548 596 consiliis
556 560 575 595 in
583 560 668 595 omnibus
676 560 750 594 obedire
758 560 831 593 studuit.

130 613 170 654 Que
183 614 253 656 respuit
266 614 312 658 ipsa,
325 620 342 649 et
355 615 385 648 iile
398 626 495 658 respuere;
514 619 580 658 etque
593 618 691 655 amauerat,
705 623 767 647 amore
782 611 831 646 illius

129 676 191 700 amare
202 667 293 710 solebat¹;
305 673 323 702 et
331 668 397 702 librum
405 669 423 702 in
432 679 468 712 quo
479 668 542 712 regina
550 667 613 710 orauit,
622 667 705 701 manibus
717 670 831 701 contrectare

103 731 121 752 10
129 725 147 753 et
159 720 220 754 osculo
231 722 316 755 venerari
327 722 427 756 delectatus
438 727 471 755 est.
495 722 547 765 Rege
559 732 600 755 curn
612 731 678 764 magno
690 719 776 754 comitatu
788 730 830 763 pro-

129 774 212 813 cedente,
224 773 321 807 familiares
335 774 374 808 eius
386 785 468 817 quosque
480 780 529 807 tanta
540 784 618 808 censura
630 773 727 814 cohercuit,
738 778 758 807 vt
771 773 831 806 nullus

130 824 227 868 quicquam
236 835 306 869 rapere,
314 836 348 859 nec
361 826 439 859 rusticos
450 831 480 859 aut
490 836 582 869 pauperes
590 825 681 869 quoslibet
689 824 794 868 opprimere
801 825 831 859 vel

130 878 192 911 ledere
201 879 281 912 auderet.
296 880 355 912 Tanto
362 890 441 922 namque
449 885 512 912 sancta
518 878 581 922 regina
587 878 657 912 facilius
664 887 751 921 pompam
757 887 831 912 omnem

130 931 195 964 mundi
208 932 322 975 contempsit,
334 937 450 976 peccatorum
462 933 551 965 maculam
563 931 626 973 euasit,
638 936 705 974 quanto
719 935 801 964 tremens
814 935 832 964 et

104 998 121 1029 ¹5
131 994 201 1027 pauens
212 984 313 1018 districtum
324 984 386 1019 iudicii
396 985 445 1019 diem
456 990 499 1019 ante
511 985 578 1019 mentis
587 986 650 1019 oculos
662 984 696 1018 sibi
706 984 832 1017 indesinenter

131 1037 253 1079 presentabat.
271 1037 340 1070 Crebro
347 1038 401 1080 igitur
405 1038 530 1072 consessorem
538 1039 603 1072 suuml
611 1039 685 1080 rogabat
693 1042 712 1071 vt
720 1036 805 1080 quiequid
813 1036 831 1070 in

131 1088 170 1121 eius
179 1089 235 1121 verbo
244 1090 274 1122 vel
286 1089 332 1122 facto
344 1090 516 1132 reprehendendum
529 1094 654 1133 cognosceret,
662 1089 680 1122 id
692 1088 831 1131 reprehendens

130 1146 202 1175 secreto
210 1141 235 1175 illi
243 1141 323 1176 indicare
331 1154 369 1176 non
377 1142 471 1177 dubitaret.
491 1142 544 1184 Quod
551 1143 594 1176 dum
600 1142 658 1177 rarius
665 1147 683 1176 et
691 1140 770 1185 tepidius
777 1150 831 1185 quam

130 1195 160 1229 illa
168 1195 223 1229 vellet
234 1196 306 1239 iaceret,
317 1196 440 1240 importunam
452 1207 473 1230 se
484 1196 510 1230 illi
521 1196 608 1241 ingessit;
620 1195 742 1231 dormientem
754 1200 772 1229 et
782 1194 832 1228 velut

104 1263 123 1284 20
131 1259 164 1283 sue
172 1249 235 1282 salutis
245 1248 369 1293 negligentem
377 1249 428 1283 illum
436 1251 528 1293 arguebat.
551 1249 657 1294 ‘Corripiat
665 1248 728 1293 inquit,
736 1259 766 1282 me
774 1248 832 1282 iustus

118 1313 120 1316 ⁴
130 1302 149 1334 in
158 1301 282 1335 misericordia
293 1308 311 1336 et
322 1302 405 1346 increpet
417 1314 458 1345 me;
470 1304 530 1337 oleum
541 1308 607 1344 autem,
616 1303 670 1336 idest
680 1301 758 1336 adulatio
768 1311 832 1345 pecca·

130 1354 181 1394 toris,
190 1364 225 1387 non
235 1354 342 1397 inpinguet³
350 1359 403 1398 caput
411 1357 484 1388 meum!
504 1355 677 1398 Reprehensionem
685 1354 778 1397 sui,quam
786 1353 832 1385 alius

131 1407 232 1451 deputare4
243 1412 315 1450 poterat
329 1408 352 1440 ad
369 1408 492 1451 obprobrium,
504 1407 545 1451 ipsa
559 1408 582 1441 ad
595 1406 666 1441 virtutis
681 1407 779 1450 appetebat
791 1416 832 1449 pro-

132 1460 205 1494 fectum.
228 1460 298 1495 Malum
310 1472 351 1495 cum
363 1461 438 1503 videret,
449 1461 542 1495 admonuit
552 1466 572 1495 vt
583 1462 642 1494 bonus
653 1461 716 1503 fieret;
729 1459 803 1499 bonum,
813 1463 832 1493 vt

105 1529 123 1559 ²5
133 1513 198 1547 melior
213 1513 305 1547 existeret.
328 1508 379 1549 Cum
394 1515 444 1549 enim
459 1519 522 1548 contra
535 1514 643 1548 uniuersalis
659 1513 735 1548 ecclesie
750 1518 832 1547 sanctam

133 1568 284 1601 consuetudinem
296 1569 352 1601 multa
364 1569 382 1602 in
394 1574 448 1612 gente
458 1568 554 1602 Scotorum
565 1567 627 1601 illicita
637 1566 677 1601 fieri
688 1565 815 1611 perspexisset
820 1565 832 1607 ⁵,

133 1621 198 1654 crebra
206 1620 292 1653 concinat
300 1621 367 1662 statuit,
375 1627 394 1654 vt
405 1622 428 1654 ad
436 1620 517 1654 veritatis
524 1620 573 1654 viam
581 1625 663 1654 errantes
672 1620 745 1653 Christo
753 1621 832 1653 donante

133 1674 234 1707 reduceret.
257 1673 279 1706 Iu
287 1684 323 1717 quo
331 1674 415 1707 conflictu
425 1685 459 1708 rex
469 1674 509 1718 ipse
520 1674 591 1707 adiutor
601 1673 617 1706 ei
628 1673 726 1716 precipuus
736 1672 832 1712 residebat,

133 1725 255 1768 quodcunque
264 1726 283 1758 in
291 1726 325 1759 hac
333 1738 388 1760 causa
397 1727 429 1759 illa
438 1727 527 1767 iussisset,
535 1727 595 1759 dicere
603 1726 729 1768 paratissimus
740 1731 758 1759 et
768 1725 832 1758 facere.

105 1791 124 1820 30
134 1778 169 1819 Qui
177 1778 263 1821 quoniam
271 1779 352 1822 perfecte
360 1779 463 1822 Anglorum
473 1779 554 1823 linguam
563 1789 610 1822 eque
618 1783 636 1812 vt
647 1777 740 1823 propriam
751 1781 833 1817 nouerat,

132 1830 282 1876 vigilantissimus
293 1833 311 1866 in
324 1832 358 1866 hoc
369 1832 456 1867 concilio⁷
466 1832 560 1876 vtriusque
572 1832 629 1877 partis
640 1832 732 1876 interpres
744 1831 833 1866 extiterat.

133 1885 191 1929 Igitur
198 1885 266 1929 regina,
272 1885 372 1930 prefatione
380 1886 471 1930 premissa
476 1892 495 1921 vt
503 1886 533 1930 qui
542 1896 583 1920 cum
591 1885 680 1920 catholica
687 1885 764 1920 ecclesia
771 1885 791 1918 in
798 1894 833 1919 vna

132 1939 169 1972 fide
179 1938 211 1971 vni
220 1940 255 1971 deo
266 1939 362 1979 seruirent,
370 1940 393 1972 ab
403 1940 468 1973 eadem
479 1939 556 1973 eeclesia
566 1939 619 1973 nouis
630 1940 739 1982 quibusdam
751 1944 769 1972 et
780 1948 833 1981 pere-

132 1989 189 2034 grinis
199 1989 342 2024 institutionibus
350 1991 455 2035 discrepare
466 2002 502 2025 non
514 1991 613 2033 deberent3
626 1991 688 2024 Primo
698 1990 794 2034 proposuit
802 1999 833 2024 eos

105 2054 124 2085 35
133 2044 291 2087 quadragesimale
301 2045 389 2078 ieiunium
400 2055 437 2078 non
447 2045 528 2089 legitime
538 2045 642 2086 obseruare,
650 2044 692 2087 quia
703 2044 737 2077 hoc
747 2055 785 2077 non
793 2052 833 2077 cunr

134 2101 196 2131 sancta
203 2097 280 2131 ecclesia
288 2107 298 2131 a
306 2097 351 2131 seria
358 2104 423 2143 quarta
430 2098 514 2142 incapite
522 2097 590 2140 ieiunii,
596 2098 629 2131 sed
640 2097 724 2141 sequenti
732 2097 834 2142 septimana

133 2150 179 2183 feria
193 2151 274 2184 secunda
285 2156 418 2185 consueuerant
431 2150 522 2184 inchoare.
546 2151 625 2184 Econtra
636 2150 673 2185 illi:
689 2151 795 2191 ‘Ieiunium
807 2150 833 2183 in-

134 2202 204 2246 quiunt,
216 2203 265 2245 quod
276 2202 353 2245 agimus,
364 2203 470 2246 euangelica
483 2203 593 2244 auctoritate,
606 2213 642 2247 que
656 2203 723 2237 Christi
736 2208 798 2237 narrat
809 2203 834 2235 ie·

135 2254 212 2297 iunium,
224 2255 343 2289 obseruamus
359 2266 438 2298 persen
452 2256 578 2290 hebdomadas
584 2256 599 2290 *Β
622 2255 646 2289 Et
660 2255 701 2290 illa:
714 2256 794 2300 ‘Longe
805 2254 834 2294 ait,

106 2318 126 2348 40
134 2307 154 2340 in
166 2306 201 2340 hoc
209 2307 232 2340 ab
240 2308 335 2351 euangelio
346 2308 464 2342 discordetis:
477 2309 543 2351 legitur
549 2308 598 2341 enim
606 2309 648 2350 ihil,
654 2310 748 2342 dominum
757 2309 834 2352 quadra-

134 2360 184 2403 ginta
195 2359 259 2393 diebus
270 2359 367 2402 ieiunasse,
378 2362 426 2403 quod
438 2361 554 2395 manifestum
566 2367 594 2395 est
604 2372 637 2396 vos
649 2372 686 2395 non
698 2362 764 2397 facere.
787 2360 834 2394 Nam

134 2423 175 2448 curn
185 2422 219 2457 per
229 2423 263 2447 sen
274 2412 398 2448 hebdomadas
409 2424 442 2448 sex
453 2412 538 2448 dominici
550 2413 589 2448 dies
601 2425 612 2448 a
622 2413 689 2449 ieiunio
701 2414 834 2453 abstrahuntur,

135 2466 209 2511 triginta
217 2471 287 2500 tantum
295 2472 313 2500 et
321 2477 355 2501 sex
363 2467 403 2501 dies
411 2468 434 2501 ad
441 2466 559 2502 ieiunandum
567 2479 663 2502 remanere
671 2473 776 2502 noscuntur.
794 2466 835 2500 Non

154 2530 257 2561 ¹om.anit.
279 2529 360 2560 ²Vit.me.
381 2530 530 2569 ³T.E.iupinguat.
550 2532 663 2569 ⁴Edeputari.
681 2530 835 2570 ⁵T.perspexisset;

134 2571 152 2601 E.
161 2570 276 2607 conspexisset
297 2570 331 2600 ⁰E.
339 2571 409 2600 consilia.
429 2570 459 2601 ⁷E.
468 2572 538 2601 consilio.
559 2571 593 2603 ΒΤ.
601 2572 700 2602 ebdomadas.
721 2572 752 2601 ³E.
759 2571 780 2600 ibi
788 2569 834 2599 enim,
