<?xml version="1.0" encoding="UTF-8"?>
<!DOCTYPE html PUBLIC "-//W3C//DTD XHTML 1.0 Transitional//EN"
    "http://www.w3.org/TR/xhtml1/DTD/xhtml1-transitional.dtd">
<html xmlns="http://www.w3.org/1999/xhtml" xml:lang="en" lang="en">
 <head>
  <title>
</title>
<meta http-equiv="Content-Type" content="text/html;charset=utf-8" />
  <meta name='ocr-system' content='tesseract 3.04.00' />
  <meta name='ocr-capabilities' content='ocr_page ocr_carea ocr_par ocr_line ocrx_word'/>
</head>
<body>
  <div class='ocr_page' id='page_1' title='image "./MN5111ucmf_0/MN5111ucmf_0_0775.png"; bbox 0 0 1762 2803; ppageno 0'>
   <div class='ocr_carea' id='block_1_1' title="bbox 228 145 727 214">
    <p class='ocr_par' dir='ltr' id='par_1_1' title="bbox 228 145 727 214">
     <span class='ocr_line' id='line_1_1' title="bbox 228 145 727 214; baseline 0.002 -11"><span class='ocrx_word' id='word_1_1' title='bbox 228 147 274 203; x_wconf 69' lang='lat' dir='ltr'>tu</span> <span class='ocrx_word' id='word_1_2' title='bbox 289 145 389 199; x_wconf 63' lang='lat' dir='ltr'>sunm</span> <span class='ocrx_word' id='word_1_3' title='bbox 404 145 537 214; x_wconf 69' lang='lat' dir='ltr'>coaddit.</span> <span class='ocrx_word' id='word_1_4' title='bbox 685 162 727 206; x_wconf 82' lang='lat'>159</span> 
     </span>
    </p>
   </div>
   <div class='ocr_carea' id='block_1_2' title="bbox 24 265 784 2485">
    <p class='ocr_par' dir='ltr' id='par_1_2' title="bbox 24 265 757 1369">
     <span class='ocr_line' id='line_1_2' title="bbox 26 265 728 310; baseline 0.003 -10"><span class='ocrx_word' id='word_1_5' title='bbox 26 265 56 300; x_wconf 88' lang='lat' dir='ltr'>vel</span> <span class='ocrx_word' id='word_1_6' title='bbox 67 266 141 300; x_wconf 88' lang='lat' dir='ltr'>doceret</span> <span class='ocrx_word' id='word_1_7' title='bbox 152 277 206 301; x_wconf 91' lang='lat' dir='ltr'>secus</span> <span class='ocrx_word' id='word_1_8' title='bbox 215 277 271 310; x_wconf 91' lang='lat' dir='ltr'>quam</span> <span class='ocrx_word' id='word_1_9' title='bbox 281 267 327 301; x_wconf 90' lang='lat' dir='ltr'>ritus</span> <span class='ocrx_word' id='word_1_10' title='bbox 337 267 413 302; x_wconf 85' lang='lat' dir='ltr'>haberet</span> <span class='ocrx_word' id='word_1_11' title='bbox 422 266 532 302; x_wconf 84' lang='lat' dir='ltr'>uniuersalis</span> <span class='ocrx_word' id='word_1_12' title='bbox 543 266 626 309; x_wconf 83' lang='lat' dir='ltr'>ecclesie,</span> <span class='ocrx_word' id='word_1_13' title='bbox 635 266 728 302; x_wconf 83' lang='lat' dir='ltr'>Maleum¹</span> 
     </span>
     <span class='ocr_line' id='line_1_3' title="bbox 25 317 728 365; baseline 0.004 -14"><span class='ocrx_word' id='word_1_14' title='bbox 25 317 68 352; x_wconf 88' lang='lat' dir='ltr'>adiit</span> <span class='ocrx_word' id='word_1_15' title='bbox 83 320 196 364; x_wconf 81' lang='lat' dir='ltr'>episcopum,</span> <span class='ocrx_word' id='word_1_16' title='bbox 209 320 241 364; x_wconf 90' lang='lat' dir='ltr'>qui</span> <span class='ocrx_word' id='word_1_17' title='bbox 252 320 314 364; x_wconf 89' lang='lat' dir='ltr'>ipsum</span> <span class='ocrx_word' id='word_1_18' title='bbox 329 320 403 365; x_wconf 83' lang='lat' dir='ltr'>plenius</span> <span class='ocrx_word' id='word_1_19' title='bbox 418 320 441 356; x_wconf 92' lang='lat' dir='ltr'>de</span> <span class='ocrx_word' id='word_1_20' title='bbox 457 320 543 355; x_wconf 89' lang='lat' dir='ltr'>omnibus</span> <span class='ocrx_word' id='word_1_21' title='bbox 556 319 668 355; x_wconf 86' lang='lat' dir='ltr'>informaret.</span> <span class='ocrx_word' id='word_1_22' title='bbox 691 319 728 355; x_wconf 86' lang='lat' dir='ltr'>Hic</span> 
     </span>
     <span class='ocr_line' id='line_1_4' title="bbox 25 372 728 417; baseline 0.003 -12"><span class='ocrx_word' id='word_1_23' title='bbox 25 376 64 405; x_wconf 85' lang='lat' dir='ltr'>erat</span> <span class='ocrx_word' id='word_1_24' title='bbox 71 382 130 406; x_wconf 83' lang='lat' dir='ltr'>senex</span> <span class='ocrx_word' id='word_1_25' title='bbox 141 373 208 416; x_wconf 88' lang='lat' dir='ltr'>plenus</span> <span class='ocrx_word' id='word_1_26' title='bbox 220 373 291 407; x_wconf 86' lang='lat' dir='ltr'>dierum</span> <span class='ocrx_word' id='word_1_27' title='bbox 305 378 324 408; x_wconf 85' lang='lat' dir='ltr'>et</span> <span class='ocrx_word' id='word_1_28' title='bbox 335 372 428 415; x_wconf 89' lang='lat' dir='ltr'>virtutum,</span> <span class='ocrx_word' id='word_1_29' title='bbox 436 378 455 408; x_wconf 88' lang='lat' dir='ltr'>et</span> <span class='ocrx_word' id='word_1_30' title='bbox 462 373 553 417; x_wconf 81' lang='lat' dir='ltr'>sapientia</span> <span class='ocrx_word' id='word_1_31' title='bbox 566 373 596 407; x_wconf 90' lang='lat' dir='ltr'>dei</span> <span class='ocrx_word' id='word_1_32' title='bbox 610 379 648 407; x_wconf 90' lang='lat' dir='ltr'>erat</span> <span class='ocrx_word' id='word_1_33' title='bbox 660 373 679 407; x_wconf 93' lang='lat' dir='ltr'>in</span> <span class='ocrx_word' id='word_1_34' title='bbox 691 373 728 409; x_wconf 85' lang='lat' dir='ltr'>illo.</span> 
     </span>
     <span class='ocr_line' id='line_1_5' title="bbox 26 424 728 470; baseline 0.003 -12"><span class='ocrx_word' id='word_1_35' title='bbox 26 424 104 460; x_wconf 88' lang='lat' dir='ltr'>Natione</span> <span class='ocrx_word' id='word_1_36' title='bbox 115 425 200 469; x_wconf 81' lang='lat' dir='ltr'>quidem¹</span> <span class='ocrx_word' id='word_1_37' title='bbox 213 425 331 468; x_wconf 87' lang='lat' dir='ltr'>Hibernicus,</span> <span class='ocrx_word' id='word_1_38' title='bbox 344 427 378 460; x_wconf 85' lang='lat' dir='ltr'>sed</span> <span class='ocrx_word' id='word_1_39' title='bbox 391 427 410 460; x_wconf 93' lang='lat' dir='ltr'>in</span> <span class='ocrx_word' id='word_1_40' title='bbox 423 426 491 470; x_wconf 86' lang='lat' dir='ltr'>Anglia</span> <span class='ocrx_word' id='word_1_41' title='bbox 504 431 625 460; x_wconf 88' lang='lat' dir='ltr'>conuersatus</span> <span class='ocrx_word' id='word_1_42' title='bbox 637 425 696 461; x_wconf 88' lang='lat' dir='ltr'>fuerat</span> <span class='ocrx_word' id='word_1_43' title='bbox 708 427 728 460; x_wconf 88' lang='lat' dir='ltr'>in</span> 
     </span>
     <span class='ocr_line' id='line_1_6' title="bbox 24 476 746 523; baseline 0.003 -13"><span class='ocrx_word' id='word_1_44' title='bbox 24 476 87 511; x_wconf 88' lang='lat' dir='ltr'>habitu</span> <span class='ocrx_word' id='word_1_45' title='bbox 98 478 199 513; x_wconf 82' lang='lat' dir='ltr'>monastico</span> <span class='ocrx_word' id='word_1_46' title='bbox 213 478 248 522; x_wconf 91' lang='lat' dir='ltr'>[in]</span> <span class='ocrx_word' id='word_1_47' title='bbox 260 478 378 513; x_wconf 81' lang='lat' dir='ltr'>wintoniensi</span> <span class='ocrx_word' id='word_1_48' title='bbox 390 479 471 521; x_wconf 87' lang='lat' dir='ltr'>cenobio,</span> <span class='ocrx_word' id='word_1_49' title='bbox 483 479 554 523; x_wconf 86' lang='lat' dir='ltr'>dequo</span> <span class='ocrx_word' id='word_1_50' title='bbox 566 480 589 512; x_wconf 86' lang='lat' dir='ltr'>ad</span> <span class='ocrx_word' id='word_1_51' title='bbox 601 478 746 523; x_wconf 82' lang='lat' dir='ltr'>episcopatum5</span> 
     </span>
     <span class='ocr_line' id='line_1_7' title="bbox 24 530 728 575; baseline 0.003 -12"><span class='ocrx_word' id='word_1_52' title='bbox 24 530 153 564; x_wconf 86' lang='lat' dir='ltr'>lismorensem</span> <span class='ocrx_word' id='word_1_53' title='bbox 163 536 269 574; x_wconf 88' lang='lat' dir='ltr'>assumptus</span> <span class='ocrx_word' id='word_1_54' title='bbox 280 536 314 564; x_wconf 89' lang='lat' dir='ltr'>est.</span> <span class='ocrx_word' id='word_1_55' title='bbox 337 530 364 564; x_wconf 89' lang='lat' dir='ltr'>lbi</span> <span class='ocrx_word' id='word_1_56' title='bbox 375 536 425 564; x_wconf 89' lang='lat' dir='ltr'>tanta</span> <span class='ocrx_word' id='word_1_57' title='bbox 435 531 452 564; x_wconf 87' lang='lat' dir='ltr'>ei</span> <span class='ocrx_word' id='word_1_58' title='bbox 462 531 544 575; x_wconf 83' lang='lat' dir='ltr'>desuper</span> <span class='ocrx_word' id='word_1_59' title='bbox 554 531 619 565; x_wconf 89' lang='lat' dir='ltr'>collata</span> <span class='ocrx_word' id='word_1_60' title='bbox 628 535 656 565; x_wconf 89' lang='lat' dir='ltr'>est</span> <span class='ocrx_word' id='word_1_61' title='bbox 665 530 728 575; x_wconf 82' lang='lat' dir='ltr'>gratia,</span> 
     </span>
     <span class='ocr_line' id='line_1_8' title="bbox 24 582 728 627; baseline 0.003 -11"><span class='ocrx_word' id='word_1_62' title='bbox 24 587 43 619; x_wconf 91' lang='lat' dir='ltr'>vt</span> <span class='ocrx_word' id='word_1_63' title='bbox 53 592 90 617; x_wconf 87' lang='lat' dir='ltr'>non</span> <span class='ocrx_word' id='word_1_64' title='bbox 101 582 160 618; x_wconf 91' lang='lat' dir='ltr'>solum</span> <span class='ocrx_word' id='word_1_65' title='bbox 172 582 209 619; x_wconf 90' lang='lat' dir='ltr'>vita</span> <span class='ocrx_word' id='word_1_66' title='bbox 218 589 237 619; x_wconf 89' lang='lat' dir='ltr'>et</span> <span class='ocrx_word' id='word_1_67' title='bbox 247 583 335 626; x_wconf 89' lang='lat' dir='ltr'>doctrina,</span> <span class='ocrx_word' id='word_1_68' title='bbox 346 584 380 621; x_wconf 88' lang='lat' dir='ltr'>sed</span> <span class='ocrx_word' id='word_1_69' title='bbox 390 589 408 617; x_wconf 92' lang='lat' dir='ltr'>et</span> <span class='ocrx_word' id='word_1_70' title='bbox 418 583 476 627; x_wconf 83' lang='lat' dir='ltr'>signis</span> <span class='ocrx_word' id='word_1_71' title='bbox 486 584 575 618; x_wconf 76' lang='lat' dir='ltr'>clareret:</span> <span class='ocrx_word' id='word_1_72' title='bbox 593 594 637 618; x_wconf 88' lang='lat' dir='ltr'>nam</span> <span class='ocrx_word' id='word_1_73' title='bbox 649 593 728 627; x_wconf 87' lang='lat' dir='ltr'>puerum</span> 
     </span>
     <span class='ocr_line' id='line_1_9' title="bbox 24 635 728 678; baseline 0.001 -8"><span class='ocrx_word' id='word_1_74' title='bbox 24 635 124 671; x_wconf 83' lang='lat' dir='ltr'>lunaticum</span> <span class='ocrx_word' id='word_1_75' title='bbox 139 636 158 670; x_wconf 90' lang='lat' dir='ltr'>in</span> <span class='ocrx_word' id='word_1_76' title='bbox 173 635 312 671; x_wconf 87' lang='lat' dir='ltr'>confirmatione</span> <span class='ocrx_word' id='word_1_77' title='bbox 325 646 377 671; x_wconf 85' lang='lat' dir='ltr'>sacra</span> <span class='ocrx_word' id='word_1_78' title='bbox 390 637 475 671; x_wconf 85' lang='lat' dir='ltr'>unctione</span> <span class='ocrx_word' id='word_1_79' title='bbox 489 636 566 678; x_wconf 84' lang='lat' dir='ltr'>sanauit,</span> <span class='ocrx_word' id='word_1_80' title='bbox 579 637 635 670; x_wconf 90' lang='lat' dir='ltr'>surdo</span> <span class='ocrx_word' id='word_1_81' title='bbox 647 637 728 672; x_wconf 88' lang='lat' dir='ltr'>auditum</span> 
     </span>
     <span class='ocr_line' id='line_1_10' title="bbox 25 688 728 734; baseline 0 -11"><span class='ocrx_word' id='word_1_82' title='bbox 25 688 109 724; x_wconf 81' lang='lat' dir='ltr'>restituit.</span> <span class='ocrx_word' id='word_1_83' title='bbox 126 690 156 723; x_wconf 83' lang='lat' dir='ltr'>Ad</span> <span class='ocrx_word' id='word_1_84' title='bbox 164 690 213 725; x_wconf 89' lang='lat' dir='ltr'>hunc</span> <span class='ocrx_word' id='word_1_85' title='bbox 221 700 263 724; x_wconf 90' lang='lat' dir='ltr'>cum</span> <span class='ocrx_word' id='word_1_86' title='bbox 270 689 353 725; x_wconf 90' lang='lat' dir='ltr'>venisset</span> <span class='ocrx_word' id='word_1_87' title='bbox 362 689 468 731; x_wconf 83' lang='lat' dir='ltr'>Malachias,</span> <span class='ocrx_word' id='word_1_88' title='bbox 475 690 556 734; x_wconf 81' lang='lat' dir='ltr'>benigne</span> <span class='ocrx_word' id='word_1_89' title='bbox 563 691 587 725; x_wconf 87' lang='lat' dir='ltr'>ab</span> <span class='ocrx_word' id='word_1_90' title='bbox 594 702 617 725; x_wconf 89' lang='lat' dir='ltr'>eo</span> <span class='ocrx_word' id='word_1_91' title='bbox 624 696 728 734; x_wconf 88' lang='lat' dir='ltr'>susceptus,</span> 
     </span>
     <span class='ocr_line' id='line_1_11' title="bbox 25 735 756 786; baseline 0 -11"><span class='ocrx_word' id='word_1_92' title='bbox 25 743 93 786; x_wconf 86' lang='lat' dir='ltr'>aliquot</span> <span class='ocrx_word' id='word_1_93' title='bbox 101 743 154 776; x_wconf 87' lang='lat' dir='ltr'>annis</span> <span class='ocrx_word' id='word_1_94' title='bbox 162 753 204 777; x_wconf 92' lang='lat' dir='ltr'>cum</span> <span class='ocrx_word' id='word_1_95' title='bbox 212 743 245 777; x_wconf 82' lang='lat' dir='ltr'>eo³</span> <span class='ocrx_word' id='word_1_96' title='bbox 254 743 326 777; x_wconf 92' lang='lat' dir='ltr'>mansit.</span> <span class='ocrx_word' id='word_1_97' title='bbox 369 735 445 776; x_wconf 84' lang='lat' dir='ltr'>Accidit</span> <span class='ocrx_word' id='word_1_98' title='bbox 453 742 503 776; x_wconf 90' lang='lat' dir='ltr'>enim</span> <span class='ocrx_word' id='word_1_99' title='bbox 513 742 562 776; x_wconf 89' lang='lat' dir='ltr'>inter</span> <span class='ocrx_word' id='word_1_100' title='bbox 571 752 634 785; x_wconf 85' lang='lat' dir='ltr'>regem</span> <span class='ocrx_word' id='word_1_101' title='bbox 643 742 728 776; x_wconf 87' lang='lat' dir='ltr'>australis</span> <span class='ocrx_word' id='word_1_102' title='bbox 737 753 756 775; x_wconf 75' lang='grc' dir='ltr'>ιο</span> 
     </span>
     <span class='ocr_line' id='line_1_12' title="bbox 25 793 728 839; baseline 0.001 -11"><span class='ocrx_word' id='word_1_103' title='bbox 25 795 134 837; x_wconf 86' lang='lat' dir='ltr'>[Mumonie]</span> <span class='ocrx_word' id='word_1_104' title='bbox 140 795 147 814; x_wconf 83' lang='lat'><strong>⁴</strong></span> <span class='ocrx_word' id='word_1_105' title='bbox 153 801 171 828; x_wconf 90' lang='lat' dir='ltr'>et</span> <span class='ocrx_word' id='word_1_106' title='bbox 177 805 285 839; x_wconf 83' lang='lat' dir='ltr'>germanum</span> <span class='ocrx_word' id='word_1_107' title='bbox 293 795 333 829; x_wconf 89' lang='lat' dir='ltr'>eius</span> <span class='ocrx_word' id='word_1_108' title='bbox 341 799 380 828; x_wconf 86' lang='lat' dir='ltr'>orta</span> <span class='ocrx_word' id='word_1_109' title='bbox 386 794 483 837; x_wconf 82' lang='lat' dir='ltr'>simultate,</span> <span class='ocrx_word' id='word_1_110' title='bbox 489 799 508 828; x_wconf 88' lang='lat' dir='ltr'>et</span> <span class='ocrx_word' id='word_1_111' title='bbox 515 794 572 828; x_wconf 90' lang='lat' dir='ltr'>fratre</span> <span class='ocrx_word' id='word_1_112' title='bbox 580 793 627 828; x_wconf 88' lang='lat' dir='ltr'>facto</span> <span class='ocrx_word' id='word_1_113' title='bbox 632 793 728 839; x_wconf 89' lang='lat' dir='ltr'>superiori,</span> 
     </span>
     <span class='ocr_line' id='line_1_13' title="bbox 25 846 728 891; baseline 0.003 -11"><span class='ocrx_word' id='word_1_114' title='bbox 25 857 59 881; x_wconf 84' lang='lat' dir='ltr'>rex</span> <span class='ocrx_word' id='word_1_115' title='bbox 73 847 139 891; x_wconf 87' lang='lat' dir='ltr'>pulsus</span> <span class='ocrx_word' id='word_1_116' title='bbox 154 858 213 891; x_wconf 85' lang='lat' dir='ltr'>regno</span> <span class='ocrx_word' id='word_1_117' title='bbox 225 849 248 882; x_wconf 82' lang='lat' dir='ltr'>ad</span> <span class='ocrx_word' id='word_1_118' title='bbox 261 847 368 891; x_wconf 86' lang='lat' dir='ltr'>episcopum</span> <span class='ocrx_word' id='word_1_119' title='bbox 381 846 461 880; x_wconf 83' lang='lat' dir='ltr'>Maleum</span> <span class='ocrx_word' id='word_1_120' title='bbox 474 847 567 891; x_wconf 65' lang='lat' dir='ltr'>confugit,</span> <span class='ocrx_word' id='word_1_121' title='bbox 579 852 597 881; x_wconf 88' lang='lat' dir='ltr'>et</span> <span class='ocrx_word' id='word_1_122' title='bbox 609 848 655 881; x_wconf 86' lang='lat' dir='ltr'>dans</span> <span class='ocrx_word' id='word_1_123' title='bbox 668 848 728 882; x_wconf 89' lang='lat' dir='ltr'>locum</span> 
     </span>
     <span class='ocr_line' id='line_1_14' title="bbox 24 899 729 945; baseline 0.003 -12"><span class='ocrx_word' id='word_1_124' title='bbox 24 899 57 941; x_wconf 92' lang='lat' dir='ltr'>ire,</span> <span class='ocrx_word' id='word_1_125' title='bbox 76 899 203 934; x_wconf 85' lang='lat' dir='ltr'>necessitatem</span> <span class='ocrx_word' id='word_1_126' title='bbox 218 900 237 935; x_wconf 93' lang='lat' dir='ltr'>in</span> <span class='ocrx_word' id='word_1_127' title='bbox 252 899 340 935; x_wconf 88' lang='lat' dir='ltr'>virtutem</span> <span class='ocrx_word' id='word_1_128' title='bbox 355 899 451 942; x_wconf 89' lang='lat' dir='ltr'>conuertit,</span> <span class='ocrx_word' id='word_1_129' title='bbox 466 899 557 944; x_wconf 89' lang='lat' dir='ltr'>priuatam</span> <span class='ocrx_word' id='word_1_130' title='bbox 575 900 646 945; x_wconf 87' lang='lat' dir='ltr'>eligens</span> <span class='ocrx_word' id='word_1_131' title='bbox 661 901 729 936; x_wconf 88' lang='lat' dir='ltr'>ducere</span> 
     </span>
     <span class='ocr_line' id='line_1_15' title="bbox 24 952 728 999; baseline 0.003 -12"><span class='ocrx_word' id='word_1_132' title='bbox 24 952 85 987; x_wconf 90' lang='lat' dir='ltr'>vitam.</span> <span class='ocrx_word' id='word_1_133' title='bbox 108 953 191 997; x_wconf 90' lang='lat' dir='ltr'>Cumque</span> <span class='ocrx_word' id='word_1_134' title='bbox 201 953 299 997; x_wconf 87' lang='lat' dir='ltr'>episcopus</span> <span class='ocrx_word' id='word_1_135' title='bbox 310 964 373 997; x_wconf 87' lang='lat' dir='ltr'>regem</span> <span class='ocrx_word' id='word_1_136' title='bbox 384 953 479 997; x_wconf 81' lang='lat' dir='ltr'>suscipere</span> <span class='ocrx_word' id='word_1_137' title='bbox 492 953 554 988; x_wconf 90' lang='lat' dir='ltr'>debito</span> <span class='ocrx_word' id='word_1_138' title='bbox 566 953 637 988; x_wconf 85' lang='lat' dir='ltr'>honore</span> <span class='ocrx_word' id='word_1_139' title='bbox 649 960 728 999; x_wconf 87' lang='lat' dir='ltr'>pararet,</span> 
     </span>
     <span class='ocr_line' id='line_1_16' title="bbox 24 1006 756 1051; baseline 0.001 -11"><span class='ocrx_word' id='word_1_140' title='bbox 24 1006 87 1041; x_wconf 89' lang='lat' dir='ltr'>abnuit</span> <span class='ocrx_word' id='word_1_141' title='bbox 97 1006 133 1049; x_wconf 91' lang='lat' dir='ltr'>ille,</span> <span class='ocrx_word' id='word_1_142' title='bbox 142 1018 163 1041; x_wconf 88' lang='lat' dir='ltr'>se</span> <span class='ocrx_word' id='word_1_143' title='bbox 176 1007 230 1041; x_wconf 88' lang='lat' dir='ltr'>malle</span> <span class='ocrx_word' id='word_1_144' title='bbox 241 1006 327 1050; x_wconf 88' lang='lat' dir='ltr'>inquiens</span> <span class='ocrx_word' id='word_1_145' title='bbox 337 1012 424 1051; x_wconf 88' lang='lat' dir='ltr'>tanquam</span> <span class='ocrx_word' id='word_1_146' title='bbox 437 1016 494 1041; x_wconf 86' lang='lat' dir='ltr'>vnum</span> <span class='ocrx_word' id='word_1_147' title='bbox 506 1017 530 1041; x_wconf 79' lang='lat' dir='ltr'>ex</span> <span class='ocrx_word' id='word_1_148' title='bbox 541 1006 578 1041; x_wconf 87' lang='lat' dir='ltr'>illis</span> <span class='ocrx_word' id='word_1_149' title='bbox 589 1017 632 1041; x_wconf 90' lang='lat' dir='ltr'>esse</span> <span class='ocrx_word' id='word_1_150' title='bbox 643 1008 728 1051; x_wconf 86' lang='lat' dir='ltr'>pauperi·</span> <span class='ocrx_word' id='word_1_151' title='bbox 738 1015 756 1047; x_wconf 81' lang='lat'>¹5</span> 
     </span>
     <span class='ocr_line' id='line_1_17' title="bbox 24 1058 728 1104; baseline 0.003 -12"><span class='ocrx_word' id='word_1_152' title='bbox 24 1059 59 1093; x_wconf 91' lang='lat' dir='ltr'>bus</span> <span class='ocrx_word' id='word_1_153' title='bbox 65 1059 151 1094; x_wconf 83' lang='lat' dir='ltr'>fratribus</span> <span class='ocrx_word' id='word_1_154' title='bbox 157 1059 188 1104; x_wconf 91' lang='lat' dir='ltr'>qui</span> <span class='ocrx_word' id='word_1_155' title='bbox 195 1059 221 1093; x_wconf 90' lang='lat' dir='ltr'>illi</span> <span class='ocrx_word' id='word_1_156' title='bbox 229 1060 345 1102; x_wconf 81' lang='lat' dir='ltr'>adhererent,</span> <span class='ocrx_word' id='word_1_157' title='bbox 351 1059 423 1103; x_wconf 84' lang='lat' dir='ltr'>regium</span> <span class='ocrx_word' id='word_1_158' title='bbox 431 1058 498 1094; x_wconf 89' lang='lat' dir='ltr'>fastum</span> <span class='ocrx_word' id='word_1_159' title='bbox 506 1060 601 1103; x_wconf 85' lang='lat' dir='ltr'>deponere</span> <span class='ocrx_word' id='word_1_160' title='bbox 609 1065 627 1094; x_wconf 87' lang='lat' dir='ltr'>et</span> <span class='ocrx_word' id='word_1_161' title='bbox 635 1060 728 1094; x_wconf 88' lang='lat' dir='ltr'>communi</span> 
     </span>
     <span class='ocr_line' id='line_1_18' title="bbox 24 1111 728 1157; baseline 0.004 -12"><span class='ocrx_word' id='word_1_162' title='bbox 24 1118 133 1156; x_wconf 87' lang='lat' dir='ltr'>paupertate</span> <span class='ocrx_word' id='word_1_163' title='bbox 139 1113 178 1148; x_wconf 86' lang='lat' dir='ltr'>fore</span> <span class='ocrx_word' id='word_1_164' title='bbox 184 1117 296 1153; x_wconf 87' lang='lat' dir='ltr'>contentum,</span> <span class='ocrx_word' id='word_1_165' title='bbox 302 1117 402 1155; x_wconf 82' lang='lat' dir='ltr'>expectare</span> <span class='ocrx_word' id='word_1_166' title='bbox 408 1111 468 1155; x_wconf 89' lang='lat' dir='ltr'>potius</span> <span class='ocrx_word' id='word_1_167' title='bbox 474 1112 544 1146; x_wconf 89' lang='lat' dir='ltr'>domini</span> <span class='ocrx_word' id='word_1_168' title='bbox 548 1112 666 1155; x_wconf 84' lang='lat' dir='ltr'>voluntatem,</span> <span class='ocrx_word' id='word_1_169' title='bbox 673 1123 728 1157; x_wconf 88' lang='lat' dir='ltr'>quam</span> 
     </span>
     <span class='ocr_line' id='line_1_19' title="bbox 24 1165 728 1210; baseline 0 -10"><span class='ocrx_word' id='word_1_170' title='bbox 24 1165 324 1210; x_wconf 76' lang='lat' dir='ltr'>pervimrecipereregnum3nec</span> <span class='ocrx_word' id='word_1_171' title='bbox 330 1165 376 1198; x_wconf 85' lang='lat' dir='ltr'>velle</span> <span class='ocrx_word' id='word_1_172' title='bbox 382 1175 416 1208; x_wconf 87' lang='lat' dir='ltr'>pro</span> <span class='ocrx_word' id='word_1_173' title='bbox 422 1175 456 1198; x_wconf 89' lang='lat' dir='ltr'>suo</span> <span class='ocrx_word' id='word_1_174' title='bbox 463 1165 612 1200; x_wconf 85' lang='lat' dir='ltr'>honoreterreno</span> <span class='ocrx_word' id='word_1_175' title='bbox 618 1165 728 1210; x_wconf 84' lang='lat' dir='ltr'>sanguinem</span> 
     </span>
     <span class='ocr_line' id='line_1_20' title="bbox 25 1217 728 1263; baseline 0 -10"><span class='ocrx_word' id='word_1_176' title='bbox 25 1217 137 1253; x_wconf 76' lang='lat' dir='ltr'>humanum⁶</span> <span class='ocrx_word' id='word_1_177' title='bbox 145 1218 245 1261; x_wconf 84' lang='lat' dir='ltr'>effundere,</span> <span class='ocrx_word' id='word_1_178' title='bbox 257 1218 287 1263; x_wconf 92' lang='lat' dir='ltr'>qui</span> <span class='ocrx_word' id='word_1_179' title='bbox 298 1223 362 1253; x_wconf 88' lang='lat' dir='ltr'>contra</span> <span class='ocrx_word' id='word_1_180' title='bbox 373 1229 394 1253; x_wconf 89' lang='lat' dir='ltr'>se</span> <span class='ocrx_word' id='word_1_181' title='bbox 404 1218 471 1253; x_wconf 87' lang='lat' dir='ltr'>clamet</span> <span class='ocrx_word' id='word_1_182' title='bbox 480 1219 503 1253; x_wconf 86' lang='lat' dir='ltr'>ad</span> <span class='ocrx_word' id='word_1_183' title='bbox 513 1219 568 1253; x_wconf 89' lang='lat' dir='ltr'>deum</span> <span class='ocrx_word' id='word_1_184' title='bbox 579 1219 602 1254; x_wconf 89' lang='lat' dir='ltr'>de</span> <span class='ocrx_word' id='word_1_185' title='bbox 611 1225 664 1254; x_wconf 84' lang='lat' dir='ltr'>terra</span> <span class='ocrx_word' id='word_1_186' title='bbox 686 1220 728 1261; x_wconf 82' lang='lat' dir='ltr'>Quo</span> 
     </span>
     <span class='ocr_line' id='line_1_21' title="bbox 24 1270 757 1317; baseline 0.001 -12"><span class='ocrx_word' id='word_1_187' title='bbox 24 1271 90 1313; x_wconf 89' lang='lat' dir='ltr'>audito,</span> <span class='ocrx_word' id='word_1_188' title='bbox 104 1273 202 1317; x_wconf 88' lang='lat' dir='ltr'>episcopus</span> <span class='ocrx_word' id='word_1_189' title='bbox 217 1273 292 1313; x_wconf 82' lang='lat' dir='ltr'>exultat,</span> <span class='ocrx_word' id='word_1_190' title='bbox 306 1277 325 1305; x_wconf 89' lang='lat' dir='ltr'>et</span> <span class='ocrx_word' id='word_1_191' title='bbox 338 1270 455 1306; x_wconf 88' lang='lat' dir='ltr'>deuotionem</span> <span class='ocrx_word' id='word_1_192' title='bbox 468 1271 568 1306; x_wconf 81' lang='lat' dir='ltr'>admiratus</span> <span class='ocrx_word' id='word_1_193' title='bbox 581 1277 624 1306; x_wconf 89' lang='lat' dir='ltr'>voto</span> <span class='ocrx_word' id='word_1_194' title='bbox 635 1271 728 1308; x_wconf 77' lang='lat' dir='ltr'>satisfecit.</span> <span class='ocrx_word' id='word_1_195' title='bbox 737 1279 757 1301; x_wconf 79' lang='lat'>²0</span> 
     </span>
     <span class='ocr_line' id='line_1_22' title="bbox 24 1322 729 1369; baseline 0.003 -12"><span class='ocrx_word' id='word_1_196' title='bbox 24 1324 111 1359; x_wconf 90' lang='lat' dir='ltr'>Traditur</span> <span class='ocrx_word' id='word_1_197' title='bbox 118 1325 157 1369; x_wconf 82' lang='lat' dir='ltr'>regi</span> <span class='ocrx_word' id='word_1_198' title='bbox 165 1326 230 1360; x_wconf 87' lang='lat' dir='ltr'>domus</span> <span class='ocrx_word' id='word_1_199' title='bbox 238 1324 350 1368; x_wconf 89' lang='lat' dir='ltr'>paupercula</span> <span class='ocrx_word' id='word_1_200' title='bbox 361 1324 384 1357; x_wconf 88' lang='lat' dir='ltr'>ad</span> <span class='ocrx_word' id='word_1_201' title='bbox 394 1322 538 1365; x_wconf 88' lang='lat' dir='ltr'>inhabitandum,</span> <span class='ocrx_word' id='word_1_202' title='bbox 546 1329 565 1358; x_wconf 91' lang='lat' dir='ltr'>et</span> <span class='ocrx_word' id='word_1_203' title='bbox 572 1326 626 1368; x_wconf 87' lang='lat' dir='ltr'>panis</span> <span class='ocrx_word' id='word_1_204' title='bbox 636 1334 679 1358; x_wconf 89' lang='lat' dir='ltr'>cum</span> <span class='ocrx_word' id='word_1_205' title='bbox 690 1324 729 1359; x_wconf 86' lang='lat' dir='ltr'>sale</span> 
     </span>
    </p>

    <p class='ocr_par' dir='ltr' id='par_1_3' title="bbox 24 1375 784 2485">
     <span class='ocr_line' id='line_1_23' title="bbox 25 1375 728 1421; baseline 0.004 -12"><span class='ocrx_word' id='word_1_206' title='bbox 25 1381 44 1409; x_wconf 89' lang='lat' dir='ltr'>et</span> <span class='ocrx_word' id='word_1_207' title='bbox 55 1388 107 1421; x_wconf 84' lang='lat' dir='ltr'>aqua,</span> <span class='ocrx_word' id='word_1_208' title='bbox 115 1388 150 1421; x_wconf 86' lang='lat' dir='ltr'>per</span> <span class='ocrx_word' id='word_1_209' title='bbox 160 1387 236 1411; x_wconf 86' lang='lat' dir='ltr'>manum</span> <span class='ocrx_word' id='word_1_210' title='bbox 249 1376 344 1419; x_wconf 87' lang='lat' dir='ltr'>Malachie,</span> <span class='ocrx_word' id='word_1_211' title='bbox 352 1376 375 1410; x_wconf 88' lang='lat' dir='ltr'>ad</span> <span class='ocrx_word' id='word_1_212' title='bbox 382 1375 456 1410; x_wconf 90' lang='lat' dir='ltr'>victum.</span> <span class='ocrx_word' id='word_1_213' title='bbox 480 1376 516 1410; x_wconf 86' lang='lat' dir='ltr'>Per</span> <span class='ocrx_word' id='word_1_214' title='bbox 527 1376 609 1421; x_wconf 83' lang='lat' dir='ltr'>singulas</span> <span class='ocrx_word' id='word_1_215' title='bbox 620 1382 684 1412; x_wconf 90' lang='lat' dir='ltr'>noctes</span> <span class='ocrx_word' id='word_1_216' title='bbox 695 1387 728 1412; x_wconf 80' lang='lat' dir='ltr'>rex</span> 
     </span>
     <span class='ocr_line' id='line_1_24' title="bbox 25 1429 729 1475; baseline 0.001 -11"><span class='ocrx_word' id='word_1_217' title='bbox 25 1429 118 1464; x_wconf 84' lang='lat' dir='ltr'>lachrimis</span> <span class='ocrx_word' id='word_1_218' title='bbox 127 1430 166 1464; x_wconf 86' lang='lat' dir='ltr'>suis</span> <span class='ocrx_word' id='word_1_219' title='bbox 177 1435 254 1464; x_wconf 91' lang='lat' dir='ltr'>stratum</span> <span class='ocrx_word' id='word_1_220' title='bbox 266 1440 320 1463; x_wconf 91' lang='lat' dir='ltr'>suum</span> <span class='ocrx_word' id='word_1_221' title='bbox 332 1429 403 1473; x_wconf 84' lang='lat' dir='ltr'>rigauit,</span> <span class='ocrx_word' id='word_1_222' title='bbox 411 1430 444 1463; x_wconf 91' lang='lat' dir='ltr'>sed</span> <span class='ocrx_word' id='word_1_223' title='bbox 457 1434 476 1463; x_wconf 87' lang='lat' dir='ltr'>et</span> <span class='ocrx_word' id='word_1_224' title='bbox 489 1429 594 1474; x_wconf 88' lang='lat' dir='ltr'>quotidiano</span> <span class='ocrx_word' id='word_1_225' title='bbox 606 1441 653 1475; x_wconf 85' lang='lat' dir='ltr'>aque</span> <span class='ocrx_word' id='word_1_226' title='bbox 664 1429 729 1475; x_wconf 81' lang='lat' dir='ltr'>frigide</span> 
     </span>
     <span class='ocr_line' id='line_1_25' title="bbox 25 1482 729 1527; baseline 0.001 -10"><span class='ocrx_word' id='word_1_227' title='bbox 25 1482 90 1519; x_wconf 86' lang='lat' dir='ltr'>balneo</span> <span class='ocrx_word' id='word_1_228' title='bbox 104 1484 151 1519; x_wconf 90' lang='lat' dir='ltr'>male</span> <span class='ocrx_word' id='word_1_229' title='bbox 164 1483 254 1518; x_wconf 86' lang='lat' dir='ltr'>calentem</span> <span class='ocrx_word' id='word_1_230' title='bbox 268 1482 386 1527; x_wconf 76' lang='lat' dir='ltr'>extinguebat</span> <span class='ocrx_word' id='word_1_231' title='bbox 397 1482 416 1516; x_wconf 91' lang='lat' dir='ltr'>in</span> <span class='ocrx_word' id='word_1_232' title='bbox 428 1493 483 1518; x_wconf 86' lang='lat' dir='ltr'>carne</span> <span class='ocrx_word' id='word_1_233' title='bbox 496 1483 602 1526; x_wconf 90' lang='lat' dir='ltr'>libidinem;</span> <span class='ocrx_word' id='word_1_234' title='bbox 615 1484 646 1519; x_wconf 80' lang='lat' dir='ltr'>et⁰</span> <span class='ocrx_word' id='word_1_235' title='bbox 659 1485 729 1518; x_wconf 87' lang='lat' dir='ltr'>orando</span> 
     </span>
     <span class='ocr_line' id='line_1_26' title="bbox 25 1536 756 1577; baseline 0.001 -7"><span class='ocrx_word' id='word_1_236' title='bbox 25 1536 109 1572; x_wconf 85' lang='lat' dir='ltr'>dicebat:</span> <span class='ocrx_word' id='word_1_237' title='bbox 125 1537 183 1572; x_wconf 89' lang='lat' dir='ltr'>‘Vide</span> <span class='ocrx_word' id='word_1_238' title='bbox 198 1537 319 1571; x_wconf 89' lang='lat' dir='ltr'>humilitatem</span> <span class='ocrx_word' id='word_1_239' title='bbox 334 1546 395 1570; x_wconf 91' lang='lat' dir='ltr'>meam</span> <span class='ocrx_word' id='word_1_240' title='bbox 410 1541 428 1570; x_wconf 91' lang='lat' dir='ltr'>et</span> <span class='ocrx_word' id='word_1_241' title='bbox 443 1536 524 1570; x_wconf 83' lang='lat' dir='ltr'>laborem</span> <span class='ocrx_word' id='word_1_242' title='bbox 540 1547 608 1577; x_wconf 86' lang='lat' dir='ltr'>meum,</span> <span class='ocrx_word' id='word_1_243' title='bbox 623 1542 642 1571; x_wconf 86' lang='lat' dir='ltr'>et</span> <span class='ocrx_word' id='word_1_244' title='bbox 657 1536 728 1571; x_wconf 88' lang='lat' dir='ltr'>dimitte</span> <span class='ocrx_word' id='word_1_245' title='bbox 737 1546 756 1576; x_wconf 77' lang='lat'>25</span> 
     </span>
     <span class='ocr_line' id='line_1_27' title="bbox 25 1588 784 1633; baseline -0.001 -10"><span class='ocrx_word' id='word_1_246' title='bbox 25 1589 111 1624; x_wconf 83' lang='lat' dir='ltr'>uniuersa</span> <span class='ocrx_word' id='word_1_247' title='bbox 122 1590 188 1624; x_wconf 90' lang='lat' dir='ltr'>delicta</span> <span class='ocrx_word' id='word_1_248' title='bbox 195 1591 247 1624; x_wconf 67' lang='lat' dir='ltr'>mea.¹</span> <span class='ocrx_word' id='word_1_249' title='bbox 270 1589 294 1623; x_wconf 85' lang='lat' dir='ltr'>Et</span> <span class='ocrx_word' id='word_1_250' title='bbox 304 1589 389 1623; x_wconf 81' lang='lat' dir='ltr'>exaudita</span> <span class='ocrx_word' id='word_1_251' title='bbox 401 1593 430 1622; x_wconf 89' lang='lat' dir='ltr'>est</span> <span class='ocrx_word' id='word_1_252' title='bbox 439 1588 496 1623; x_wconf 87' lang='lat' dir='ltr'>oratio</span> <span class='ocrx_word' id='word_1_253' title='bbox 504 1589 544 1623; x_wconf 89' lang='lat' dir='ltr'>eius</span> <span class='ocrx_word' id='word_1_254' title='bbox 556 1588 622 1622; x_wconf 69' lang='lat' dir='ltr'>secus¹</span> <span class='ocrx_word' id='word_1_255' title='bbox 633 1600 688 1633; x_wconf 89' lang='lat' dir='ltr'>quam</span> <span class='ocrx_word' id='word_1_256' title='bbox 700 1589 729 1622; x_wconf 92' lang='lat' dir='ltr'>in·</span> <span class='ocrx_word' id='word_1_257' title='bbox 779 1593 784 1597; x_wconf 79' lang='grc'><strong>’</strong></span> 
     </span>
     <span class='ocr_line' id='line_1_28' title="bbox 28 1640 728 1686; baseline 0 -11"><span class='ocrx_word' id='word_1_258' title='bbox 28 1644 112 1677; x_wconf 86' lang='lat' dir='ltr'>tenderet</span> <span class='ocrx_word' id='word_1_259' title='bbox 131 1643 177 1686; x_wconf 86' lang='lat' dir='ltr'>ipse.</span> <span class='ocrx_word' id='word_1_260' title='bbox 201 1641 301 1676; x_wconf 83' lang='lat' dir='ltr'>Suscitauit</span> <span class='ocrx_word' id='word_1_261' title='bbox 316 1641 366 1675; x_wconf 89' lang='lat' dir='ltr'>enim</span> <span class='ocrx_word' id='word_1_262' title='bbox 385 1641 431 1675; x_wconf 89' lang='lat' dir='ltr'>deus</span> <span class='ocrx_word' id='word_1_263' title='bbox 450 1640 536 1685; x_wconf 90' lang='lat' dir='ltr'>spiritum</span> <span class='ocrx_word' id='word_1_264' title='bbox 550 1641 606 1675; x_wconf 86' lang='lat' dir='ltr'>vicini</span> <span class='ocrx_word' id='word_1_265' title='bbox 621 1641 681 1686; x_wconf 76' lang='lat' dir='ltr'>regis3</span> <span class='ocrx_word' id='word_1_266' title='bbox 697 1642 728 1686; x_wconf 93' lang='lat' dir='ltr'>qui</span> 
     </span>
     <span class='ocr_line' id='line_1_29' title="bbox 24 1693 728 1740; baseline 0.003 -13"><span class='ocrx_word' id='word_1_267' title='bbox 24 1694 90 1730; x_wconf 88' lang='lat' dir='ltr'>videns</span> <span class='ocrx_word' id='word_1_268' title='bbox 101 1706 138 1740; x_wconf 92' lang='lat' dir='ltr'>que</span> <span class='ocrx_word' id='word_1_269' title='bbox 148 1695 196 1730; x_wconf 90' lang='lat' dir='ltr'>facta</span> <span class='ocrx_word' id='word_1_270' title='bbox 207 1701 255 1736; x_wconf 92' lang='lat' dir='ltr'>sunt,</span> <span class='ocrx_word' id='word_1_271' title='bbox 267 1694 349 1738; x_wconf 86' lang='lat' dir='ltr'>repletus</span> <span class='ocrx_word' id='word_1_272' title='bbox 362 1698 391 1727; x_wconf 91' lang='lat' dir='ltr'>est</span> <span class='ocrx_word' id='word_1_273' title='bbox 403 1693 455 1736; x_wconf 68' lang='lat' dir='ltr'>zelos</span> <span class='ocrx_word' id='word_1_274' title='bbox 460 1700 478 1727; x_wconf 90' lang='lat' dir='ltr'>et</span> <span class='ocrx_word' id='word_1_275' title='bbox 491 1694 582 1729; x_wconf 84' lang='lat' dir='ltr'>miserans</span> <span class='ocrx_word' id='word_1_276' title='bbox 593 1696 646 1739; x_wconf 87' lang='lat' dir='ltr'>regni</span> <span class='ocrx_word' id='word_1_277' title='bbox 657 1695 728 1730; x_wconf 85' lang='lat' dir='ltr'>desola-</span> 
     </span>
     <span class='ocr_line' id='line_1_30' title="bbox 24 1746 728 1792; baseline 0 -10"><span class='ocrx_word' id='word_1_278' title='bbox 24 1747 98 1789; x_wconf 87' lang='lat' dir='ltr'>tionem,</span> <span class='ocrx_word' id='word_1_279' title='bbox 111 1752 129 1782; x_wconf 95' lang='lat' dir='ltr'>et</span> <span class='ocrx_word' id='word_1_280' title='bbox 140 1747 190 1792; x_wconf 83' lang='lat' dir='ltr'>regis</span> <span class='ocrx_word' id='word_1_281' title='bbox 201 1746 328 1789; x_wconf 88' lang='lat' dir='ltr'>deiectionem,</span> <span class='ocrx_word' id='word_1_282' title='bbox 340 1746 436 1781; x_wconf 85' lang='lat' dir='ltr'>descendit</span> <span class='ocrx_word' id='word_1_283' title='bbox 448 1747 471 1781; x_wconf 91' lang='lat' dir='ltr'>ad</span> <span class='ocrx_word' id='word_1_284' title='bbox 482 1747 548 1781; x_wconf 87' lang='lat' dir='ltr'>cellam</span> <span class='ocrx_word' id='word_1_285' title='bbox 559 1747 652 1792; x_wconf 86' lang='lat' dir='ltr'>pauperis,</span> <span class='ocrx_word' id='word_1_286' title='bbox 664 1748 728 1782; x_wconf 90' lang='lat' dir='ltr'>suadet</span> 
     </span>
     <span class='ocr_line' id='line_1_31' title="bbox 25 1799 757 1846; baseline -0.001 -11"><span class='ocrx_word' id='word_1_287' title='bbox 25 1801 115 1835; x_wconf 88' lang='lat' dir='ltr'>reditum:</span> <span class='ocrx_word' id='word_1_288' title='bbox 133 1801 166 1836; x_wconf 86' lang='lat' dir='ltr'>sed</span> <span class='ocrx_word' id='word_1_289' title='bbox 182 1811 219 1836; x_wconf 85' lang='lat' dir='ltr'>non</span> <span class='ocrx_word' id='word_1_290' title='bbox 234 1800 339 1845; x_wconf 88' lang='lat' dir='ltr'>persuadet.</span> <span class='ocrx_word' id='word_1_291' title='bbox 370 1799 428 1835; x_wconf 89' lang='lat' dir='ltr'>Instat</span> <span class='ocrx_word' id='word_1_292' title='bbox 442 1806 510 1842; x_wconf 84' lang='lat' dir='ltr'>tamen,</span> <span class='ocrx_word' id='word_1_293' title='bbox 527 1802 606 1846; x_wconf 89' lang='lat' dir='ltr'>spondet</span> <span class='ocrx_word' id='word_1_294' title='bbox 623 1812 691 1846; x_wconf 79' lang='lat' dir='ltr'>opem:</span> <span class='ocrx_word' id='word_1_295' title='bbox 710 1806 728 1836; x_wconf 90' lang='lat' dir='ltr'>et</span> <span class='ocrx_word' id='word_1_296' title='bbox 737 1812 757 1842; x_wconf 68' lang='lat' dir='ltr'>so</span> 
     </span>
     <span class='ocr_line' id='line_1_32' title="bbox 25 1853 728 1899; baseline 0 -10"><span class='ocrx_word' id='word_1_297' title='bbox 25 1855 124 1889; x_wconf 87' lang='lat' dir='ltr'>accedente</span> <span class='ocrx_word' id='word_1_298' title='bbox 136 1855 223 1889; x_wconf 83' lang='lat' dir='ltr'>mandato</span> <span class='ocrx_word' id='word_1_299' title='bbox 237 1854 324 1899; x_wconf 82' lang='lat' dir='ltr'>episcopi,</span> <span class='ocrx_word' id='word_1_300' title='bbox 337 1859 355 1888; x_wconf 88' lang='lat' dir='ltr'>et</span> <span class='ocrx_word' id='word_1_301' title='bbox 368 1853 458 1889; x_wconf 85' lang='lat' dir='ltr'>Malachie</span> <span class='ocrx_word' id='word_1_302' title='bbox 472 1854 553 1896; x_wconf 89' lang='lat' dir='ltr'>consilio,</span> <span class='ocrx_word' id='word_1_303' title='bbox 565 1854 596 1889; x_wconf 84' lang='lat' dir='ltr'>vix</span> <span class='ocrx_word' id='word_1_304' title='bbox 608 1865 642 1889; x_wconf 85' lang='lat' dir='ltr'>rex</span> <span class='ocrx_word' id='word_1_305' title='bbox 653 1855 728 1889; x_wconf 87' lang='lat' dir='ltr'>tandem</span> 
     </span>
     <span class='ocr_line' id='line_1_33' title="bbox 25 1907 727 1952; baseline 0.001 -11"><span class='ocrx_word' id='word_1_306' title='bbox 25 1908 129 1952; x_wconf 87' lang='lat' dir='ltr'>acquiescit.</span> <span class='ocrx_word' id='word_1_307' title='bbox 152 1909 219 1952; x_wconf 91' lang='lat' dir='ltr'>Sicque</span> <span class='ocrx_word' id='word_1_308' title='bbox 234 1908 292 1942; x_wconf 89' lang='lat' dir='ltr'>multa</span> <span class='ocrx_word' id='word_1_309' title='bbox 306 1907 390 1942; x_wconf 83' lang='lat' dir='ltr'>facilitate</span> <span class='ocrx_word' id='word_1_310' title='bbox 402 1907 461 1952; x_wconf 89' lang='lat' dir='ltr'>pulsis</span> <span class='ocrx_word' id='word_1_311' title='bbox 473 1907 592 1951; x_wconf 88' lang='lat' dir='ltr'>predonibus,</span> <span class='ocrx_word' id='word_1_312' title='bbox 604 1908 697 1942; x_wconf 85' lang='lat' dir='ltr'>reducitur</span> <span class='ocrx_word' id='word_1_313' title='bbox 708 1907 727 1943; x_wconf 91' lang='lat' dir='ltr'>in</span> 
     </span>
     <span class='ocr_line' id='line_1_34' title="bbox 26 1954 728 2005; baseline 0 -10"><span class='ocrx_word' id='word_1_314' title='bbox 26 1971 59 1996; x_wconf 87' lang='lat' dir='ltr'>sua</span> <span class='ocrx_word' id='word_1_315' title='bbox 74 1972 115 1996; x_wconf 85' lang='lat' dir='ltr'>cum</span> <span class='ocrx_word' id='word_1_316' title='bbox 128 1960 239 1997; x_wconf 86' lang='lat' dir='ltr'>exultatione</span> <span class='ocrx_word' id='word_1_317' title='bbox 252 1972 333 2003; x_wconf 89' lang='lat' dir='ltr'>suorum,</span> <span class='ocrx_word' id='word_1_318' title='bbox 344 1972 439 2005; x_wconf 87' lang='lat' dir='ltr'>regnoque</span> <span class='ocrx_word' id='word_1_319' title='bbox 451 1960 554 1995; x_wconf 90' lang='lat' dir='ltr'>restituitur</span> <span class='ocrx_word' id='word_1_320' title='bbox 566 1972 605 1996; x_wconf 90' lang='lat' dir='ltr'>suo.</span> <span class='ocrx_word' id='word_1_321' title='bbox 650 1954 728 1996; x_wconf 88' lang='lat' dir='ltr'>Mortua</span> 
     </span>
     <span class='ocr_line' id='line_1_35' title="bbox 25 2013 728 2058; baseline -0.001 -9"><span class='ocrx_word' id='word_1_322' title='bbox 25 2025 89 2049; x_wconf 90' lang='lat' dir='ltr'>sorore</span> <span class='ocrx_word' id='word_1_323' title='bbox 104 2015 138 2049; x_wconf 89' lang='lat' dir='ltr'>viri</span> <span class='ocrx_word' id='word_1_324' title='bbox 154 2014 189 2058; x_wconf 92' lang='lat' dir='ltr'>dei,</span> <span class='ocrx_word' id='word_1_325' title='bbox 205 2025 242 2049; x_wconf 85' lang='lat' dir='ltr'>non</span> <span class='ocrx_word' id='word_1_326' title='bbox 256 2015 399 2058; x_wconf 86' lang='lat' dir='ltr'>pretereundam</span> <span class='ocrx_word' id='word_1_327' title='bbox 414 2015 437 2048; x_wconf 91' lang='lat' dir='ltr'>de</span> <span class='ocrx_word' id='word_1_328' title='bbox 452 2024 474 2048; x_wconf 91' lang='lat' dir='ltr'>ea</span> <span class='ocrx_word' id='word_1_329' title='bbox 489 2013 534 2047; x_wconf 90' lang='lat' dir='ltr'>vidit</span> <span class='ocrx_word' id='word_1_330' title='bbox 548 2013 644 2049; x_wconf 91' lang='lat' dir='ltr'>visionem.</span> <span class='ocrx_word' id='word_1_331' title='bbox 667 2013 728 2048; x_wconf 88' lang='lat' dir='ltr'>Huius</span> 
     </span>
     <span class='ocr_line' id='line_1_36' title="bbox 25 2066 757 2111; baseline -0.001 -9"><span class='ocrx_word' id='word_1_332' title='bbox 25 2068 116 2111; x_wconf 87' lang='lat' dir='ltr'>siquidem</span> <span class='ocrx_word' id='word_1_333' title='bbox 128 2073 204 2102; x_wconf 88' lang='lat' dir='ltr'>sanctus</span> <span class='ocrx_word' id='word_1_334' title='bbox 215 2067 307 2102; x_wconf 86' lang='lat' dir='ltr'>carnalem</span> <span class='ocrx_word' id='word_1_335' title='bbox 319 2067 439 2101; x_wconf 78' lang='lat' dir='ltr'>exhorruerat</span> <span class='ocrx_word' id='word_1_336' title='bbox 450 2067 512 2106; x_wconf 84' lang='lat' dir='ltr'>vitam,</span> <span class='ocrx_word' id='word_1_337' title='bbox 524 2071 542 2099; x_wconf 91' lang='lat' dir='ltr'>et</span> <span class='ocrx_word' id='word_1_338' title='bbox 555 2070 606 2100; x_wconf 91' lang='lat' dir='ltr'>tanto</span> <span class='ocrx_word' id='word_1_339' title='bbox 619 2066 665 2109; x_wconf 89' lang='lat' dir='ltr'>zelo,</span> <span class='ocrx_word' id='word_1_340' title='bbox 676 2071 696 2100; x_wconf 88' lang='lat' dir='ltr'>vt</span> <span class='ocrx_word' id='word_1_341' title='bbox 707 2077 728 2101; x_wconf 88' lang='lat' dir='ltr'>se</span> <span class='ocrx_word' id='word_1_342' title='bbox 737 2076 757 2109; x_wconf 74' lang='lat'>35</span> 
     </span>
     <span class='ocr_line' id='line_1_37' title="bbox 25 2119 729 2162; baseline 0 -7"><span class='ocrx_word' id='word_1_343' title='bbox 25 2121 121 2156; x_wconf 87' lang='lat' dir='ltr'>deuouerit</span> <span class='ocrx_word' id='word_1_344' title='bbox 129 2131 166 2156; x_wconf 90' lang='lat' dir='ltr'>non</span> <span class='ocrx_word' id='word_1_345' title='bbox 173 2120 256 2157; x_wconf 90' lang='lat' dir='ltr'>visurum</span> <span class='ocrx_word' id='word_1_346' title='bbox 264 2131 304 2156; x_wconf 89' lang='lat' dir='ltr'>eam</span> <span class='ocrx_word' id='word_1_347' title='bbox 312 2120 331 2155; x_wconf 89' lang='lat' dir='ltr'>in</span> <span class='ocrx_word' id='word_1_348' title='bbox 340 2130 394 2155; x_wconf 87' lang='lat' dir='ltr'>carne</span> <span class='ocrx_word' id='word_1_349' title='bbox 404 2119 503 2154; x_wconf 87' lang='lat' dir='ltr'>uiuentem.</span> <span class='ocrx_word' id='word_1_350' title='bbox 526 2119 551 2154; x_wconf 87' lang='lat' dir='ltr'>At</span> <span class='ocrx_word' id='word_1_351' title='bbox 559 2120 590 2154; x_wconf 88' lang='lat' dir='ltr'>illa</span> <span class='ocrx_word' id='word_1_352' title='bbox 598 2131 654 2155; x_wconf 89' lang='lat' dir='ltr'>carne</span> <span class='ocrx_word' id='word_1_353' title='bbox 664 2121 729 2162; x_wconf 86' lang='lat' dir='ltr'>soluta,</span> 
     </span>
     <span class='ocr_line' id='line_1_38' title="bbox 25 2172 741 2218; baseline 0 -10"><span class='ocrx_word' id='word_1_354' title='bbox 25 2175 105 2209; x_wconf 88' lang='lat' dir='ltr'>solutum</span> <span class='ocrx_word' id='word_1_355' title='bbox 113 2179 141 2209; x_wconf 90' lang='lat' dir='ltr'>est</span> <span class='ocrx_word' id='word_1_356' title='bbox 149 2179 223 2209; x_wconf 83' lang='lat' dir='ltr'>votum:</span> <span class='ocrx_word' id='word_1_357' title='bbox 234 2179 252 2209; x_wconf 91' lang='lat' dir='ltr'>et</span> <span class='ocrx_word' id='word_1_358' title='bbox 263 2175 311 2218; x_wconf 93' lang='lat' dir='ltr'>cepit</span> <span class='ocrx_word' id='word_1_359' title='bbox 318 2173 381 2208; x_wconf 91' lang='lat' dir='ltr'>videre</span> <span class='ocrx_word' id='word_1_360' title='bbox 388 2173 407 2207; x_wconf 91' lang='lat' dir='ltr'>in</span> <span class='ocrx_word' id='word_1_361' title='bbox 415 2172 480 2218; x_wconf 88' lang='lat' dir='ltr'>spiritu</span> <span class='ocrx_word' id='word_1_362' title='bbox 490 2183 545 2217; x_wconf 86' lang='lat' dir='ltr'>quam</span> <span class='ocrx_word' id='word_1_363' title='bbox 556 2173 575 2208; x_wconf 90' lang='lat' dir='ltr'>in</span> <span class='ocrx_word' id='word_1_364' title='bbox 587 2184 642 2209; x_wconf 87' lang='lat' dir='ltr'>carne</span> <span class='ocrx_word' id='word_1_365' title='bbox 653 2174 711 2209; x_wconf 89' lang='lat' dir='ltr'>noluit</span> <span class='ocrx_word' id='word_1_366' title='bbox 717 2175 729 2209; x_wconf 83' lang='lat'>¹.</span> <span class='ocrx_word' id='word_1_367' title='bbox 739 2175 741 2178; x_wconf 86' lang='lat'>&#39;</span> 
     </span>
     <span class='ocr_line' id='line_1_39' title="bbox 25 2226 729 2272; baseline 0 -10"><span class='ocrx_word' id='word_1_368' title='bbox 25 2228 109 2270; x_wconf 80' lang='lat' dir='ltr'>Quadam</span> <span class='ocrx_word' id='word_1_369' title='bbox 118 2233 172 2263; x_wconf 88' lang='lat' dir='ltr'>nocte</span> <span class='ocrx_word' id='word_1_370' title='bbox 179 2227 249 2263; x_wconf 87' lang='lat' dir='ltr'>audiuit</span> <span class='ocrx_word' id='word_1_371' title='bbox 260 2239 294 2272; x_wconf 88' lang='lat' dir='ltr'>per</span> <span class='ocrx_word' id='word_1_372' title='bbox 301 2237 400 2272; x_wconf 89' lang='lat' dir='ltr'>sompnum</span> <span class='ocrx_word' id='word_1_373' title='bbox 407 2236 472 2261; x_wconf 90' lang='lat' dir='ltr'>vocem</span> <span class='ocrx_word' id='word_1_374' title='bbox 480 2226 515 2261; x_wconf 90' lang='lat' dir='ltr'>sibi</span> <span class='ocrx_word' id='word_1_375' title='bbox 523 2226 622 2269; x_wconf 86' lang='lat' dir='ltr'>dicentem,</span> <span class='ocrx_word' id='word_1_376' title='bbox 634 2227 729 2262; x_wconf 77' lang='lat' dir='ltr'>sororem⁹</span> 
     </span>
     <span class='ocr_line' id='line_1_40' title="bbox 25 2279 729 2323; baseline -0.006 -7"><span class='ocrx_word' id='word_1_377' title='bbox 25 2280 65 2316; x_wconf 90' lang='lat' dir='ltr'>eius</span> <span class='ocrx_word' id='word_1_378' title='bbox 78 2286 128 2316; x_wconf 85' lang='lat' dir='ltr'>stare</span> <span class='ocrx_word' id='word_1_379' title='bbox 139 2282 187 2316; x_wconf 88' lang='lat' dir='ltr'>foras</span> <span class='ocrx_word' id='word_1_380' title='bbox 199 2282 219 2315; x_wconf 92' lang='lat' dir='ltr'>in</span> <span class='ocrx_word' id='word_1_381' title='bbox 230 2281 282 2323; x_wconf 84' lang='lat' dir='ltr'>atrio,</span> <span class='ocrx_word' id='word_1_382' title='bbox 289 2287 308 2316; x_wconf 87' lang='lat' dir='ltr'>et</span> <span class='ocrx_word' id='word_1_383' title='bbox 320 2280 382 2315; x_wconf 83' lang='lat' dir='ltr'>esee¹¹</span> <span class='ocrx_word' id='word_1_384' title='bbox 394 2290 429 2323; x_wconf 88' lang='lat' dir='ltr'>per</span> <span class='ocrx_word' id='word_1_385' title='bbox 440 2284 488 2313; x_wconf 87' lang='lat' dir='ltr'>totos</span> <span class='ocrx_word' id='word_1_386' title='bbox 500 2279 576 2322; x_wconf 84' lang='lat' dir='ltr'>triginta</span> <span class='ocrx_word' id='word_1_387' title='bbox 587 2281 628 2313; x_wconf 88' lang='lat' dir='ltr'>dies</span> <span class='ocrx_word' id='word_1_388' title='bbox 639 2279 709 2323; x_wconf 89' lang='lat' dir='ltr'>[nichil]</span> <span class='ocrx_word' id='word_1_389' title='bbox 716 2280 729 2300; x_wconf 88' lang='lat'>¹¹</span> 
     </span>
     <span class='ocr_line' id='line_1_41' title="bbox 24 2331 757 2378; baseline 0.001 -11"><span class='ocrx_word' id='word_1_390' title='bbox 24 2338 115 2377; x_wconf 82' lang='lat' dir='ltr'>gustasse.</span> <span class='ocrx_word' id='word_1_391' title='bbox 138 2334 174 2376; x_wconf 80' lang='lat' dir='ltr'>Qui</span> <span class='ocrx_word' id='word_1_392' title='bbox 182 2334 277 2378; x_wconf 86' lang='lat' dir='ltr'>euigilans,</span> <span class='ocrx_word' id='word_1_393' title='bbox 285 2333 321 2368; x_wconf 88' lang='lat' dir='ltr'>cito</span> <span class='ocrx_word' id='word_1_394' title='bbox 328 2332 417 2367; x_wconf 84' lang='lat' dir='ltr'>intellexit</span> <span class='ocrx_word' id='word_1_395' title='bbox 425 2332 476 2366; x_wconf 89' lang='lat' dir='ltr'>cuius</span> <span class='ocrx_word' id='word_1_396' title='bbox 483 2332 544 2365; x_wconf 84' lang='lat' dir='ltr'>esce¹¹</span> <span class='ocrx_word' id='word_1_397' title='bbox 552 2331 614 2367; x_wconf 88' lang='lat' dir='ltr'>inedia</span> <span class='ocrx_word' id='word_1_398' title='bbox 625 2338 727 2369; x_wconf 88' lang='lat' dir='ltr'>marceret:</span> <span class='ocrx_word' id='word_1_399' title='bbox 736 2342 757 2374; x_wconf 79' lang='lat'>40</span> 
     </span>
     <span class='ocr_line' id='line_1_42' title="bbox 25 2385 729 2431; baseline -0.003 -7"><span class='ocrx_word' id='word_1_400' title='bbox 25 2391 43 2424; x_wconf 75' lang='lat' dir='ltr'>et</span> <span class='ocrx_word' id='word_1_401' title='bbox 56 2386 153 2430; x_wconf 83' lang='lat' dir='ltr'>diligenter</span> <span class='ocrx_word' id='word_1_402' title='bbox 165 2386 248 2421; x_wconf 88' lang='lat' dir='ltr'>discusso</span> <span class='ocrx_word' id='word_1_403' title='bbox 263 2386 335 2421; x_wconf 88' lang='lat' dir='ltr'>dierum</span> <span class='ocrx_word' id='word_1_404' title='bbox 350 2397 426 2420; x_wconf 91' lang='lat' dir='ltr'>numero</span> <span class='ocrx_word' id='word_1_405' title='bbox 440 2395 496 2430; x_wconf 91' lang='lat' dir='ltr'>quem</span> <span class='ocrx_word' id='word_1_406' title='bbox 510 2387 598 2428; x_wconf 85' lang='lat' dir='ltr'>audierat,</span> <span class='ocrx_word' id='word_1_407' title='bbox 612 2385 673 2431; x_wconf 90' lang='lat' dir='ltr'>ipsum</span> <span class='ocrx_word' id='word_1_408' title='bbox 686 2397 729 2422; x_wconf 87' lang='lat' dir='ltr'>esse</span> 
     </span>
     <span class='ocr_line' id='line_1_43' title="bbox 25 2439 728 2485; baseline 0.001 -12"><span class='ocrx_word' id='word_1_409' title='bbox 25 2440 107 2484; x_wconf 89' lang='lat' dir='ltr'>repperit</span> <span class='ocrx_word' id='word_1_410' title='bbox 115 2451 139 2474; x_wconf 76' lang='lat' dir='ltr'>ex</span> <span class='ocrx_word' id='word_1_411' title='bbox 143 2449 180 2484; x_wconf 89' lang='lat' dir='ltr'>quo</span> <span class='ocrx_word' id='word_1_412' title='bbox 186 2451 220 2484; x_wconf 88' lang='lat' dir='ltr'>pro</span> <span class='ocrx_word' id='word_1_413' title='bbox 228 2451 250 2475; x_wconf 91' lang='lat' dir='ltr'>ea</span> <span class='ocrx_word' id='word_1_414' title='bbox 256 2440 269 2459; x_wconf 83' lang='lat'>¹¹</span> <span class='ocrx_word' id='word_1_415' title='bbox 277 2450 345 2485; x_wconf 89' lang='lat' dir='ltr'>panem</span> <span class='ocrx_word' id='word_1_416' title='bbox 353 2445 372 2474; x_wconf 92' lang='lat' dir='ltr'>et</span> <span class='ocrx_word' id='word_1_417' title='bbox 379 2439 462 2474; x_wconf 84' lang='lat' dir='ltr'>vinum¹¹</span> <span class='ocrx_word' id='word_1_418' title='bbox 469 2450 506 2474; x_wconf 88' lang='lat' dir='ltr'>non</span> <span class='ocrx_word' id='word_1_419' title='bbox 514 2439 615 2474; x_wconf 86' lang='lat' dir='ltr'>obtulisset.</span> <span class='ocrx_word' id='word_1_420' title='bbox 631 2439 683 2474; x_wconf 86' lang='lat' dir='ltr'>Tune</span> <span class='ocrx_word' id='word_1_421' title='bbox 691 2440 728 2484; x_wconf 93' lang='lat' dir='ltr'>ille,</span> 
     </span>
    </p>
   </div>
   <div class='ocr_carea' id='block_1_3' title="bbox 25 2523 729 2639">
    <p class='ocr_par' dir='ltr' id='par_1_4' title="bbox 25 2523 729 2639">
     <span class='ocr_line' id='line_1_44' title="bbox 45 2523 729 2562; baseline 0 -8"><span class='ocrx_word' id='word_1_422' title='bbox 45 2524 126 2555; x_wconf 84' lang='lat' dir='ltr'>¹E.cum.</span> <span class='ocrx_word' id='word_1_423' title='bbox 159 2523 193 2555; x_wconf 59' lang='grc' dir='ltr'>1Ελ</span> <span class='ocrx_word' id='word_1_424' title='bbox 201 2523 268 2562; x_wconf 83' lang='lat' dir='ltr'>quidam.</span> <span class='ocrx_word' id='word_1_425' title='bbox 296 2523 363 2554; x_wconf 70' lang='lat' dir='ltr'>&#39;Rea</span> <span class='ocrx_word' id='word_1_426' title='bbox 387 2523 431 2553; x_wconf 71' lang='lat' dir='ltr'>¹ie.</span> <span class='ocrx_word' id='word_1_427' title='bbox 439 2524 550 2558; x_wconf 66' lang='lat' dir='ltr'>ltlunsterzT.</span> <span class='ocrx_word' id='word_1_428' title='bbox 558 2525 576 2555; x_wconf 85' lang='lat' dir='ltr'>E.</span> <span class='ocrx_word' id='word_1_429' title='bbox 585 2525 663 2555; x_wconf 79' lang='lat' dir='ltr'>Numidia.</span> <span class='ocrx_word' id='word_1_430' title='bbox 694 2525 729 2554; x_wconf 59' lang='lat'>³5</span> 
     </span>
     <span class='ocr_line' id='line_1_45' title="bbox 25 2562 728 2595; baseline 0 -2"><span class='ocrx_word' id='word_1_431' title='bbox 25 2563 104 2594; x_wconf 84' lang='lat' dir='ltr'>humano.</span> <span class='ocrx_word' id='word_1_432' title='bbox 135 2562 231 2594; x_wconf 80' lang='lat' dir='ltr'>⁰om.in&#39;f.</span> <span class='ocrx_word' id='word_1_433' title='bbox 261 2563 401 2595; x_wconf 85' lang='lat' dir='ltr'>⁷Vit.etsisecus.</span> <span class='ocrx_word' id='word_1_434' title='bbox 435 2564 531 2594; x_wconf 72' lang='lat' dir='ltr'>⁸E.voluit.</span> <span class='ocrx_word' id='word_1_435' title='bbox 562 2564 654 2594; x_wconf 79' lang='lat' dir='ltr'>¹E.soror.</span> <span class='ocrx_word' id='word_1_436' title='bbox 688 2563 700 2581; x_wconf 80' lang='lat'>¹⁰</span> <span class='ocrx_word' id='word_1_437' title='bbox 710 2564 728 2594; x_wconf 89' lang='lat' dir='ltr'>T.</span> 
     </span>
     <span class='ocr_line' id='line_1_46' title="bbox 26 2602 729 2639; baseline 0.001 -6"><span class='ocrx_word' id='word_1_438' title='bbox 26 2602 44 2632; x_wconf 85' lang='grc' dir='ltr'>Ε.</span> <span class='ocrx_word' id='word_1_439' title='bbox 52 2613 94 2634; x_wconf 83' lang='lat' dir='ltr'>ecce.</span> <span class='ocrx_word' id='word_1_440' title='bbox 121 2603 133 2620; x_wconf 95' lang='lat'>¹¹</span> <span class='ocrx_word' id='word_1_441' title='bbox 143 2603 161 2634; x_wconf 86' lang='lat' dir='ltr'>E.</span> <span class='ocrx_word' id='word_1_442' title='bbox 169 2603 301 2639; x_wconf 67' lang='lat' dir='ltr'>non5T.nichil.</span> <span class='ocrx_word' id='word_1_443' title='bbox 329 2602 368 2633; x_wconf 80' lang='lat' dir='ltr'>¹²E.</span> <span class='ocrx_word' id='word_1_444' title='bbox 376 2612 416 2633; x_wconf 81' lang='lat' dir='ltr'>esse.</span> <span class='ocrx_word' id='word_1_445' title='bbox 443 2602 516 2634; x_wconf 67' lang='lat' dir='ltr'>”Rea</span> <span class='ocrx_word' id='word_1_446' title='bbox 543 2603 555 2621; x_wconf 88' lang='lat'>¹¹</span> <span class='ocrx_word' id='word_1_447' title='bbox 565 2603 593 2633; x_wconf 85' lang='lat' dir='ltr'>Vit</span> <span class='ocrx_word' id='word_1_448' title='bbox 602 2602 729 2634; x_wconf 85' lang='lat' dir='ltr'>deceloviuum.</span> 
     </span>
    </p>
   </div>
   <div class='ocr_carea' id='block_1_4' title="bbox 0 0 886 2803">
    <p class='ocr_par' dir='ltr' id='par_1_5' title="bbox 0 0 886 2803">
     <span class='ocr_line' id='line_1_47' title="bbox 0 0 886 2803; baseline 0 0"><span class='ocrx_word' id='word_1_449' title='bbox 0 0 886 2803; x_wconf 95' lang='lat' dir='ltr'> </span> 
     </span>
    </p>
   </div>
  </div>
 </body>
</html>
