<?xml version="1.0" encoding="UTF-8"?>
<!DOCTYPE html PUBLIC "-//W3C//DTD XHTML 1.0 Transitional//EN"
    "http://www.w3.org/TR/xhtml1/DTD/xhtml1-transitional.dtd">
<html xmlns="http://www.w3.org/1999/xhtml" xml:lang="en" lang="en">
 <head>
  <title>
</title>
<meta http-equiv="Content-Type" content="text/html;charset=utf-8" />
  <meta name='ocr-system' content='tesseract 3.04.00' />
  <meta name='ocr-capabilities' content='ocr_page ocr_carea ocr_par ocr_line ocrx_word'/>
</head>
<body>
  <div class='ocr_page' id='page_1' title='image "./MN5111ucmf_0/MN5111ucmf_0_0452.png"; bbox 0 0 1762 2803; ppageno 0'>
   <div class='ocr_carea' id='block_1_1' title="bbox 151 141 661 212">
    <p class='ocr_par' dir='ltr' id='par_1_1' title="bbox 151 141 661 212">
     <span class='ocr_line' id='line_1_1' title="bbox 151 141 661 212; baseline 0.01 -21"><span class='ocrx_word' id='word_1_1' title='bbox 151 148 194 202; x_wconf 83' lang='lat'>362</span> <span class='ocrx_word' id='word_1_2' title='bbox 211 207 212 212; x_wconf 8' lang='grc' dir='ltr'>ἵ</span> <span class='ocrx_word' id='word_1_3' title='bbox 341 145 420 198; x_wconf 70' lang='lat' dir='ltr'>mota</span> <span class='ocrx_word' id='word_1_4' title='bbox 435 141 553 205; x_wconf 71' lang='grc'>,11111111</span> <span class='ocrx_word' id='word_1_5' title='bbox 568 141 661 205; x_wconf 69' lang='lat' dir='ltr'>tortia.</span> 
     </span>
    </p>
   </div>
   <div class='ocr_carea' id='block_1_2' title="bbox 440 265 565 304">
    <p class='ocr_par' dir='ltr' id='par_1_2' title="bbox 440 265 565 304">
     <span class='ocr_line' id='line_1_2' title="bbox 440 265 565 304; baseline 0.008 -5"><span class='ocrx_word' id='word_1_6' title='bbox 440 267 455 304; x_wconf 69' lang='grc' dir='ltr'>ἹῘ</span> <span class='ocrx_word' id='word_1_7' title='bbox 465 265 549 300; x_wconf 78' lang='lat' dir='ltr'>Narratio</span> <span class='ocrx_word' id='word_1_8' title='bbox 554 266 565 300; x_wconf 87' lang='lat'>¹.</span> 
     </span>
    </p>
   </div>
   <div class='ocr_carea' id='block_1_3' title="bbox 128 323 857 905">
    <p class='ocr_par' dir='ltr' id='par_1_3' title="bbox 152 323 856 533">
     <span class='ocr_line' id='line_1_3' title="bbox 175 323 855 374; baseline -0.001 -9"><span class='ocrx_word' id='word_1_9' title='bbox 175 323 228 365; x_wconf 87' lang='lat' dir='ltr'>Dum</span> <span class='ocrx_word' id='word_1_10' title='bbox 240 330 314 374; x_wconf 90' lang='lat' dir='ltr'>quidam</span> <span class='ocrx_word' id='word_1_11' title='bbox 327 330 399 365; x_wconf 92' lang='lat' dir='ltr'>curialis</span> <span class='ocrx_word' id='word_1_12' title='bbox 411 330 561 374; x_wconf 87' lang='lat' dir='ltr'>persecucionem</span> <span class='ocrx_word' id='word_1_13' title='bbox 572 328 637 364; x_wconf 87' lang='lat' dir='ltr'>iudicis</span> <span class='ocrx_word' id='word_1_14' title='bbox 648 334 746 373; x_wconf 84' lang='lat' dir='ltr'>pateretur,</span> <span class='ocrx_word' id='word_1_15' title='bbox 755 329 805 365; x_wconf 88' lang='lat' dir='ltr'>uenit</span> <span class='ocrx_word' id='word_1_16' title='bbox 813 341 855 365; x_wconf 85' lang='lat' dir='ltr'>cum</span> 
     </span>
     <span class='ocr_line' id='line_1_4' title="bbox 152 382 855 427; baseline -0.001 -9"><span class='ocrx_word' id='word_1_17' title='bbox 152 384 202 418; x_wconf 91' lang='lat' dir='ltr'>omni</span> <span class='ocrx_word' id='word_1_18' title='bbox 218 385 272 418; x_wconf 91' lang='lat' dir='ltr'>domo</span> <span class='ocrx_word' id='word_1_19' title='bbox 287 395 321 418; x_wconf 87' lang='lat' dir='ltr'>sua</span> <span class='ocrx_word' id='word_1_20' title='bbox 335 384 358 418; x_wconf 91' lang='lat' dir='ltr'>ad</span> <span class='ocrx_word' id='word_1_21' title='bbox 373 383 516 418; x_wconf 87' lang='lat' dir='ltr'>monasterium:</span> <span class='ocrx_word' id='word_1_22' title='bbox 534 389 552 418; x_wconf 93' lang='lat' dir='ltr'>et</span> <span class='ocrx_word' id='word_1_23' title='bbox 565 382 640 417; x_wconf 86' lang='lat' dir='ltr'>incurrit</span> <span class='ocrx_word' id='word_1_24' title='bbox 653 382 739 417; x_wconf 90' lang='lat' dir='ltr'>diaconus</span> <span class='ocrx_word' id='word_1_25' title='bbox 751 384 825 427; x_wconf 89' lang='lat' dir='ltr'>quidam</span> <span class='ocrx_word' id='word_1_26' title='bbox 836 383 855 417; x_wconf 93' lang='lat' dir='ltr'>in</span> 
     </span>
     <span class='ocr_line' id='line_1_5' title="bbox 152 434 855 479; baseline -0.001 -8"><span class='ocrx_word' id='word_1_27' title='bbox 152 437 248 472; x_wconf 88' lang='lat' dir='ltr'>mulierem</span> <span class='ocrx_word' id='word_1_28' title='bbox 260 436 304 479; x_wconf 86' lang='lat' dir='ltr'>eius,</span> <span class='ocrx_word' id='word_1_29' title='bbox 313 441 331 471; x_wconf 92' lang='lat' dir='ltr'>et</span> <span class='ocrx_word' id='word_1_30' title='bbox 342 436 389 471; x_wconf 82' lang='lat' dir='ltr'>sacta</span> <span class='ocrx_word' id='word_1_31' title='bbox 400 441 428 470; x_wconf 89' lang='lat' dir='ltr'>est</span> <span class='ocrx_word' id='word_1_32' title='bbox 439 435 524 470; x_wconf 87' lang='lat' dir='ltr'>omnibus</span> <span class='ocrx_word' id='word_1_33' title='bbox 535 435 621 470; x_wconf 84' lang='lat' dir='ltr'>fratribus</span> <span class='ocrx_word' id='word_1_34' title='bbox 632 434 718 470; x_wconf 82' lang='lat' dir='ltr'>confusio.</span> <span class='ocrx_word' id='word_1_35' title='bbox 741 435 775 470; x_wconf 90' lang='lat' dir='ltr'>llle</span> <span class='ocrx_word' id='word_1_36' title='bbox 782 434 825 470; x_wconf 87' lang='lat' dir='ltr'>abiit</span> <span class='ocrx_word' id='word_1_37' title='bbox 833 436 855 470; x_wconf 92' lang='lat' dir='ltr'>ad</span> 
     </span>
     <span class='ocr_line' id='line_1_6' title="bbox 153 488 856 533; baseline -0.004 -10"><span class='ocrx_word' id='word_1_38' title='bbox 153 490 245 533; x_wconf 85' lang='lat' dir='ltr'>quendam</span> <span class='ocrx_word' id='word_1_39' title='bbox 253 499 317 523; x_wconf 87' lang='lat' dir='ltr'>senem</span> <span class='ocrx_word' id='word_1_40' title='bbox 325 495 343 523; x_wconf 93' lang='lat' dir='ltr'>et</span> <span class='ocrx_word' id='word_1_41' title='bbox 350 488 436 522; x_wconf 90' lang='lat' dir='ltr'>indicauit</span> <span class='ocrx_word' id='word_1_42' title='bbox 444 489 460 523; x_wconf 93' lang='lat' dir='ltr'>ei</span> <span class='ocrx_word' id='word_1_43' title='bbox 469 499 519 530; x_wconf 91' lang='lat' dir='ltr'>rem;</span> <span class='ocrx_word' id='word_1_44' title='bbox 537 494 555 522; x_wconf 95' lang='lat' dir='ltr'>et</span> <span class='ocrx_word' id='word_1_45' title='bbox 566 489 640 522; x_wconf 90' lang='lat' dir='ltr'>intrauit</span> <span class='ocrx_word' id='word_1_46' title='bbox 647 489 666 522; x_wconf 93' lang='lat' dir='ltr'>in</span> <span class='ocrx_word' id='word_1_47' title='bbox 678 489 774 522; x_wconf 82' lang='lat' dir='ltr'>obscuram</span> <span class='ocrx_word' id='word_1_48' title='bbox 786 489 856 530; x_wconf 86' lang='lat' dir='ltr'>cellam,</span> 
     </span>
    </p>

    <p class='ocr_par' dir='ltr' id='par_1_4' title="bbox 136 541 857 799">
     <span class='ocr_line' id='line_1_7' title="bbox 136 541 856 587; baseline 0 -11"><span class='ocrx_word' id='word_1_49' title='bbox 136 549 144 579; x_wconf 91' lang='lat'><strong>5</strong></span> <span class='ocrx_word' id='word_1_50' title='bbox 153 542 197 576; x_wconf 90' lang='lat' dir='ltr'>etin</span> <span class='ocrx_word' id='word_1_51' title='bbox 205 542 280 576; x_wconf 87' lang='lat' dir='ltr'>ueritate</span> <span class='ocrx_word' id='word_1_52' title='bbox 289 542 410 587; x_wconf 80' lang='lat' dir='ltr'>penitenciam</span> <span class='ocrx_word' id='word_1_53' title='bbox 418 542 460 586; x_wconf 84' lang='lat' dir='ltr'>egit.</span> <span class='ocrx_word' id='word_1_54' title='bbox 483 541 563 586; x_wconf 80' lang='lat' dir='ltr'>Contigit</span> <span class='ocrx_word' id='word_1_55' title='bbox 573 546 633 575; x_wconf 89' lang='lat' dir='ltr'>autem</span> <span class='ocrx_word' id='word_1_56' title='bbox 644 547 664 574; x_wconf 94' lang='lat' dir='ltr'>ut</span> <span class='ocrx_word' id='word_1_57' title='bbox 675 547 717 586; x_wconf 90' lang='lat' dir='ltr'>post</span> <span class='ocrx_word' id='word_1_58' title='bbox 726 541 804 575; x_wconf 90' lang='lat' dir='ltr'>multum</span> <span class='ocrx_word' id='word_1_59' title='bbox 811 547 856 576; x_wconf 89' lang='lat' dir='ltr'>tem·</span> 
     </span>
     <span class='ocr_line' id='line_1_8' title="bbox 153 595 856 641; baseline 0 -12"><span class='ocrx_word' id='word_1_60' title='bbox 153 595 203 641; x_wconf 90' lang='lat' dir='ltr'>poris</span> <span class='ocrx_word' id='word_1_61' title='bbox 213 607 250 630; x_wconf 95' lang='lat' dir='ltr'>non</span> <span class='ocrx_word' id='word_1_62' title='bbox 258 597 366 631; x_wconf 86' lang='lat' dir='ltr'>ascenderet</span> <span class='ocrx_word' id='word_1_63' title='bbox 377 607 423 639; x_wconf 89' lang='lat' dir='ltr'>aqua</span> <span class='ocrx_word' id='word_1_64' title='bbox 434 597 452 630; x_wconf 95' lang='lat' dir='ltr'>in</span> <span class='ocrx_word' id='word_1_65' title='bbox 463 595 539 630; x_wconf 88' lang='lat' dir='ltr'>flumine</span> <span class='ocrx_word' id='word_1_66' title='bbox 548 595 594 630; x_wconf 91' lang='lat' dir='ltr'>Nilo.</span> <span class='ocrx_word' id='word_1_67' title='bbox 618 595 640 629; x_wconf 92' lang='lat' dir='ltr'>Et</span> <span class='ocrx_word' id='word_1_68' title='bbox 651 606 692 629; x_wconf 92' lang='lat' dir='ltr'>cum</span> <span class='ocrx_word' id='word_1_69' title='bbox 704 606 768 630; x_wconf 89' lang='lat' dir='ltr'>omnes</span> <span class='ocrx_word' id='word_1_70' title='bbox 779 595 856 630; x_wconf 89' lang='lat' dir='ltr'>letanias</span> 
     </span>
     <span class='ocr_line' id='line_1_9' title="bbox 153 648 857 692; baseline -0.001 -9"><span class='ocrx_word' id='word_1_71' title='bbox 153 650 239 689; x_wconf 88' lang='lat' dir='ltr'>facerent,</span> <span class='ocrx_word' id='word_1_72' title='bbox 247 650 348 684; x_wconf 87' lang='lat' dir='ltr'>reuelatum</span> <span class='ocrx_word' id='word_1_73' title='bbox 355 655 384 683; x_wconf 91' lang='lat' dir='ltr'>est</span> <span class='ocrx_word' id='word_1_74' title='bbox 392 649 465 684; x_wconf 88' lang='lat' dir='ltr'>cuidam</span> <span class='ocrx_word' id='word_1_75' title='bbox 472 655 577 683; x_wconf 87' lang='lat' dir='ltr'>sanctorum</span> <span class='ocrx_word' id='word_1_76' title='bbox 585 648 628 692; x_wconf 80' lang='lat' dir='ltr'>quia</span> <span class='ocrx_word' id='word_1_77' title='bbox 636 649 680 683; x_wconf 84' lang='lat' dir='ltr'>‘nisi</span> <span class='ocrx_word' id='word_1_78' title='bbox 690 648 761 683; x_wconf 89' lang='lat' dir='ltr'>uenerit</span> <span class='ocrx_word' id='word_1_79' title='bbox 769 649 857 683; x_wconf 90' lang='lat' dir='ltr'>diaconus</span> 
     </span>
     <span class='ocr_line' id='line_1_10' title="bbox 154 702 856 746; baseline -0.003 -10"><span class='ocrx_word' id='word_1_80' title='bbox 154 703 185 746; x_wconf 91' lang='lat' dir='ltr'>qui</span> <span class='ocrx_word' id='word_1_81' title='bbox 192 704 292 736; x_wconf 87' lang='lat' dir='ltr'>absconsus</span> <span class='ocrx_word' id='word_1_82' title='bbox 300 708 328 736; x_wconf 88' lang='lat' dir='ltr'>est</span> <span class='ocrx_word' id='word_1_83' title='bbox 335 703 384 745; x_wconf 89' lang='lat' dir='ltr'>apud</span> <span class='ocrx_word' id='word_1_84' title='bbox 390 703 445 736; x_wconf 91' lang='lat' dir='ltr'>talem</span> <span class='ocrx_word' id='word_1_85' title='bbox 453 702 568 744; x_wconf 86' lang='lat' dir='ltr'>monachum,</span> <span class='ocrx_word' id='word_1_86' title='bbox 574 712 611 735; x_wconf 90' lang='lat' dir='ltr'>non</span> <span class='ocrx_word' id='word_1_87' title='bbox 619 703 706 735; x_wconf 83' lang='lat' dir='ltr'>ascendet</span> <span class='ocrx_word' id='word_1_88' title='bbox 711 702 792 735; x_wconf 84' lang='lat' dir='ltr'>fluminis</span> <span class='ocrx_word' id='word_1_89' title='bbox 799 703 856 745; x_wconf 87' lang='lat' dir='ltr'>aqna.&#39;</span> 
     </span>
     <span class='ocr_line' id='line_1_11' title="bbox 155 755 856 799; baseline 0 -10"><span class='ocrx_word' id='word_1_90' title='bbox 155 756 208 798; x_wconf 83' lang='lat' dir='ltr'>Quod</span> <span class='ocrx_word' id='word_1_91' title='bbox 220 766 262 790; x_wconf 91' lang='lat' dir='ltr'>cum</span> <span class='ocrx_word' id='word_1_92' title='bbox 273 756 372 797; x_wconf 85' lang='lat' dir='ltr'>audissent,</span> <span class='ocrx_word' id='word_1_93' title='bbox 380 756 463 790; x_wconf 91' lang='lat' dir='ltr'>admirati</span> <span class='ocrx_word' id='word_1_94' title='bbox 475 760 522 798; x_wconf 90' lang='lat' dir='ltr'>sunt,</span> <span class='ocrx_word' id='word_1_95' title='bbox 531 761 549 789; x_wconf 95' lang='lat' dir='ltr'>et</span> <span class='ocrx_word' id='word_1_96' title='bbox 560 755 652 790; x_wconf 89' lang='lat' dir='ltr'>eiecerunt</span> <span class='ocrx_word' id='word_1_97' title='bbox 663 765 705 789; x_wconf 90' lang='lat' dir='ltr'>enm</span> <span class='ocrx_word' id='word_1_98' title='bbox 715 756 738 789; x_wconf 92' lang='lat' dir='ltr'>de</span> <span class='ocrx_word' id='word_1_99' title='bbox 747 755 786 789; x_wconf 93' lang='lat' dir='ltr'>loco</span> <span class='ocrx_word' id='word_1_100' title='bbox 794 756 813 789; x_wconf 93' lang='lat' dir='ltr'>in</span> <span class='ocrx_word' id='word_1_101' title='bbox 821 766 856 799; x_wconf 89' lang='lat' dir='ltr'>quo</span> 
     </span>
    </p>

    <p class='ocr_par' dir='ltr' id='par_1_5' title="bbox 128 808 857 905">
     <span class='ocr_line' id='line_1_12' title="bbox 128 808 857 852; baseline -0.001 -10"><span class='ocrx_word' id='word_1_102' title='bbox 128 821 146 842; x_wconf 78' lang='lat' dir='ltr'>io</span> <span class='ocrx_word' id='word_1_103' title='bbox 155 814 203 843; x_wconf 91' lang='lat' dir='ltr'>erat:</span> <span class='ocrx_word' id='word_1_104' title='bbox 216 814 234 843; x_wconf 94' lang='lat' dir='ltr'>et</span> <span class='ocrx_word' id='word_1_105' title='bbox 243 809 306 849; x_wconf 87' lang='lat' dir='ltr'>orauit,</span> <span class='ocrx_word' id='word_1_106' title='bbox 315 815 333 843; x_wconf 91' lang='lat' dir='ltr'>et</span> <span class='ocrx_word' id='word_1_107' title='bbox 345 819 392 852; x_wconf 89' lang='lat' dir='ltr'>aqua</span> <span class='ocrx_word' id='word_1_108' title='bbox 404 808 491 843; x_wconf 88' lang='lat' dir='ltr'>ascendit.</span> <span class='ocrx_word' id='word_1_109' title='bbox 514 809 537 841; x_wconf 89' lang='lat' dir='ltr'>Et</span> <span class='ocrx_word' id='word_1_110' title='bbox 547 808 694 852; x_wconf 87' lang='lat' dir='ltr'>glorificauerunt</span> <span class='ocrx_word' id='word_1_111' title='bbox 703 818 768 841; x_wconf 93' lang='lat' dir='ltr'>omnes</span> <span class='ocrx_word' id='word_1_112' title='bbox 776 809 831 842; x_wconf 88' lang='lat' dir='ltr'>deum</span> <span class='ocrx_word' id='word_1_113' title='bbox 839 813 857 842; x_wconf 94' lang='lat' dir='ltr'>et</span> 
     </span>
     <span class='ocr_line' id='line_1_13' title="bbox 155 861 482 905; baseline 0 -11"><span class='ocrx_word' id='word_1_114' title='bbox 155 862 233 894; x_wconf 88' lang='lat' dir='ltr'>edificati</span> <span class='ocrx_word' id='word_1_115' title='bbox 242 866 284 894; x_wconf 90' lang='lat' dir='ltr'>sunt</span> <span class='ocrx_word' id='word_1_116' title='bbox 292 862 310 893; x_wconf 90' lang='lat' dir='ltr'>in</span> <span class='ocrx_word' id='word_1_117' title='bbox 318 861 422 905; x_wconf 85' lang='lat' dir='ltr'>penitencia</span> <span class='ocrx_word' id='word_1_118' title='bbox 430 861 482 903; x_wconf 79' lang='lat' dir='ltr'>eius]</span> 
     </span>
    </p>
   </div>
   <div class='ocr_carea' id='block_1_4' title="bbox 308 953 705 998">
    <p class='ocr_par' dir='ltr' id='par_1_6' title="bbox 308 953 705 998">
     <span class='ocr_line' id='line_1_14' title="bbox 308 953 705 998; baseline -0.005 -3"><span class='ocrx_word' id='word_1_119' title='bbox 308 962 322 998; x_wconf 64' lang='grc'>11</span> <span class='ocrx_word' id='word_1_120' title='bbox 335 954 369 995; x_wconf 80' lang='lat' dir='ltr'>DE</span> <span class='ocrx_word' id='word_1_121' title='bbox 380 970 451 994; x_wconf 74' lang='lat' dir='ltr'>sancto</span> <span class='ocrx_word' id='word_1_122' title='bbox 463 953 560 994; x_wconf 81' lang='lat' dir='ltr'>EDWOLDO</span> <span class='ocrx_word' id='word_1_123' title='bbox 572 959 705 993; x_wconf 60' lang='lat' dir='ltr'>courassonffl.</span> 
     </span>
    </p>
   </div>
   <div class='ocr_carea' id='block_1_5' title="bbox 131 1023 859 1387">
    <p class='ocr_par' dir='ltr' id='par_1_7' title="bbox 131 1023 859 1387">
     <span class='ocr_line' id='line_1_15' title="bbox 160 1023 857 1102; baseline -0.001 -44"><span class='ocrx_word' id='word_1_124' title='bbox 160 1024 247 1102; x_wconf 77' lang='lat' dir='ltr'>Miles</span> <span class='ocrx_word' id='word_1_125' title='bbox 259 1025 327 1058; x_wconf 84' lang='lat' dir='ltr'>Christi</span> <span class='ocrx_word' id='word_1_126' title='bbox 340 1025 439 1058; x_wconf 88' lang='lat' dir='ltr'>Edwoldus</span> <span class='ocrx_word' id='word_1_127' title='bbox 452 1024 510 1058; x_wconf 87' lang='lat' dir='ltr'>sancti</span> <span class='ocrx_word' id='word_1_128' title='bbox 522 1024 570 1068; x_wconf 85' lang='lat' dir='ltr'>regis</span> <span class='ocrx_word' id='word_1_129' title='bbox 582 1029 600 1057; x_wconf 86' lang='lat' dir='ltr'>et</span> <span class='ocrx_word' id='word_1_130' title='bbox 612 1024 698 1067; x_wconf 88' lang='lat' dir='ltr'>martyris</span> <span class='ocrx_word' id='word_1_131' title='bbox 711 1023 803 1057; x_wconf 86' lang='lat' dir='ltr'>Edmundi</span> <span class='ocrx_word' id='word_1_132' title='bbox 816 1034 857 1067; x_wconf 88' lang='lat' dir='ltr'>per-</span> 
     </span>
     <span class='ocr_line' id='line_1_16' title="bbox 232 1076 856 1121; baseline 0 -10"><span class='ocrx_word' id='word_1_133' title='bbox 232 1078 304 1112; x_wconf 88' lang='lat' dir='ltr'>hibetur</span> <span class='ocrx_word' id='word_1_134' title='bbox 318 1078 374 1112; x_wconf 84' lang='lat' dir='ltr'>suisse</span> <span class='ocrx_word' id='word_1_135' title='bbox 387 1089 491 1121; x_wconf 84' lang='lat' dir='ltr'>germanus.</span> <span class='ocrx_word' id='word_1_136' title='bbox 515 1077 553 1111; x_wconf 89' lang='lat' dir='ltr'>Nec</span> <span class='ocrx_word' id='word_1_137' title='bbox 566 1076 620 1110; x_wconf 88' lang='lat' dir='ltr'>altius</span> <span class='ocrx_word' id='word_1_138' title='bbox 631 1077 725 1121; x_wconf 89' lang='lat' dir='ltr'>querenda</span> <span class='ocrx_word' id='word_1_139' title='bbox 737 1082 765 1110; x_wconf 92' lang='lat' dir='ltr'>est</span> <span class='ocrx_word' id='word_1_140' title='bbox 779 1077 798 1110; x_wconf 91' lang='lat' dir='ltr'>in</span> <span class='ocrx_word' id='word_1_141' title='bbox 810 1076 856 1111; x_wconf 69' lang='lat' dir='ltr'>hoc³</span> 
     </span>
     <span class='ocr_line' id='line_1_17' title="bbox 157 1129 858 1175; baseline -0.003 -10"><span class='ocrx_word' id='word_1_142' title='bbox 157 1132 219 1166; x_wconf 86' lang='lat' dir='ltr'>seculo</span> <span class='ocrx_word' id='word_1_143' title='bbox 228 1131 267 1165; x_wconf 92' lang='lat' dir='ltr'>eius</span> <span class='ocrx_word' id='word_1_144' title='bbox 275 1130 394 1174; x_wconf 85' lang='lat' dir='ltr'>generositas,</span> <span class='ocrx_word' id='word_1_145' title='bbox 403 1142 457 1175; x_wconf 90' lang='lat' dir='ltr'>quam</span> <span class='ocrx_word' id='word_1_146' title='bbox 465 1129 510 1164; x_wconf 86' lang='lat' dir='ltr'>tanti</span> <span class='ocrx_word' id='word_1_147' title='bbox 520 1130 569 1174; x_wconf 82' lang='lat' dir='ltr'>regis</span> <span class='ocrx_word' id='word_1_148' title='bbox 580 1130 696 1164; x_wconf 85' lang='lat' dir='ltr'>commendat</span> <span class='ocrx_word' id='word_1_149' title='bbox 707 1130 771 1164; x_wconf 90' lang='lat' dir='ltr'>eadem</span> <span class='ocrx_word' id='word_1_150' title='bbox 779 1129 830 1174; x_wconf 86' lang='lat' dir='ltr'>regia</span> <span class='ocrx_word' id='word_1_151' title='bbox 840 1135 858 1164; x_wconf 92' lang='lat' dir='ltr'>et</span> 
     </span>
     <span class='ocr_line' id='line_1_18' title="bbox 131 1183 858 1228; baseline -0.004 -9"><span class='ocrx_word' id='word_1_152' title='bbox 131 1190 148 1220; x_wconf 84' lang='lat'>15</span> <span class='ocrx_word' id='word_1_153' title='bbox 158 1195 246 1228; x_wconf 85' lang='lat' dir='ltr'>germana</span> <span class='ocrx_word' id='word_1_154' title='bbox 257 1185 371 1224; x_wconf 85' lang='lat' dir='ltr'>sublimitas;</span> <span class='ocrx_word' id='word_1_155' title='bbox 383 1195 417 1217; x_wconf 90' lang='lat' dir='ltr'>nec</span> <span class='ocrx_word' id='word_1_156' title='bbox 425 1184 462 1218; x_wconf 88' lang='lat' dir='ltr'>vite</span> <span class='ocrx_word' id='word_1_157' title='bbox 474 1184 532 1226; x_wconf 89' lang='lat' dir='ltr'>ipsius</span> <span class='ocrx_word' id='word_1_158' title='bbox 543 1183 627 1226; x_wconf 89' lang='lat' dir='ltr'>preclara</span> <span class='ocrx_word' id='word_1_159' title='bbox 638 1183 724 1217; x_wconf 85' lang='lat' dir='ltr'>sanctitas</span> <span class='ocrx_word' id='word_1_160' title='bbox 736 1189 764 1216; x_wconf 92' lang='lat' dir='ltr'>est</span> <span class='ocrx_word' id='word_1_161' title='bbox 774 1183 858 1217; x_wconf 90' lang='lat' dir='ltr'>dissimu-</span> 
     </span>
     <span class='ocr_line' id='line_1_19' title="bbox 157 1234 858 1280; baseline 0 -11"><span class='ocrx_word' id='word_1_162' title='bbox 157 1237 217 1278; x_wconf 87' lang='lat' dir='ltr'>landa,</span> <span class='ocrx_word' id='word_1_163' title='bbox 229 1247 284 1279; x_wconf 86' lang='lat' dir='ltr'>quam</span> <span class='ocrx_word' id='word_1_164' title='bbox 296 1242 333 1269; x_wconf 86' lang='lat' dir='ltr'>tam</span> <span class='ocrx_word' id='word_1_165' title='bbox 344 1235 424 1279; x_wconf 86' lang='lat' dir='ltr'>preciosi</span> <span class='ocrx_word' id='word_1_166' title='bbox 437 1235 524 1280; x_wconf 88' lang='lat' dir='ltr'>martyris</span> <span class='ocrx_word' id='word_1_167' title='bbox 536 1235 616 1268; x_wconf 81' lang='lat' dir='ltr'>fraterna</span> <span class='ocrx_word' id='word_1_168' title='bbox 627 1246 694 1268; x_wconf 88' lang='lat' dir='ltr'>corona</span> <span class='ocrx_word' id='word_1_169' title='bbox 707 1234 789 1269; x_wconf 82' lang='lat' dir='ltr'>illustrat.</span> <span class='ocrx_word' id='word_1_170' title='bbox 812 1236 858 1269; x_wconf 89' lang='lat' dir='ltr'>Cum</span> 
     </span>
     <span class='ocr_line' id='line_1_20' title="bbox 157 1288 858 1335; baseline -0.003 -12"><span class='ocrx_word' id='word_1_171' title='bbox 157 1291 213 1335; x_wconf 84' lang='lat' dir='ltr'>igitur</span> <span class='ocrx_word' id='word_1_172' title='bbox 221 1295 270 1323; x_wconf 90' lang='lat' dir='ltr'>esset</span> <span class='ocrx_word' id='word_1_173' title='bbox 281 1290 344 1323; x_wconf 91' lang='lat' dir='ltr'>beatus</span> <span class='ocrx_word' id='word_1_174' title='bbox 353 1289 462 1323; x_wconf 86' lang='lat' dir='ltr'>Edmundus</span> <span class='ocrx_word' id='word_1_175' title='bbox 469 1294 506 1322; x_wconf 88' lang='lat' dir='ltr'>tam</span> <span class='ocrx_word' id='word_1_176' title='bbox 515 1289 609 1322; x_wconf 86' lang='lat' dir='ltr'>sanctitate</span> <span class='ocrx_word' id='word_1_177' title='bbox 617 1299 672 1332; x_wconf 88' lang='lat' dir='ltr'>qnam</span> <span class='ocrx_word' id='word_1_178' title='bbox 680 1288 765 1333; x_wconf 87' lang='lat' dir='ltr'>prosapia</span> <span class='ocrx_word' id='word_1_179' title='bbox 775 1288 858 1332; x_wconf 86' lang='lat' dir='ltr'>insignis,</span> 
     </span>
     <span class='ocr_line' id='line_1_21' title="bbox 158 1341 859 1387; baseline -0.001 -10"><span class='ocrx_word' id='word_1_180' title='bbox 158 1350 195 1378; x_wconf 86' lang='lat' dir='ltr'>tam</span> <span class='ocrx_word' id='word_1_181' title='bbox 207 1343 314 1377; x_wconf 87' lang='lat' dir='ltr'>liberalitate</span> <span class='ocrx_word' id='word_1_182' title='bbox 326 1354 381 1387; x_wconf 88' lang='lat' dir='ltr'>quam</span> <span class='ocrx_word' id='word_1_183' title='bbox 393 1343 479 1386; x_wconf 89' lang='lat' dir='ltr'>operibus</span> <span class='ocrx_word' id='word_1_184' title='bbox 492 1342 573 1384; x_wconf 90' lang='lat' dir='ltr'>illustris,</span> <span class='ocrx_word' id='word_1_185' title='bbox 584 1347 622 1375; x_wconf 87' lang='lat' dir='ltr'>tam</span> <span class='ocrx_word' id='word_1_186' title='bbox 634 1341 746 1386; x_wconf 83' lang='lat' dir='ltr'>benignitate</span> <span class='ocrx_word' id='word_1_187' title='bbox 759 1353 814 1386; x_wconf 84' lang='lat' dir='ltr'>quani</span> <span class='ocrx_word' id='word_1_188' title='bbox 826 1353 859 1386; x_wconf 89' lang='lat' dir='ltr'>po-</span> 
     </span>
    </p>
   </div>
   <div class='ocr_carea' id='block_1_6' title="bbox 131 1395 866 2553">
    <p class='ocr_par' dir='ltr' id='par_1_8' title="bbox 131 1395 866 2553">
     <span class='ocr_line' id='line_1_22' title="bbox 158 1395 859 1436; baseline -0.004 -5"><span class='ocrx_word' id='word_1_189' title='bbox 158 1397 215 1431; x_wconf 90' lang='lat' dir='ltr'>tentia</span> <span class='ocrx_word' id='word_1_190' title='bbox 229 1396 355 1436; x_wconf 62' lang='lat' dir='ltr'>venerabilis,</span> <span class='ocrx_word' id='word_1_191' title='bbox 367 1396 431 1429; x_wconf 84' lang='lat' dir='ltr'>beatus</span> <span class='ocrx_word' id='word_1_192' title='bbox 447 1395 547 1429; x_wconf 84' lang='lat' dir='ltr'>Edwoldus</span> <span class='ocrx_word' id='word_1_193' title='bbox 563 1397 640 1429; x_wconf 92' lang='lat' dir='ltr'>deuotus</span> <span class='ocrx_word' id='word_1_194' title='bbox 655 1395 735 1429; x_wconf 89' lang='lat' dir='ltr'>imitator</span> <span class='ocrx_word' id='word_1_195' title='bbox 749 1401 767 1428; x_wconf 91' lang='lat' dir='ltr'>et</span> <span class='ocrx_word' id='word_1_196' title='bbox 783 1395 859 1428; x_wconf 88' lang='lat' dir='ltr'>coheres</span> 
     </span>
     <span class='ocr_line' id='line_1_23' title="bbox 131 1448 860 1491; baseline -0.003 -7"><span class='ocrx_word' id='word_1_197' title='bbox 131 1459 150 1480; x_wconf 83' lang='lat'>20</span> <span class='ocrx_word' id='word_1_198' title='bbox 158 1451 244 1485; x_wconf 90' lang='lat' dir='ltr'>virtutum</span> <span class='ocrx_word' id='word_1_199' title='bbox 257 1449 315 1483; x_wconf 81' lang='lat' dir='ltr'>extitit</span> <span class='ocrx_word' id='word_1_200' title='bbox 331 1449 397 1483; x_wconf 91' lang='lat' dir='ltr'>fratris.</span> <span class='ocrx_word' id='word_1_201' title='bbox 420 1449 441 1483; x_wconf 91' lang='lat' dir='ltr'>In</span> <span class='ocrx_word' id='word_1_202' title='bbox 457 1448 497 1491; x_wconf 90' lang='lat' dir='ltr'>ipsa</span> <span class='ocrx_word' id='word_1_203' title='bbox 511 1448 634 1483; x_wconf 88' lang='lat' dir='ltr'>adolescentia</span> <span class='ocrx_word' id='word_1_204' title='bbox 649 1449 697 1491; x_wconf 90' lang='lat' dir='ltr'>cepit</span> <span class='ocrx_word' id='word_1_205' title='bbox 712 1459 748 1491; x_wconf 88' lang='lat' dir='ltr'>que</span> <span class='ocrx_word' id='word_1_206' title='bbox 764 1448 793 1482; x_wconf 90' lang='lat' dir='ltr'>dei</span> <span class='ocrx_word' id='word_1_207' title='bbox 808 1454 860 1482; x_wconf 90' lang='lat' dir='ltr'>erant</span> 
     </span>
     <span class='ocr_line' id='line_1_24' title="bbox 159 1501 859 1544; baseline -0.004 -7"><span class='ocrx_word' id='word_1_208' title='bbox 159 1514 225 1543; x_wconf 87' lang='lat' dir='ltr'>amare,</span> <span class='ocrx_word' id='word_1_209' title='bbox 238 1513 300 1535; x_wconf 86' lang='lat' dir='ltr'>sacras</span> <span class='ocrx_word' id='word_1_210' title='bbox 314 1502 424 1535; x_wconf 88' lang='lat' dir='ltr'>eruditiones</span> <span class='ocrx_word' id='word_1_211' title='bbox 437 1512 559 1544; x_wconf 87' lang='lat' dir='ltr'>supernorum</span> <span class='ocrx_word' id='word_1_212' title='bbox 573 1501 681 1544; x_wconf 86' lang='lat' dir='ltr'>gaudiorum</span> <span class='ocrx_word' id='word_1_213' title='bbox 695 1501 778 1535; x_wconf 90' lang='lat' dir='ltr'>sitienter</span> <span class='ocrx_word' id='word_1_214' title='bbox 790 1501 859 1543; x_wconf 88' lang='lat' dir='ltr'>audire,</span> 
     </span>
     <span class='ocr_line' id='line_1_25' title="bbox 159 1553 860 1596; baseline -0.004 -7"><span class='ocrx_word' id='word_1_215' title='bbox 159 1561 241 1590; x_wconf 84' lang='lat' dir='ltr'>sanctam</span> <span class='ocrx_word' id='word_1_216' title='bbox 256 1555 352 1588; x_wconf 88' lang='lat' dir='ltr'>ecclesiam</span> <span class='ocrx_word' id='word_1_217' title='bbox 368 1555 433 1595; x_wconf 89' lang='lat' dir='ltr'>colere,</span> <span class='ocrx_word' id='word_1_218' title='bbox 445 1553 568 1596; x_wconf 81' lang='lat' dir='ltr'>indigentibus</span> <span class='ocrx_word' id='word_1_219' title='bbox 583 1553 645 1587; x_wconf 87' lang='lat' dir='ltr'>auxilii</span> <span class='ocrx_word' id='word_1_220' title='bbox 659 1559 677 1587; x_wconf 91' lang='lat' dir='ltr'>et</span> <span class='ocrx_word' id='word_1_221' title='bbox 692 1553 779 1596; x_wconf 84' lang='lat' dir='ltr'>largitatis</span> <span class='ocrx_word' id='word_1_222' title='bbox 794 1563 860 1587; x_wconf 89' lang='lat' dir='ltr'>manus</span> 
     </span>
     <span class='ocr_line' id='line_1_26' title="bbox 160 1605 860 1652; baseline -0.003 -11"><span class='ocrx_word' id='word_1_223' title='bbox 160 1607 260 1652; x_wconf 86' lang='lat' dir='ltr'>porrigere,</span> <span class='ocrx_word' id='word_1_224' title='bbox 271 1607 357 1650; x_wconf 87' lang='lat' dir='ltr'>paulatim</span> <span class='ocrx_word' id='word_1_225' title='bbox 369 1606 469 1640; x_wconf 89' lang='lat' dir='ltr'>secularem</span> <span class='ocrx_word' id='word_1_226' title='bbox 480 1616 567 1650; x_wconf 86' lang='lat' dir='ltr'>pompam</span> <span class='ocrx_word' id='word_1_227' title='bbox 578 1605 675 1647; x_wconf 90' lang='lat' dir='ltr'>declinare,</span> <span class='ocrx_word' id='word_1_228' title='bbox 683 1605 754 1639; x_wconf 87' lang='lat' dir='ltr'>delitias</span> <span class='ocrx_word' id='word_1_229' title='bbox 765 1611 860 1650; x_wconf 88' lang='lat' dir='ltr'>suspectas</span> 
     </span>
     <span class='ocr_line' id='line_1_27' title="bbox 162 1658 860 1702; baseline -0.001 -8"><span class='ocrx_word' id='word_1_230' title='bbox 162 1662 235 1700; x_wconf 79' lang='lat' dir='ltr'>habere,</span> <span class='ocrx_word' id='word_1_231' title='bbox 248 1665 340 1693; x_wconf 89' lang='lat' dir='ltr'>terrenam</span> <span class='ocrx_word' id='word_1_232' title='bbox 355 1660 431 1702; x_wconf 85' lang='lat' dir='ltr'>gloriam</span> <span class='ocrx_word' id='word_1_233' title='bbox 445 1670 518 1700; x_wconf 82' lang='lat' dir='ltr'>exuere,</span> <span class='ocrx_word' id='word_1_234' title='bbox 530 1664 548 1692; x_wconf 93' lang='lat' dir='ltr'>et</span> <span class='ocrx_word' id='word_1_235' title='bbox 560 1664 597 1692; x_wconf 88' lang='lat' dir='ltr'>tota</span> <span class='ocrx_word' id='word_1_236' title='bbox 612 1665 673 1692; x_wconf 91' lang='lat' dir='ltr'>mente</span> <span class='ocrx_word' id='word_1_237' title='bbox 686 1658 758 1692; x_wconf 89' lang='lat' dir='ltr'>Christo</span> <span class='ocrx_word' id='word_1_238' title='bbox 771 1660 860 1693; x_wconf 88' lang='lat' dir='ltr'>adherere</span> 
     </span>
     <span class='ocr_line' id='line_1_28' title="bbox 134 1712 859 1757; baseline -0.003 -9"><span class='ocrx_word' id='word_1_239' title='bbox 134 1722 151 1750; x_wconf 81' lang='lat'>25</span> <span class='ocrx_word' id='word_1_240' title='bbox 161 1714 215 1749; x_wconf 85' lang='lat' dir='ltr'>velle.</span> <span class='ocrx_word' id='word_1_241' title='bbox 239 1712 304 1757; x_wconf 90' lang='lat' dir='ltr'>Regno</span> <span class='ocrx_word' id='word_1_242' title='bbox 316 1712 410 1757; x_wconf 88' lang='lat' dir='ltr'>preposuit</span> <span class='ocrx_word' id='word_1_243' title='bbox 421 1712 543 1755; x_wconf 88' lang='lat' dir='ltr'>solitudinem,</span> <span class='ocrx_word' id='word_1_244' title='bbox 552 1718 570 1746; x_wconf 89' lang='lat' dir='ltr'>et</span> <span class='ocrx_word' id='word_1_245' title='bbox 581 1712 649 1746; x_wconf 90' lang='lat' dir='ltr'>diuitiis</span> <span class='ocrx_word' id='word_1_246' title='bbox 660 1712 717 1747; x_wconf 83' lang='lat' dir='ltr'>seculi</span> <span class='ocrx_word' id='word_1_247' title='bbox 728 1718 859 1757; x_wconf 87' lang='lat' dir='ltr'>paupertatem.</span> 
     </span>
     <span class='ocr_line' id='line_1_29' title="bbox 162 1766 861 1801; baseline -0.003 0"><span class='ocrx_word' id='word_1_248' title='bbox 162 1766 316 1801; x_wconf 84' lang='lat' dir='ltr'>Feruentissimus</span> <span class='ocrx_word' id='word_1_249' title='bbox 328 1766 381 1799; x_wconf 92' lang='lat' dir='ltr'>miles</span> <span class='ocrx_word' id='word_1_250' title='bbox 390 1766 457 1800; x_wconf 88' lang='lat' dir='ltr'>Christi</span> <span class='ocrx_word' id='word_1_251' title='bbox 468 1766 585 1800; x_wconf 86' lang='lat' dir='ltr'>solitudinem</span> <span class='ocrx_word' id='word_1_252' title='bbox 595 1766 703 1800; x_wconf 90' lang='lat' dir='ltr'>desiderans</span> <span class='ocrx_word' id='word_1_253' title='bbox 713 1766 809 1800; x_wconf 89' lang='lat' dir='ltr'>heremum</span> <span class='ocrx_word' id='word_1_254' title='bbox 820 1776 861 1800; x_wconf 93' lang='lat' dir='ltr'>sus-</span> 
     </span>
     <span class='ocr_line' id='line_1_30' title="bbox 161 1818 860 1864; baseline -0.003 -10"><span class='ocrx_word' id='word_1_255' title='bbox 161 1820 237 1864; x_wconf 89' lang='lat' dir='ltr'>pirabat,</span> <span class='ocrx_word' id='word_1_256' title='bbox 245 1819 350 1853; x_wconf 88' lang='lat' dir='ltr'>anachorita</span> <span class='ocrx_word' id='word_1_257' title='bbox 359 1819 426 1852; x_wconf 88' lang='lat' dir='ltr'>Christi</span> <span class='ocrx_word' id='word_1_258' title='bbox 436 1829 478 1853; x_wconf 89' lang='lat' dir='ltr'>esse</span> <span class='ocrx_word' id='word_1_259' title='bbox 487 1819 578 1862; x_wconf 84' lang='lat' dir='ltr'>flagrabat.</span> <span class='ocrx_word' id='word_1_260' title='bbox 602 1819 700 1853; x_wconf 87' lang='lat' dir='ltr'>Interfecto</span> <span class='ocrx_word' id='word_1_261' title='bbox 709 1818 757 1852; x_wconf 93' lang='lat' dir='ltr'>enim</span> <span class='ocrx_word' id='word_1_262' title='bbox 765 1830 776 1852; x_wconf 86' lang='lat' dir='ltr'>a</span> <span class='ocrx_word' id='word_1_263' title='bbox 784 1819 860 1863; x_wconf 85' lang='lat' dir='ltr'>paganis</span> 
     </span>
     <span class='ocr_line' id='line_1_31' title="bbox 161 1871 861 1916; baseline -0.003 -9"><span class='ocrx_word' id='word_1_264' title='bbox 161 1874 217 1907; x_wconf 88' lang='lat' dir='ltr'>fratre</span> <span class='ocrx_word' id='word_1_265' title='bbox 229 1872 269 1906; x_wconf 89' lang='lat' dir='ltr'>eius</span> <span class='ocrx_word' id='word_1_266' title='bbox 281 1877 344 1906; x_wconf 90' lang='lat' dir='ltr'>sancto</span> <span class='ocrx_word' id='word_1_267' title='bbox 356 1872 459 1915; x_wconf 88' lang='lat' dir='ltr'>Edmuudo,</span> <span class='ocrx_word' id='word_1_268' title='bbox 469 1883 510 1906; x_wconf 88' lang='lat' dir='ltr'>cnm</span> <span class='ocrx_word' id='word_1_269' title='bbox 520 1871 602 1906; x_wconf 88' lang='lat' dir='ltr'>vniuersi</span> <span class='ocrx_word' id='word_1_270' title='bbox 613 1871 708 1916; x_wconf 87' lang='lat' dir='ltr'>prouincie</span> <span class='ocrx_word' id='word_1_271' title='bbox 719 1871 798 1906; x_wconf 90' lang='lat' dir='ltr'>maiores</span> <span class='ocrx_word' id='word_1_272' title='bbox 809 1871 861 1905; x_wconf 91' lang='lat' dir='ltr'>illum</span> 
     </span>
     <span class='ocr_line' id='line_1_32' title="bbox 161 1924 861 1969; baseline -0.001 -9"><span class='ocrx_word' id='word_1_273' title='bbox 161 1927 184 1960; x_wconf 90' lang='lat' dir='ltr'>ad</span> <span class='ocrx_word' id='word_1_274' title='bbox 195 1925 246 1969; x_wconf 87' lang='lat' dir='ltr'>regni</span> <span class='ocrx_word' id='word_1_275' title='bbox 257 1925 328 1968; x_wconf 89' lang='lat' dir='ltr'>apicem</span> <span class='ocrx_word' id='word_1_276' title='bbox 337 1925 409 1959; x_wconf 89' lang='lat' dir='ltr'>eleuare</span> <span class='ocrx_word' id='word_1_277' title='bbox 419 1926 525 1966; x_wconf 86' lang='lat' dir='ltr'>niterentur,</span> <span class='ocrx_word' id='word_1_278' title='bbox 534 1930 571 1959; x_wconf 91' lang='lat' dir='ltr'>toto</span> <span class='ocrx_word' id='word_1_279' title='bbox 581 1924 648 1958; x_wconf 92' lang='lat' dir='ltr'>mentis</span> <span class='ocrx_word' id='word_1_280' title='bbox 659 1925 723 1959; x_wconf 84' lang='lat' dir='ltr'>affectu</span> <span class='ocrx_word' id='word_1_281' title='bbox 733 1925 756 1958; x_wconf 92' lang='lat' dir='ltr'>ad</span> <span class='ocrx_word' id='word_1_282' title='bbox 767 1924 861 1959; x_wconf 91' lang='lat' dir='ltr'>dominum</span> 
     </span>
     <span class='ocr_line' id='line_1_33' title="bbox 133 1977 861 2020; baseline -0.001 -9"><span class='ocrx_word' id='word_1_283' title='bbox 133 1990 153 2018; x_wconf 80' lang='lat'>30</span> <span class='ocrx_word' id='word_1_284' title='bbox 161 1988 262 2013; x_wconf 89' lang='lat' dir='ltr'>conuersus</span> <span class='ocrx_word' id='word_1_285' title='bbox 272 1978 364 2020; x_wconf 87' lang='lat' dir='ltr'>flagitabat</span> <span class='ocrx_word' id='word_1_286' title='bbox 372 1982 391 2011; x_wconf 91' lang='lat' dir='ltr'>vt</span> <span class='ocrx_word' id='word_1_287' title='bbox 402 1978 498 2012; x_wconf 91' lang='lat' dir='ltr'>consilium</span> <span class='ocrx_word' id='word_1_288' title='bbox 509 1978 549 2011; x_wconf 90' lang='lat' dir='ltr'>eius</span> <span class='ocrx_word' id='word_1_289' title='bbox 560 1978 638 2020; x_wconf 84' lang='lat' dir='ltr'>dirigere</span> <span class='ocrx_word' id='word_1_290' title='bbox 649 1978 759 2020; x_wconf 85' lang='lat' dir='ltr'>dignaretur.</span> <span class='ocrx_word' id='word_1_291' title='bbox 783 1977 861 2011; x_wconf 89' lang='lat' dir='ltr'>Reuela-</span> 
     </span>
     <span class='ocr_line' id='line_1_34' title="bbox 161 2030 862 2076; baseline -0.001 -10"><span class='ocrx_word' id='word_1_292' title='bbox 161 2038 200 2067; x_wconf 89' lang='lat' dir='ltr'>tum</span> <span class='ocrx_word' id='word_1_293' title='bbox 213 2036 242 2066; x_wconf 79' lang='lat' dir='ltr'>est</span> <span class='ocrx_word' id='word_1_294' title='bbox 254 2031 272 2065; x_wconf 91' lang='lat' dir='ltr'>ei</span> <span class='ocrx_word' id='word_1_295' title='bbox 284 2032 359 2066; x_wconf 89' lang='lat' dir='ltr'>tandem</span> <span class='ocrx_word' id='word_1_296' title='bbox 374 2031 467 2072; x_wconf 87' lang='lat' dir='ltr'>diuinitus,</span> <span class='ocrx_word' id='word_1_297' title='bbox 479 2037 563 2075; x_wconf 86' lang='lat' dir='ltr'>oportere</span> <span class='ocrx_word' id='word_1_298' title='bbox 577 2030 628 2066; x_wconf 91' lang='lat' dir='ltr'>illum</span> <span class='ocrx_word' id='word_1_299' title='bbox 644 2031 674 2076; x_wconf 93' lang='lat' dir='ltr'>qui</span> <span class='ocrx_word' id='word_1_300' title='bbox 688 2031 739 2065; x_wconf 86' lang='lat' dir='ltr'>‘fons</span> <span class='ocrx_word' id='word_1_301' title='bbox 755 2033 862 2076; x_wconf 88' lang='lat' dir='ltr'>argenteus’</span> 
     </span>
     <span class='ocr_line' id='line_1_35' title="bbox 162 2084 863 2128; baseline -0.001 -9"><span class='ocrx_word' id='word_1_302' title='bbox 162 2085 253 2119; x_wconf 88' lang='lat' dir='ltr'>diceretur</span> <span class='ocrx_word' id='word_1_303' title='bbox 269 2095 347 2128; x_wconf 86' lang='lat' dir='ltr'>querere</span> <span class='ocrx_word' id='word_1_304' title='bbox 364 2084 433 2118; x_wconf 88' lang='lat' dir='ltr'>locum:</span> <span class='ocrx_word' id='word_1_305' title='bbox 453 2085 477 2118; x_wconf 91' lang='lat' dir='ltr'>ibi</span> <span class='ocrx_word' id='word_1_306' title='bbox 492 2086 567 2118; x_wconf 89' lang='lat' dir='ltr'>tandem</span> <span class='ocrx_word' id='word_1_307' title='bbox 582 2095 624 2117; x_wconf 80' lang='lat' dir='ltr'>euin</span> <span class='ocrx_word' id='word_1_308' title='bbox 641 2085 763 2118; x_wconf 91' lang='lat' dir='ltr'>desideratam</span> <span class='ocrx_word' id='word_1_309' title='bbox 780 2084 863 2128; x_wconf 91' lang='lat' dir='ltr'>requiem</span> 
     </span>
     <span class='ocr_line' id='line_1_36' title="bbox 162 2137 863 2181; baseline 0 -9"><span class='ocrx_word' id='word_1_310' title='bbox 162 2139 290 2179; x_wconf 88' lang='lat' dir='ltr'>inuenturum;</span> <span class='ocrx_word' id='word_1_311' title='bbox 306 2139 339 2171; x_wconf 86' lang='lat' dir='ltr'>sed</span> <span class='ocrx_word' id='word_1_312' title='bbox 351 2137 370 2170; x_wconf 93' lang='lat' dir='ltr'>in</span> <span class='ocrx_word' id='word_1_313' title='bbox 381 2138 447 2181; x_wconf 90' lang='lat' dir='ltr'>quibus</span> <span class='ocrx_word' id='word_1_314' title='bbox 458 2137 513 2172; x_wconf 90' lang='lat' dir='ltr'>terris</span> <span class='ocrx_word' id='word_1_315' title='bbox 523 2137 645 2172; x_wconf 90' lang='lat' dir='ltr'>inueniendus</span> <span class='ocrx_word' id='word_1_316' title='bbox 657 2142 706 2172; x_wconf 89' lang='lat' dir='ltr'>esset</span> <span class='ocrx_word' id='word_1_317' title='bbox 718 2138 774 2180; x_wconf 90' lang='lat' dir='ltr'>locus,</span> <span class='ocrx_word' id='word_1_318' title='bbox 786 2148 823 2172; x_wconf 90' lang='lat' dir='ltr'>non</span> <span class='ocrx_word' id='word_1_319' title='bbox 835 2143 863 2172; x_wconf 91' lang='lat' dir='ltr'>est</span> 
     </span>
     <span class='ocr_line' id='line_1_37' title="bbox 162 2190 862 2234; baseline -0.001 -8"><span class='ocrx_word' id='word_1_320' title='bbox 162 2192 179 2226; x_wconf 88' lang='lat' dir='ltr'>ei</span> <span class='ocrx_word' id='word_1_321' title='bbox 192 2197 292 2225; x_wconf 91' lang='lat' dir='ltr'>ostensum.</span> <span class='ocrx_word' id='word_1_322' title='bbox 315 2191 333 2224; x_wconf 84' lang='grc' dir='ltr'>Α</span> <span class='ocrx_word' id='word_1_323' title='bbox 345 2191 403 2233; x_wconf 86' lang='lat' dir='ltr'>patria</span> <span class='ocrx_word' id='word_1_324' title='bbox 415 2191 470 2234; x_wconf 87' lang='lat' dir='ltr'>igitur</span> <span class='ocrx_word' id='word_1_325' title='bbox 482 2191 560 2224; x_wconf 89' lang='lat' dir='ltr'>latenter</span> <span class='ocrx_word' id='word_1_326' title='bbox 574 2190 651 2234; x_wconf 86' lang='lat' dir='ltr'>fugiens,</span> <span class='ocrx_word' id='word_1_327' title='bbox 664 2201 694 2224; x_wconf 86' lang='lat' dir='ltr'>res</span> <span class='ocrx_word' id='word_1_328' title='bbox 709 2201 752 2225; x_wconf 91' lang='lat' dir='ltr'>suas</span> <span class='ocrx_word' id='word_1_329' title='bbox 767 2193 790 2225; x_wconf 90' lang='lat' dir='ltr'>ad</span> <span class='ocrx_word' id='word_1_330' title='bbox 803 2192 862 2226; x_wconf 85' lang='lat' dir='ltr'>celum</span> 
     </span>
     <span class='ocr_line' id='line_1_38' title="bbox 135 2243 863 2285; baseline -0.001 -8"><span class='ocrx_word' id='word_1_331' title='bbox 135 2253 153 2282; x_wconf 80' lang='lat'>35</span> <span class='ocrx_word' id='word_1_332' title='bbox 162 2245 221 2277; x_wconf 90' lang='lat' dir='ltr'>iturus</span> <span class='ocrx_word' id='word_1_333' title='bbox 235 2248 277 2275; x_wconf 90' lang='lat' dir='ltr'>ante</span> <span class='ocrx_word' id='word_1_334' title='bbox 293 2254 313 2276; x_wconf 91' lang='lat' dir='ltr'>se</span> <span class='ocrx_word' id='word_1_335' title='bbox 327 2243 434 2285; x_wconf 86' lang='lat' dir='ltr'>premittere</span> <span class='ocrx_word' id='word_1_336' title='bbox 449 2243 536 2276; x_wconf 90' lang='lat' dir='ltr'>sollicitus</span> <span class='ocrx_word' id='word_1_337' title='bbox 549 2248 588 2276; x_wconf 92' lang='lat' dir='ltr'>erat</span> <span class='ocrx_word' id='word_1_338' title='bbox 602 2248 620 2275; x_wconf 94' lang='lat' dir='ltr'>et</span> <span class='ocrx_word' id='word_1_339' title='bbox 632 2249 690 2276; x_wconf 92' lang='lat' dir='ltr'>terras</span> <span class='ocrx_word' id='word_1_340' title='bbox 703 2244 790 2284; x_wconf 89' lang='lat' dir='ltr'>ecclesiis,</span> <span class='ocrx_word' id='word_1_341' title='bbox 803 2249 863 2276; x_wconf 88' lang='lat' dir='ltr'>cetera</span> 
     </span>
     <span class='ocr_line' id='line_1_39' title="bbox 163 2295 864 2341; baseline 0.001 -12"><span class='ocrx_word' id='word_1_342' title='bbox 163 2296 275 2341; x_wconf 89' lang='lat' dir='ltr'>pauperibus</span> <span class='ocrx_word' id='word_1_343' title='bbox 283 2295 385 2340; x_wconf 86' lang='lat' dir='ltr'>errogabat.</span> <span class='ocrx_word' id='word_1_344' title='bbox 408 2296 490 2339; x_wconf 87' lang='lat' dir='ltr'>Cumque</span> <span class='ocrx_word' id='word_1_345' title='bbox 498 2296 558 2330; x_wconf 88' lang='lat' dir='ltr'>varias</span> <span class='ocrx_word' id='word_1_346' title='bbox 568 2296 671 2340; x_wconf 88' lang='lat' dir='ltr'>prouincias</span> <span class='ocrx_word' id='word_1_347' title='bbox 683 2296 754 2340; x_wconf 88' lang='lat' dir='ltr'>nauigio</span> <span class='ocrx_word' id='word_1_348' title='bbox 762 2297 864 2338; x_wconf 86' lang='lat' dir='ltr'>lustrasset,</span> 
     </span>
     <span class='ocr_line' id='line_1_40' title="bbox 163 2349 864 2394; baseline 0 -11"><span class='ocrx_word' id='word_1_349' title='bbox 163 2350 211 2394; x_wconf 89' lang='lat' dir='ltr'>quod</span> <span class='ocrx_word' id='word_1_350' title='bbox 220 2350 308 2393; x_wconf 90' lang='lat' dir='ltr'>querebat</span> <span class='ocrx_word' id='word_1_351' title='bbox 315 2349 398 2383; x_wconf 92' lang='lat' dir='ltr'>inuenire</span> <span class='ocrx_word' id='word_1_352' title='bbox 406 2359 443 2382; x_wconf 89' lang='lat' dir='ltr'>non</span> <span class='ocrx_word' id='word_1_353' title='bbox 451 2349 514 2393; x_wconf 90' lang='lat' dir='ltr'>potuit.</span> <span class='ocrx_word' id='word_1_354' title='bbox 538 2349 624 2383; x_wconf 89' lang='lat' dir='ltr'>Reiectus</span> <span class='ocrx_word' id='word_1_355' title='bbox 635 2350 709 2383; x_wconf 88' lang='lat' dir='ltr'>tandem</span> <span class='ocrx_word' id='word_1_356' title='bbox 718 2349 779 2383; x_wconf 86' lang='lat' dir='ltr'>diuino</span> <span class='ocrx_word' id='word_1_357' title='bbox 790 2353 835 2383; x_wconf 86' lang='lat' dir='ltr'>nutu</span> <span class='ocrx_word' id='word_1_358' title='bbox 846 2349 864 2383; x_wconf 92' lang='lat' dir='ltr'>in</span> 
     </span>
     <span class='ocr_line' id='line_1_41' title="bbox 163 2401 864 2446; baseline 0.003 -12"><span class='ocrx_word' id='word_1_359' title='bbox 163 2402 246 2446; x_wconf 87' lang='lat' dir='ltr'>patriam,</span> <span class='ocrx_word' id='word_1_360' title='bbox 255 2407 273 2434; x_wconf 89' lang='lat' dir='ltr'>et</span> <span class='ocrx_word' id='word_1_361' title='bbox 281 2401 389 2446; x_wconf 88' lang='lat' dir='ltr'>Septoniam</span> <span class='ocrx_word' id='word_1_362' title='bbox 398 2407 440 2445; x_wconf 91' lang='lat' dir='ltr'>post</span> <span class='ocrx_word' id='word_1_363' title='bbox 447 2402 514 2435; x_wconf 87' lang='lat' dir='ltr'>multos</span> <span class='ocrx_word' id='word_1_364' title='bbox 522 2403 594 2435; x_wconf 88' lang='lat' dir='ltr'>labores</span> <span class='ocrx_word' id='word_1_365' title='bbox 601 2402 684 2445; x_wconf 91' lang='lat' dir='ltr'>veniens,</span> <span class='ocrx_word' id='word_1_366' title='bbox 693 2406 785 2445; x_wconf 87' lang='lat' dir='ltr'>pastorem</span> <span class='ocrx_word' id='word_1_367' title='bbox 794 2402 864 2436; x_wconf 85' lang='lat' dir='ltr'>inuenit</span> 
     </span>
     <span class='ocr_line' id='line_1_42' title="bbox 163 2455 864 2500; baseline -0.001 -11"><span class='ocrx_word' id='word_1_368' title='bbox 163 2466 247 2499; x_wconf 87' lang='lat' dir='ltr'>puerum,</span> <span class='ocrx_word' id='word_1_369' title='bbox 258 2455 289 2499; x_wconf 93' lang='lat' dir='ltr'>qui</span> <span class='ocrx_word' id='word_1_370' title='bbox 301 2456 379 2489; x_wconf 88' lang='lat' dir='ltr'>asseruit</span> <span class='ocrx_word' id='word_1_371' title='bbox 391 2455 495 2499; x_wconf 83' lang='lat' dir='ltr'>proximum</span> <span class='ocrx_word' id='word_1_372' title='bbox 507 2457 572 2490; x_wconf 90' lang='lat' dir='ltr'>adesse</span> <span class='ocrx_word' id='word_1_373' title='bbox 585 2455 655 2489; x_wconf 86' lang='lat' dir='ltr'>sontem</span> <span class='ocrx_word' id='word_1_374' title='bbox 667 2466 722 2500; x_wconf 87' lang='lat' dir='ltr'>quern</span> <span class='ocrx_word' id='word_1_375' title='bbox 735 2457 823 2499; x_wconf 88' lang='lat' dir='ltr'>querebat</span> <span class='ocrx_word' id='word_1_376' title='bbox 836 2467 864 2489; x_wconf 89' lang='lat' dir='ltr'>ar-</span> 
     </span>
     <span class='ocr_line' id='line_1_43' title="bbox 136 2508 866 2553; baseline 0 -9"><span class='ocrx_word' id='word_1_377' title='bbox 136 2523 156 2551; x_wconf 82' lang='lat'>40</span> <span class='ocrx_word' id='word_1_378' title='bbox 164 2514 255 2553; x_wconf 89' lang='lat' dir='ltr'>genteum.</span> <span class='ocrx_word' id='word_1_379' title='bbox 279 2509 319 2550; x_wconf 82' lang='lat' dir='ltr'>Quo</span> <span class='ocrx_word' id='word_1_380' title='bbox 333 2519 374 2544; x_wconf 93' lang='lat' dir='ltr'>cum</span> <span class='ocrx_word' id='word_1_381' title='bbox 386 2508 506 2553; x_wconf 89' lang='lat' dir='ltr'>peruenisset,</span> <span class='ocrx_word' id='word_1_382' title='bbox 518 2509 603 2544; x_wconf 89' lang='lat' dir='ltr'>baculum</span> <span class='ocrx_word' id='word_1_383' title='bbox 615 2508 634 2543; x_wconf 91' lang='lat' dir='ltr'>in</span> <span class='ocrx_word' id='word_1_384' title='bbox 647 2510 718 2544; x_wconf 88' lang='lat' dir='ltr'>deuexo</span> <span class='ocrx_word' id='word_1_385' title='bbox 732 2509 799 2544; x_wconf 91' lang='lat' dir='ltr'>montis</span> <span class='ocrx_word' id='word_1_386' title='bbox 815 2521 866 2544; x_wconf 92' lang='lat' dir='ltr'>cacu-</span> 
     </span>
    </p>
   </div>
   <div class='ocr_carea' id='block_1_7' title="bbox 165 2572 865 2651">
    <p class='ocr_par' dir='ltr' id='par_1_9' title="bbox 165 2572 865 2651">
     <span class='ocr_line' id='line_1_44' title="bbox 185 2572 865 2612; baseline 0.003 -10"><span class='ocrx_word' id='word_1_387' title='bbox 185 2572 190 2590; x_wconf 84' lang='lat'>¹</span> <span class='ocrx_word' id='word_1_388' title='bbox 201 2573 248 2603; x_wconf 88' lang='lat' dir='ltr'>From</span> <span class='ocrx_word' id='word_1_389' title='bbox 254 2572 285 2602; x_wconf 91' lang='lat' dir='ltr'>Vit.</span> <span class='ocrx_word' id='word_1_390' title='bbox 294 2573 335 2603; x_wconf 89' lang='lat' dir='ltr'>Patr.</span> <span class='ocrx_word' id='word_1_391' title='bbox 343 2582 358 2611; x_wconf 88' lang='lat' dir='ltr'>p.</span> <span class='ocrx_word' id='word_1_392' title='bbox 366 2574 401 2604; x_wconf 75' lang='grc'>8811,</span> <span class='ocrx_word' id='word_1_393' title='bbox 465 2572 471 2591; x_wconf 74' lang='lat'>²</span> <span class='ocrx_word' id='word_1_394' title='bbox 482 2574 505 2604; x_wconf 84' lang='lat' dir='ltr'>Cf.</span> <span class='ocrx_word' id='word_1_395' title='bbox 514 2574 557 2605; x_wconf 93' lang='lat' dir='ltr'>Will.</span> <span class='ocrx_word' id='word_1_396' title='bbox 566 2574 618 2604; x_wconf 87' lang='lat' dir='ltr'>Malm.</span> <span class='ocrx_word' id='word_1_397' title='bbox 626 2574 642 2610; x_wconf 88' lang='lat' dir='ltr'>J.</span> <span class='ocrx_word' id='word_1_398' title='bbox 648 2574 666 2604; x_wconf 92' lang='lat' dir='ltr'>P.</span> <span class='ocrx_word' id='word_1_399' title='bbox 672 2584 687 2612; x_wconf 89' lang='lat' dir='ltr'>p.</span> <span class='ocrx_word' id='word_1_400' title='bbox 695 2581 729 2610; x_wconf 83' lang='lat'>250.</span> <span class='ocrx_word' id='word_1_401' title='bbox 738 2574 774 2604; x_wconf 88' lang='lat' dir='ltr'>Chr.</span> <span class='ocrx_word' id='word_1_402' title='bbox 783 2574 865 2612; x_wconf 88' lang='lat' dir='ltr'>Bromton,</span> 
     </span>
     <span class='ocr_line' id='line_1_45' title="bbox 165 2614 398 2651; baseline 0.004 -8"><span class='ocrx_word' id='word_1_403' title='bbox 165 2615 199 2651; x_wconf 82' lang='lat'>807.</span> <span class='ocrx_word' id='word_1_404' title='bbox 265 2614 398 2644; x_wconf 59' lang='grc' dir='ltr'>3110111111111Τ.</span> 
     </span>
    </p>
   </div>
   <div class='ocr_carea' id='block_1_8' title="bbox 0 0 900 2803">
    <p class='ocr_par' dir='ltr' id='par_1_10' title="bbox 0 0 900 2803">
     <span class='ocr_line' id='line_1_46' title="bbox 0 0 900 2803; baseline 0 0"><span class='ocrx_word' id='word_1_405' title='bbox 0 0 900 2803; x_wconf 95' lang='lat' dir='ltr'> </span> 
     </span>
    </p>
   </div>
  </div>
 </body>
</html>
