1762 2803
71 121 232 161 asnorum-1
294 111 357 166 ttitt
373 111 409 166 ἑ.
424 113 570 173 tremonti.
730 119 774 173 695

73 233 140 269 uenisse
152 240 171 268 ut
183 232 260 277 angelico
271 235 341 270 oraculo
353 235 407 270 sancti
419 236 523 272 Freemundi
535 235 610 271 martiris
621 235 644 271 ibi
657 246 719 280 corpus
729 236 776 272 inue-

72 284 134 327 nirent,
141 291 158 318 et
166 285 189 318 ad
196 286 252 319 locum
258 287 344 330 prefatum
352 288 470 330 sepeliendum
478 289 568 323 deferrent.
585 288 611 321 lbi
619 288 677 331 itaque
684 288 775 332 persancti

73 337 176 369 Freemundi
186 337 261 370 martiris
271 338 332 371 merita
340 339 362 371 de
372 338 499 372 infirmitatibus
508 338 544 372 suis
552 339 618 380 singule
626 339 721 373 remedium
728 348 775 372 rece·

73 392 144 428 perunt;
154 393 171 420 et
179 387 203 419 ita
210 398 272 429 corpus
279 388 354 421 martiris
361 388 384 420 ad
391 389 447 421 locum
452 389 555 430 prelibatum
562 388 656 422 incolumes
663 388 776 431 pertulerunt.

73 436 97 469 Et
110 435 150 479 quia
165 435 194 470 ubi
207 446 270 479 corpus
283 435 385 471 inuenerant
399 438 478 471 locellum
492 438 591 481 plumbeum
605 438 715 483 reliquerant,
728 437 791 477 aliuds

73 486 130 521 eidem
144 487 209 521 martiri
222 488 330 530 sepulchrum
347 497 382 522 non
395 488 451 522 minus
464 488 527 528 habile,
541 488 563 522 de
575 489 633 532 lapide
647 489 699 523 niueo
713 499 775 532 procu·

72 545 158 580 ranetam,
171 543 188 571 et
201 538 224 570 ad
237 537 312 571 martiris
327 538 410 571 honorem
423 537 487 571 Christi
500 539 594 572 aduentum
606 544 624 573 et
636 539 744 573 natiuitatem
757 546 775 574 et

73 589 155 632 baptismi
166 588 237 631 gloriam
248 588 266 621 in
277 589 339 622 eodem
352 588 415 631 lapide,
426 594 444 622 et
456 589 517 623 mortis
529 589 649 624 contumeliam
661 597 678 625 et
691 601 775 625 resurrec-

73 639 124 672 tionis
137 645 154 673 et
167 638 273 673 ascencionis
287 639 366 681 gloriam,
377 644 394 672 et
408 638 506 673 huiusmodi
521 638 585 672 Christi
599 639 681 674 miracula
695 640 777 675 decenter

73 689 127 732 sculpi
137 690 223 729 iecerunt;
239 695 257 722 et
267 689 285 721 in
296 689 357 722 eodem
368 687 460 731 diligenter
469 689 532 728 exciso,
545 688 619 722 martiris
629 700 691 732 corpus
702 691 776 723 colloca·
785 703 804 724 ro

73 744 139 773 uerunt
162 740 183 773 In
198 738 260 773 eodem
277 749 319 773 uero
336 740 375 773 loco
391 739 459 773 decenti
477 749 512 784 quo
526 738 636 782 sepulchrum
651 750 690 773 cum
704 749 777 783 corpore

73 791 180 824 humandum
190 801 228 823 esse
240 797 370 833 proposuerant,
377 790 445 833 uirgam
452 791 474 824 de
485 790 538 824 salice
549 789 635 823 excisam¹
645 797 749 833 posuerunt;
760 798 778 824 et

73 840 97 874 ita
106 847 182 883 tempore
191 840 289 883 uespertino
296 840 396 883 quiescendi
406 840 465 882 gracia
474 840 497 874 ad
508 838 578 873 uillam²
587 846 702 882 perrexerunt,
710 847 728 874 ut
738 850 777 875 cum

73 901 125 924 mane
137 890 192 933 primo
205 890 313 924 illucescente
325 891 349 924 ad
363 890 421 923 locum
435 896 545 933 prenotatam
559 890 640 932 redirent,
652 896 670 925 et
685 891 703 924 in
716 891 778 924 eodem

75 950 136 982 corpus
147 939 221 973 martiris
234 940 293 974 debito
305 939 375 982 pietatis
387 939 443 973 officio
456 940 552 983 sepelirent.
575 940 619 973 Cum
632 950 674 974 uero
686 939 709 974 ad
720 940 806 986 locum15

74 995 199 1033 peruenerunt:
216 1000 248 1023 nec
261 1000 323 1032 corpus
335 989 409 1023 martiris
422 1000 455 1024 nec
467 989 575 1033 sepulchrum
589 1000 623 1033 quo
634 990 675 1025 illud
686 996 778 1034 posuerant

74 1041 176 1074 inuenerunt
183 1052 188 1081 ;
199 1040 235 1080 sed,
243 1041 290 1082 quod
298 1040 344 1073 dictu
352 1050 421 1082 quoque
428 1040 506 1074 mirabile
513 1045 545 1081 est,
552 1040 581 1073 vbi
589 1040 674 1082 uirgulam
681 1041 699 1075 in
709 1040 778 1083 signum

74 1091 174 1130 defixerant,
181 1089 205 1123 ibi
213 1090 236 1123 de
243 1090 304 1123 eadem
311 1089 379 1132 uirgula
388 1089 473 1124 immense
479 1089 603 1132 magnitudinis
610 1090 680 1124 salicem
688 1091 720 1124 sub
727 1090 778 1124 unius

74 1141 130 1175 noctis
143 1139 203 1184 s'pacio
216 1140 312 1174 exercuisse
322 1138 408 1173 admirate
420 1146 465 1175 sunt.
487 1141 537 1175 Deus
550 1150 596 1182 uero,
608 1139 642 1175 illis
654 1140 778 1184 ignorantibus,

73 1192 148 1225 martiris
155 1192 182 1225 sui
188 1201 250 1234 corpus
257 1191 320 1234 quibus
326 1190 405 1234 personis
412 1190 481 1233 uoluit⁸‚
487 1191 505 1224 in
511 1191 573 1225 eodem
578 1192 617 1225 loco
623 1192 691 1235 sepeliri
697 1192 778 1236 precepit.
786 1204 807 1228 ro

75 1243 121 1285 Quia
130 1253 172 1276 uero
185 1242 228 1285 quid
240 1242 262 1275 de
275 1241 350 1275 martiris
362 1251 434 1284 corpore
445 1242 510 1275 iactum
523 1242 579 1275 iuerat
591 1242 635 1275 scire
646 1252 682 1276 non
694 1248 779 1284 poteraut,

74 1292 128 1324 nimio
139 1302 158 1325 se
169 1292 228 1324 dolore
238 1291 375 1324 constrinxerunt
380 1290 393 1332 ¹,
404 1291 499 1324 lacrimosis
511 1290 588 1333 suspiriis
602 1291 630 1325 dei
643 1291 779 1326 misericordiam

74 1341 178 1375 unanimiter
185 1340 288 1383 flagitantes,
296 1347 315 1374 ut
323 1339 366 1384 ipse,
373 1339 401 1373 cui
410 1340 468 1375 omnia
477 1346 543 1376 secreta
553 1340 656 1384 panduntur,
664 1341 705 1385 quid
715 1341 738 1375 de
747 1351 779 1375 suo

74 1392 144 1425 martire
154 1393 219 1425 sactum
230 1391 286 1433 fuerit,
297 1397 327 1424 aut
339 1391 353 1424 si
366 1391 410 1425 forte
420 1392 495 1425 iuratum
507 1391 550 1425 alias
563 1392 664 1438 translatum
676 1391 731 1433 tuerit,
745 1391 779 1426 illis

74 1443 176 1485 rogantibus
186 1442 305 1475 innotesceret.
328 1442 381 1483 Quod
389 1447 406 1475 et
415 1442 479 1475 factum
490 1448 522 1476 est.
544 1443 601 1475 Nocte
610 1442 656 1476 enim
665 1442 743 1486 sequenti
752 1442 806 1491 eis15

74 1494 168 1526 reuelatum
178 1499 205 1526 est
216 1492 256 1534 quia
266 1492 341 1526 martiris
353 1502 415 1533 corpus
427 1493 517 1526 humatum
527 1492 588 1526 fuerit:
599 1503 632 1526 nec
642 1493 716 1535 amplius
727 1503 778 1527 nosse

75 1548 164 1584 quererent
171 1542 217 1585 quod
225 1552 254 1574 eas
262 1542 305 1574 deus
312 1543 365 1574 latere
374 1541 455 1582 uoluerit3
466 1548 484 1575 et
492 1542 516 1575 sic
523 1542 546 1574 de
554 1541 618 1575 Christi
628 1542 715 1576 miraculis
722 1542 778 1576 admi-

75 1599 137 1634 rantes,
149 1592 172 1626 ad
184 1591 253 1635 propria
266 1602 343 1634 regresso
354 1597 399 1625 sunt.
422 1591 475 1625 Omni
489 1601 530 1626 uero
544 1597 621 1634 tempore
633 1601 668 1635 quo
680 1592 704 1626 ibi
716 1603 779 1636 corpus

75 1642 149 1676 martiris
156 1644 246 1676 humatum
253 1642 308 1683 latuit,
315 1642 338 1675 ad
346 1641 433 1684 sepulture
440 1642 501 1683 locum,
508 1642 567 1676 herbis
576 1642 671 1677 uirentibus
680 1642 779 1677 redimitum

74 1699 92 1726 et
105 1694 175 1726 floribus
188 1692 240 1725 uariis
252 1692 357 1734 insignitum,
369 1692 435 1725 nullum
448 1692 513 1725 animal
524 1692 607 1725 accedere
617 1693 683 1735 potuim
696 1703 729 1725 nec
740 1693 778 1726 auis
786 1701 806 1731 30

76 1744 134 1786 aliqua
141 1754 193 1785 super
199 1744 278 1775 arborem
285 1743 333 1774 illam
340 1742 372 1774 sub
379 1753 414 1784 qua
423 1753 485 1784 corpus
492 1742 567 1775 martiris
574 1742 663 1774 humatum
670 1743 730 1782 suerat,
738 1742 778 1776 licet

75 1793 142 1826 defessa
150 1792 255 1825 descendere
262 1790 320 1824 uoluit.
343 1791 387 1824 Cum
394 1801 436 1824 uero
443 1791 497 1824 herba
504 1791 534 1824 illa
543 1790 602 1824 decisa
612 1791 655 1824 t'oret
666 1797 684 1825 et
692 1790 710 1824 in
719 1791 778 1826 lenum

75 1843 168 1885 desiccata,
181 1841 266 1885 frequenti
282 1840 371 1875 hominum
386 1840 502 1884 experimento
515 1841 615 1875 animalium
629 1842 694 1876 morbis
708 1842 778 1885 profuit,

75 1900 92 1927 et
100 1893 122 1927 ab
132 1891 249 1937 egrotantibus
259 1891 331 1935 depasta
341 1901 400 1925 eorum
411 1890 503 1925 incomoda
514 1889 548 1925 cito
558 1890 628 1925 curauit
650 1892 702 1926 Vnde
713 1892 778 1926 factum

76 1951 102 1978 est
113 1951 132 1978 ut
143 1946 191 1977 locus
202 1943 239 1986 ipse
250 1943 273 1976 ab
283 1942 429 1984 incoliscausam
439 1942 509 1986 quidem
519 1942 637 1984 ignorantibus
648 1944 679 1977 sed
687 1943 778 1978 utilitatem
786 1957 806 1988 35

76 1995 190 2036 cernentibus,
198 1992 296 2027 reuerencia
303 1993 378 2036 quadam
385 1998 500 2034 ueneraretur‚
507 1999 525 2027 et
533 1991 590 2026 eidem
600 1993 697 2027 sanctitatis
706 1992 778 2027 alicuius

76 2044 135 2088 gracia
142 2044 198 2078 inesse
206 2044 308 2077 crederetur.

114 2122 182 2165 Ontigit
196 2131 238 2153 uero
252 2126 271 2153 ut
286 2120 363 2163 quidam,
376 2120 487 2153 Ethelbertus
502 2119 578 2161 nomine,
593 2119 615 2153 de
629 2120 701 2154 marinis
716 2120 779 2163 Anglie

134 2172 212 2216 partibus
225 2171 307 2204 orationis
321 2169 380 2213 gracia
395 2170 513 2204 lerosolimam
527 2170 668 2212 proficisceretur,
681 2175 698 2205 et
714 2170 779 2204 ibidem

76 2228 117 2256 ante
133 2221 196 2255 Christi
211 2222 320 2262 sepulchrum
335 2219 408 2262 plurimo
423 2226 500 2262 tempore
514 2219 578 2260 uigiliis
592 2226 610 2253 et
625 2220 694 2254 ieiuniis
709 2221 778 2253 deditus
786 2237 806 2266 40

77 2278 178 2305 moraretur.
200 2272 257 2304 Nocte
268 2280 310 2303 uero
323 2269 399 2313 quadam
411 2269 467 2303 eidem
482 2275 523 2303 ante
536 2270 646 2314 sepulchrum
657 2269 734 2313 uigilanti
745 2279 779 2303 uox

78 2324 146 2358 celestis
160 2322 240 2363 insonuit,
252 2328 269 2356 et
281 2321 351 2356 nomine
363 2331 395 2355 suo
408 2331 448 2355 eum
459 2321 534 2363 uocauit,
545 2321 643 2365 precipiens
656 2328 674 2356 ut
686 2320 744 2355 statim
755 2319 778 2354 ad

77 2374 151 2418 patriam
162 2378 251 2414 remearet,
262 2378 280 2406 et
292 2373 349 2406 locum
362 2372 448 2414 quendam
462 2383 513 2415 super
525 2371 590 2406 flumen
604 2371 707 2406 Cherewelle
720 2370 778 2411 situm,

78 2425 107 2459 ubi
120 2424 195 2468 quinque
204 2424 303 2457 sacerdotes
314 2421 422 2456 mansionem
432 2428 540 2466 acceperant,
550 2422 622 2456 sollicite
632 2426 719 2465 quereret:
731 2425 749 2454 et
760 2420 779 2453 in

77 2474 128 2510 loco'
135 2486 170 2509 non
177 2474 228 2514 longe
235 2473 296 2515 posito,
303 2474 335 2508 sub
342 2473 404 2508 arbore
411 2473 469 2507 salicis
476 2474 581 2513 thesaurum,
585 2482 620 2515 quo
626 2470 720 2514 preciosius
727 2470 751 2505 ad
758 2470 777 2505 id
786 2480 806 2510 45

98 2535 414 2571 ¹L.adds:incrucemiormatam,insi
435 2544 485 2575 nusp.
537 2533 689 2574 'anroximum
743 2533 778 2564 Ἰ..

78 2576 126 2609 adds:
137 2575 221 2607 ministerio
228 2574 322 2621 augelorum,
380 2573 386 2591 ¹
396 2574 413 2604 M
426 2575 561 2616 .constrlnxerent.
622 2572 715 2613 ’alprnto
