1762 2803
142 153 183 194 116
245 182 246 185 η
306 150 411 201 ·-moua
426 147 542 209 laram
558 146 650 208 unalia

139 270 201 305 diuino
212 269 300 315 obsequio
312 270 331 304 in
342 269 426 304 noctibus
438 268 525 311 eueniret,
537 268 599 313 ignem
609 267 707 311 diligenter
717 266 761 301 dum
773 266 842 303 dormi·

139 330 178 358 tum
193 324 241 358 irent
257 323 401 357 subcinerarent.
428 323 500 356 Accidit
518 323 597 365 quadam
612 326 665 356 nocte
683 320 780 364 solempni,
798 322 841 356 dum

140 377 270 420 Kentegernus
276 378 280 396 ¹
287 376 378 419 puervice
384 386 417 410 sua
423 376 485 420 ignem
490 376 595 416 custodiret,
602 375 645 418 [vili
651 373 770 419 condiscipuli
777 374 810 415 sui,
815 375 841 409 in·

139 430 188 463 uidia
195 429 281 470 excecati,
288 434 347 461 totum
354 428 416 470 ignem
424 428 471 461 infra
479 427 584 461 monasterii
592 433 645 469 septa
655 427 736 461 clanculo
748 426 841 471 extingue-

121 487 129 517 5
139 486 185 515 rent.
207 479 314 523 Vigiliarum
322 485 405 523 tempore
415 480 544 523 Kentegernus
554 479 616 522 ignem
625 479 731 512 monasterii
741 479 841 514 extinctum

139 531 239 577 reperiens,
258 543 329 566 ramum
349 533 443 566 cuiusdam
462 532 518 567 coruli
537 532 600 566 viridis
618 530 713 576 arripiens,
730 530 748 564 in
767 531 841 567 nomine

138 591 201 620 sancte
216 585 301 620 trinitatis
316 586 358 620 data
374 586 501 620 benedictione
517 584 627 620 insufflauit:
647 589 665 618 et
684 584 781 619 confestim
798 586 841 628 igne

138 638 203 672 celitus
218 637 286 672 emisso
299 648 362 673 ramus
378 638 471 682 ingentem
485 638 577 683 flammam
593 637 679 682 produxit
695 643 713 670 et
728 638 797 680 absque
813 638 841 671 sui

138 691 248 726 detrimento
260 692 325 725 ardere
337 691 390 736 cepit.
413 691 503 725 Accensis
514 696 575 723 autern
587 690 674 730 candelis,
685 690 748 724 lumen
759 690 778 723 in
790 701 841 725 ramo

112 751 129 773 1⁰
138 744 217 789 amplius
230 744 289 779 visum
303 755 340 779 non
354 751 387 779 est.
432 737 495 779 Cocus
509 744 567 778 sancti
581 743 659 777 Seruani
674 743 804 778 inualescente
814 743 841 779 in-

138 797 228 830 firmitatis
238 798 321 830 molestia
331 798 405 830 vitalem
414 798 498 839 spiritum
506 797 600 837 exhalans,
608 797 658 830 iuxta
668 807 739 830 morem
747 796 841 840 sepelitur.

139 849 228 894 Sequenti
240 860 284 884 vero
298 850 333 892 die,
347 849 463 892 instigatione
478 859 499 882 ac
514 860 568 892 prece
582 848 664 882 omnium
676 848 807 892 discipulorum
820 860 840 884 ac

138 903 240 936 emulorum
249 902 340 946 primum³
349 904 407 936 saneti
413 904 425 945 ⁴,
434 913 492 935 senex
499 902 593 935 Seruanus
600 912 635 944 per
642 907 727 935 sanctum
735 906 753 935 et
761 902 841 937 terribile

138 966 206 991 nornen
219 955 288 988 domini
299 955 448 999 Kentegernum¹
459 956 550 996 adiurans,
558 954 577 988 in
588 954 654 989 virtute
664 960 727 989 sancte
739 954 841 990 obedientie

111 1017 129 1049 15
138 1008 234 1052 imperauit
249 1014 268 1042 vt
284 1008 302 1042 in
319 1008 456 1043 resuscitatione
472 1007 500 1042 sui
518 1008 567 1042 serui
585 1007 612 1041 si⁵
630 1008 673 1052 quid
691 1009 840 1052 posset'saltem

137 1066 258 1104 attemptaret.
281 1060 397 1093 Adolescens
407 1072 451 1093 vero
463 1061 595 1093 adiurationem
605 1061 708 1095 exhorrens
713 1061 725 1103 ⁰,
736 1062 759 1095 de
771 1063 841 1096 tumulo

138 1115 213 1147 humum
229 1112 292 1157 proiiei
307 1112 364 1156 iussit,
380 1118 398 1146 et
413 1118 516 1156 prostratus
532 1123 573 1146 cum
589 1111 682 1147 lachrimis
696 1112 840 1148 misericordiam

137 1165 206 1199 domini
221 1165 329 1208 implorauit,
345 1165 419 1199 dicens:
440 1166 529 1199 ‘Domine
543 1165 586 1199 Iesu
602 1166 680 1209 Christe,
694 1166 731 1199 vita
746 1172 764 1200 et
779 1177 839 1200 resur-

137 1220 192 1253 rectio
203 1224 316 1253 mortuorum
322 1218 334 1262 ²,
343 1217 374 1263 qui
385 1218 485 1252 mortificas
496 1222 514 1252 et
525 1217 611 1260 viuificas,
620 1217 695 1252 deducis
709 1219 731 1252 ad
743 1218 811 1253 interos
823 1225 840 1252 et

109 1289 128 1309 20
137 1273 214 1313 reducis,
225 1272 253 1306 cui
262 1272 300 1306 vita
311 1277 329 1306 et
339 1283 390 1306 mors
402 1273 518 1315 famulantur,
527 1272 558 1316 qui
570 1271 662 1306 suscitasti
673 1271 763 1306 Lazarum
773 1271 840 1317 quatri-

137 1326 227 1359 duanum:
245 1325 334 1359 resuscita
347 1326 396 1359 hunc
408 1331 506 1367 mortuum,
519 1330 538 1359 vt
551 1324 663 1368 glorificetur
674 1336 742 1359 nomen
756 1331 840 1359 sanctum

136 1383 187 1412 tuum
200 1389 256 1422 super
266 1378 328 1412 omnia
340 1379 359 1412 in
372 1378 435 1412 secula
448 1379 575 1412 benedictum.¹
599 1378 638 1411 Nec
648 1389 705 1419 mora,
716 1378 748 1422 qui
757 1379 839 1423 sepultus

136 1423 200 1471 fuerat,
208 1441 219 1463 a
227 1431 303 1463 mortuis
311 1442 416 1473 resurgens,
424 1431 545 1472 reproborum
553 1431 642 1473 supplicia
650 1436 668 1465 et
678 1432 767 1465 iustorum
775 1431 840 1475 gaudia

136 1493 172 1526 que
180 1482 230 1524 vidit,
241 1483 359 1527 postmodum
371 1483 468 1524 enarrant,
476 1482 580 1527 multosque
590 1483 613 1516 de
624 1483 672 1516 malo
684 1483 707 1517 ad
718 1484 786 1517 bonum
797 1494 839 1517 con-

110 1546 127 1576 25
136 1535 195 1578 uertit,
209 1541 227 1571 et
242 1536 299 1571 bonos
313 1541 332 1570 vt
346 1536 365 1569 in
381 1537 447 1571 melius
463 1536 574 1580 proficerent
590 1536 628 1570 suis
642 1537 704 1570 verbis
719 1535 839 1570 confirmauit.

136 1589 238 1623 Asserebat
252 1600 272 1622 se
285 1590 341 1623 rebus
354 1590 440 1623 humanis
455 1590 543 1623 indicibili
558 1590 621 1623 dolore
636 1595 749 1633 exemptum,
765 1596 783 1624 et
798 1596 839 1624 ante

136 1641 215 1677 tribunal
227 1642 318 1676 tremendi
330 1641 394 1677 iudicis
406 1643 516 1676 adductum:
533 1642 594 1686 ibique
607 1641 675 1676 vidisse
687 1642 751 1686 plures
765 1648 839 1686 accepta

136 1694 227 1728 sententia
239 1694 258 1726 in
271 1699 338 1727 tartara
353 1695 463 1737 precipitari,
476 1695 521 1728 alios
534 1696 557 1728 ad
573 1696 612 1729 loca
626 1695 731 1738 purgatoria
746 1695 838 1738 destinari,

136 1747 226 1789 quosdam
237 1747 260 1779 ad
272 1746 347 1779 celestia
358 1747 477 1790 gaudiacum
489 1757 555 1788 magna
566 1746 678 1781 exultatione
688 1747 761 1782 eleuari.
785 1748 839 1781 Cum-

109 1808 128 1838 30
137 1809 173 1842 que
185 1798 295 1833 sententiam
309 1809 361 1833 suam
375 1800 464 1833 tremulus
478 1805 589 1843 expectaret,
603 1810 624 1832 se
637 1810 679 1833 esse
692 1799 744 1834 illum
757 1810 790 1843 pro
804 1810 838 1842 quo

136 1854 212 1887 dilectus
226 1851 295 1886 domini
310 1852 450 1896 Kentegernusl
462 1857 528 1894 oraret,
539 1852 618 1895 audiuit,
636 1857 654 1886 et
665 1863 676 1887 a
687 1854 767 1896 quodam
780 1851 839 1886 lucido

135 1905 175 1939 viro
183 1906 206 1939 ad
214 1916 281 1949 corpus
291 1905 359 1946 reduci,
366 1907 403 1939 vite
411 1911 429 1939 et
438 1905 520 1949 sospitati
532 1905 608 1949 pristine
618 1905 688 1940 restitui
700 1905 777 1949 iubetur,
786 1912 838 1949 atque

135 1963 155 1993 vt
167 1957 270 1994 correctiori
278 1958 314 1993 vite
326 1958 414 2003 deinceps
426 1958 533 2002 inuigilaret,
541 1959 564 1992 ab
572 1959 637 1992 eodem
647 1959 722 1993 duetore
731 1969 765 1993 suo
775 1958 838 1992 sedulo

136 2011 277 2044 commonetur⁸.
301 2011 352 2045 Idem
361 2011 410 2044 enim
418 2022 473 2045 cocus
480 2012 562 2045 habitum
571 2011 664 2055 religionis
675 2023 778 2055 assumens,
787 2018 805 2045 et
815 2011 838 2044 de

108 2074 127 2104 35
136 2062 202 2097 virtute
209 2062 228 2095 in
236 2063 323 2097 virtutem
330 2064 435 2106 proficiens,
443 2064 540 2107 septennio
548 2063 656 2107 superuixit.
680 2064 701 2096 ln
712 2065 764 2097 cuius
776 2065 838 2097 tumbe

136 2115 227 2160 operculo,
243 2115 320 2159 qualiter
334 2115 453 2150 resuscitatus
466 2116 525 2150 iuerat
540 2127 551 2150 a
566 2122 629 2151 sancto
643 2116 761 2162 Kentegerno
775 2114 837 2150 litteris

136 2173 227 2202 exaratur.
273 2161 344 2203 Sancta
351 2169 412 2212 itaque
420 2169 547 2212 Kentegerni⁰
555 2170 675 2212 conuersatio,
683 2181 719 2214 que
727 2170 789 2204 multis
797 2179 837 2213 pro·

126 2220 209 2265 ⁴ficiendi
223 2221 312 2263 prebebat
327 2221 438 2264 exemplum,
453 2221 519 2255 emulis
535 2222 574 2256 eius
590 2222 663 2257 maioris
679 2222 715 2256 odii
731 2228 770 2257 erat
784 2220 837 2256 semi-

136 2274 213 2307 narium.
237 2273 342 2316 Intelligens
355 2284 398 2316 ergo
412 2273 440 2307 vir
451 2273 481 2307 dei
493 2285 557 2308 eorum
569 2274 662 2318 inuidiam,
675 2274 728 2310 simul
742 2281 760 2309 et
772 2276 837 2309 timens

107 2339 127 2367 40
136 2325 198 2371 populi
209 2325 291 2359 fauorem
304 2331 322 2359 et
334 2326 428 2368 honorem,
441 2326 481 2360 loco
491 2328 557 2361 cedere
568 2328 687 2362 deliberauit:
700 2329 837 2369 reuelatumque

135 2385 164 2415 est
175 2378 192 2412 ei
204 2379 318 2422 propositum
330 2389 383 2412 suum
395 2379 414 2412 in
425 2379 482 2413 oculis
494 2379 562 2413 domini
574 2386 646 2424 gratum
658 2381 698 2416 fore
709 2387 727 2416 et
737 2384 836 2424 acceptum·

80 2468 84 2474 ,
136 2432 194 2476 Igitur
209 2432 256 2465 clam
271 2432 366 2473 recedens,
379 2433 401 2465 ad
417 2431 516 2466 Mallenam
531 2433 607 2467 ssuuium
619 2435 675 2476 venit,
691 2446 726 2478 que
742 2446 766 2468 ex
782 2429 836 2466 maris

135 2489 218 2519 reumate
228 2483 316 2517 influente
327 2483 400 2517 alueum
411 2494 465 2517 suum
476 2486 574 2525 excedens,
582 2496 656 2519 ornnem
666 2487 774 2520 transeundi
785 2492 836 2527 spem

155 2553 311 2589 ¹E.l<entegrinus„
353 2551 398 2582 ²oni.
441 2552 680 2590 Εηριιεηζ4Βο11.εευιεῑιιε.
721 2547 835 2594 lominBolh

134 2592 177 2622 ⁰Vit
185 2593 294 2623 extimescens.
337 2590 447 2623 ⁷altu0rum,
495 2593 648 2625 ”Ecommouetun
693 2590 834 2628 οΕΚειιῐεεπίῐῐὶι
