1762 2803
243 91 288 148 Bt
304 89 404 145 &aucto
419 91 553 147 1111111111.
703 99 747 152 467

46 220 115 254 honore
123 220 140 249 et
148 224 220 249 surnma
228 212 331 248 reuerentia
339 218 367 247 est
375 212 476 248 humatum.
499 212 538 248 Nec
548 212 605 248 multo
615 218 656 258 post
665 214 749 258 specialis

47 272 94 306 filius
106 274 124 303 et
135 267 199 302 martir
209 266 258 310 regis
270 266 352 310 superni,
365 267 388 301 ad
400 266 498 311 specialem
510 266 566 301 filiam
578 278 653 301 romane
666 267 750 309 ecclesie,

47 323 142 360 ecclesiam
147 320 231 355 videlicet
239 320 393 362 euishameusem,
401 319 463 354 diuina
471 320 580 365 disponente
588 322 646 364 gratia
653 326 681 354 est
689 327 750 355 trans-

46 380 98 418 latus,
109 381 129 409 vt
140 375 200 408 locum
212 383 267 417 quem
279 374 378 407 Kenredus
391 383 425 407 rex
438 374 488 416 regia
501 378 592 417 potestate
606 373 658 417 regie
671 374 750 407 libertati

48 428 125 468 donauit,
140 426 223 462 eiusdem
241 425 290 470 regis
306 426 454 470 consanguineus
470 427 535 461 beatus
549 427 651 468 Wistanus,
667 433 686 461 vt
705 427 769 465 alters

47 480 180 527 quodammodo
190 478 298 513 substitutus
307 484 401 522 patronus,
409 480 459 523 regia
466 485 555 523 potestate
563 486 667 524 protegeret
675 486 694 514 et
702 490 751 514 mar-

48 536 86 572 tiris
94 532 187 580 presentia
195 532 321 567 sanctificaret.
358 525 409 569 Cum
417 538 479 567 autem
486 534 551 568 beatus
558 533 656 568 Wistanus
664 533 752 577 martirio,

48 595 66 625 vt
75 588 171 634 prefertur,
180 591 303 629 coronaretur,
311 586 361 620 omni
372 597 419 620 anno
431 597 465 630 per
472 597 527 621 vnam
538 587 602 621 horam
613 587 661 621 illius
669 588 705 622 diei
716 598 752 631 qua

48 641 111 686 gladiis
124 639 222 683 impiorum
237 638 325 680 occubuit,
337 639 356 672 in
370 639 435 673 eodem
450 639 491 673 loco
503 639 534 672 vbi
548 640 645 683 columpna
659 640 705 674 lucis
720 649 752 683 ap-

49 694 112 739 paruit,
124 691 183 736 capilli
195 691 259 736 quales
270 691 356 725 videntur
366 690 385 725 in
397 691 455 736 capite
467 691 568 735 hominum,
579 692 672 736 oriuntur3
688 698 707 727 vt
718 702 753 738 per
763 702 781 724 10

49 748 122 792 capillos
133 757 144 780 a
154 746 213 789 capite
222 745 304 779 eiusdem
315 746 436 780 adolescentis
448 746 528 787 auulsos,
536 746 554 780 in
563 747 628 781 eodem
636 748 676 781 loco
684 747 753 781 effusos

49 808 66 835 et
73 801 172 843 dispersos,
180 798 212 842 qui
220 810 231 832 a
238 798 322 833 fidelibus
330 804 374 832 tunc
384 798 409 832 ibi
418 799 535 842 presentibus
546 799 605 843 colligi
616 810 653 833 non
663 805 753 843 poterant,

49 855 106 889 adhuc
119 858 181 886 tamen
194 851 262 886 ibidem
273 856 403 895 permanentes
415 857 432 886 et
444 852 538 887 annuatim
550 859 661 895 crescentes
672 852 752 887 veridica

50 905 143 940 saluatoris
155 905 267 947 approbetur
279 905 369 937 sententia
382 915 418 947 qua
430 904 496 937 dicitur
508 905 550 948 quia
560 905 649 949 ‘capillus
660 907 684 939 de
695 905 754 949 capite

50 964 109 992 vestro
119 967 156 991 non
165 956 243 1000 peribit!
266 956 288 989 Et
301 966 342 990 cum
354 956 407 990 multi
418 957 504 991 martires
515 957 580 1002 capitis
591 957 694 993 abscisione
705 967 754 992 mar·
763 967 781 999 1⁵

50 1012 108 1046 tirium
127 1010 271 1054 compleuerant,
290 1009 325 1044 iste
344 1020 381 1044 non
400 1010 473 1045 absciso
490 1010 554 1055 capite,
569 1011 602 1046 sed
620 1016 690 1046 tautum
707 1021 753 1046 cono

50 1063 113 1109 capitis
130 1068 216 1108 quassato
234 1062 253 1095 in
269 1063 344 1096 modum
362 1073 430 1097 corone
446 1063 505 1098 victor
521 1063 610 1099 occubuit.
639 1063 687 1099 Cum
704 1064 753 1099 enim

52 1116 166 1152 Baldewinus
180 1115 329 1161 archiepiscopus
342 1117 475 1152 cantuariensis
488 1129 545 1162 super
558 1117 645 1163 predictis
658 1118 753 1153 certificari

51 1172 108 1210 vellet,
119 1171 199 1204 instante
212 1171 242 1203 die
255 1169 321 1203 natalis
336 1170 419 1203 eiusdem
434 1170 519 1210 martiris,
533 1170 582 1204 misit
595 1170 637 1204 illuc
648 1170 698 1205 viros
711 1171 754 1204 reli-

51 1222 111 1267 giosos
122 1227 140 1257 et
152 1222 189 1257 fide
201 1222 272 1267 dignos,
284 1222 315 1267 qui
326 1221 368 1257 illuc
379 1222 493 1266 accedentes,
504 1233 539 1268 per
549 1221 632 1268 spacium
643 1221 697 1259 unius
709 1221 754 1258 hore
763 1235 783 1258 ao

52 1276 86 1311 diei
94 1275 185 1322 passionis
194 1288 227 1310 sue
235 1275 254 1310 in
265 1277 331 1310 eodem
341 1276 386 1319 loeo,
395 1276 442 1311 circa
450 1278 539 1322 capellam
547 1289 583 1322 que
591 1278 616 1311 ibi
624 1278 658 1312 sita
666 1284 700 1321 est,
707 1278 755 1313 inter

52 1331 126 1364 herbam
139 1329 217 1364 viridem
231 1330 307 1373 capillos
320 1329 373 1373 quasi
387 1330 473 1370 hominis,
484 1340 531 1374 quos
544 1330 629 1365 manibus
640 1330 679 1365 suis
691 1330 755 1374 palpa·

52 1386 116 1414 uerunt
125 1387 143 1414 et
154 1392 186 1415 ore
197 1381 330 1422 osculabantur,
338 1381 402 1415 videre
413 1388 531 1424 meruerunt3
543 1382 637 1417 etiterum
648 1388 690 1426 post
697 1382 756 1417 modi-

53 1445 92 1467 cum
101 1433 145 1466 nihil
155 1434 174 1467 111
186 1435 251 1468 eodem
262 1434 302 1467 loco
314 1433 349 1467 nisi
361 1434 419 1468 solam
431 1435 507 1469 herbam
519 1440 660 1479 perspexerunt.
705 1427 756 1470 Cum

53 1487 100 1520 enim
111 1486 206 1521 Walterus
220 1487 282 1529 abbas,
294 1486 325 1531 qui
340 1486 412 1531 primus
427 1486 582 1532 Franeigenarum
598 1486 674 1522 ecclesie
689 1487 757 1533 prefuit
765 1499 783 1533 ²5

54 1539 180 1582 euistramensi,
189 1542 256 1576 multas
264 1546 369 1575 sanctorum
381 1540 482 1576 inuenisset
494 1541 580 1586 reliquias
586 1540 597 1584 ¹,
608 1541 652 1586 igne
663 1541 703 1577 illas
715 1552 756 1586 pro-

53 1593 90 1626 bari
105 1593 191 1628 decreuit.
215 1593 309 1637 Reliquias
325 1593 379 1628 etiam
394 1593 443 1628 beati
457 1594 542 1634 Wistani,
556 1595 579 1629 de
594 1594 646 1629 cuius
661 1594 756 1629 sanctitate

54 1646 148 1688 dubitabat,
159 1647 178 1680 in
189 1647 251 1691 ignem
263 1646 357 1691 copiosum
368 1645 454 1681 immisit:
469 1648 502 1681 sed
512 1647 598 1681 dominus
608 1647 633 1681 ita
643 1647 684 1681 illas
695 1646 757 1682 illesas

54 1701 166 1734 conseruauit
173 1706 193 1734 vt
203 1700 283 1734 flammis
295 1699 358 1734 diuisis
369 1699 436 1734 intacte
446 1706 582 1744 permanerent,
590 1700 676 1744 colorque
684 1700 702 1735 in
711 1700 756 1735 ossi·

54 1751 87 1785 bus
101 1757 181 1787 mutatus
196 1763 233 1787 non
249 1757 283 1787 est.
308 1752 363 1787 Vnde
378 1753 486 1797 perterritus
501 1753 558 1787 abbas
572 1752 656 1788 tremulis
671 1752 756 1788 manibus
765 1762 786 1794 30

54 1808 118 1839 testam
131 1806 196 1850 capitis
211 1806 285 1851 gloriosi
300 1807 380 1840 martiris
394 1817 435 1841 cum
452 1807 475 1840 ab
488 1807 530 1852 igne
545 1807 568 1840 ad
582 1807 642 1841 locum
658 1807 756 1851 pristinum

55 1857 162 1901 deportaret,
170 1871 213 1894 casu
221 1862 245 1894 de
252 1860 337 1894 manibus
345 1860 385 1894 eius
393 1861 453 1894 subito
463 1860 482 1894 in
493 1866 561 1894 terram
571 1860 640 1901 cecidit,
648 1864 756 1904 tantumque

55 1909 112 1943 riuum
124 1913 196 1946 sudoris
208 1913 269 1946 emisit
279 1918 367 1956 qnantum
378 1913 444 1956 aliquis
451 1912 532 1946 virorum
543 1913 623 1955 quolibet
633 1912 723 1947 accidenti
732 1914 756 1946 de

56 1970 75 1994 se
86 1963 168 1999 emittere
179 1969 247 2009 posset.
271 1964 311 2007 Quo
319 1964 359 1999 viso
369 1974 440 2005 omnes,
450 1964 480 1998 dei
491 1964 586 1998 laudantes
598 1964 693 2008 magnalia,
700 1975 757 1999 voces

56 2014 77 2047 ad
85 2014 145 2050 sidera
151 2017 222 2060 tollunt,
230 2022 249 2052 et
259 2022 313 2063 caput
323 2028 365 2052 cum
375 2017 442 2051 ceteris
453 2016 542 2051 membris
553 2016 572 2051 in
583 2015 671 2051 feretrum
683 2017 757 2052 bonori-
766 2029 785 2060 35

56 2065 88 2102 lice
96 2077 191 2113 reponunt.

77 2145 124 2188 [MS.
131 2149 173 2183 Tib.
181 2152 232 2184 adds
239 2163 244 2184 ;
346 2150 462 2184 suadendae

79 2218 123 2262 Non
137 2230 215 2265 multum
229 2236 271 2266 ante
285 2231 318 2265 hec
331 2237 415 2274 tempora
426 2237 490 2265 sancta
500 2229 569 2273 Aurea,
582 2230 657 2265 Parisiis
667 2230 686 2265 in
700 2230 759 2266 Gallia

58 2276 129 2324 florens,
145 2284 189 2318 dum
205 2295 264 2328 panes
280 2286 303 2319 ad
319 2283 441 2319 refeccionem
458 2294 542 2318 sororum
559 2285 652 2326 deessent,
667 2283 759 2319 clibanum

58 2333 164 2370 candentem
179 2337 250 2371 intrans
265 2349 335 2382 prunas
350 2338 436 2373 ardentes
449 2337 489 2372 suis
504 2337 588 2372 manibus
601 2337 650 2371 foras
664 2337 728 2371 detulit
741 2343 760 2372 et

58 2383 148 2422 fornacem
162 2392 250 2425 mundam
265 2391 359 2433 exhibuit;
375 2397 395 2425 ut
407 2397 468 2425 autem
481 2391 589 2425 miraculum
604 2391 727 2435 duplicaretur
741 2398 760 2425 et
767 2404 788 2433 40

59 2434 97 2470 laus
105 2440 181 2484 uirginis
189 2448 252 2477 sancte
259 2449 414 2488 augmentaretur,
422 2454 511 2487 campane
520 2443 560 2477 sine
571 2452 658 2476 manuum
667 2448 715 2477 tactu
726 2453 761 2486 per

161 2551 167 2570 ¹
178 2562 208 2583 om.
217 2554 233 2584 in
241 2554 259 2584 T.
393 2555 399 2572 ²
409 2555 433 2584 Cf.
440 2554 485 2584 Vinc.
494 2554 534 2583 Bell.
542 2553 656 2592 XX111.69ff.

384 2623 398 2647 11
406 2614 418 2647 h
425 2624 437 2647 1
