1762 2803
248 111 294 167 3>ss
309 108 409 163 &aaut
426 107 540 162 domino.
701 112 742 166 361

44 236 83 278 cuit,
99 235 189 273 habetote,
203 230 288 275 quatinus
302 230 342 264 eius
357 230 414 264 oratio
428 236 446 264 et
461 239 539 273 regnum
552 233 635 264 vestrum
650 228 747 271 populum-

44 300 79 334 que
89 290 159 330 augeat,
172 289 190 319 et
202 294 235 319 vos
251 282 372 326 omnipotenti
387 283 422 317 deo
436 280 610 326 irreprehensibiles
625 285 747 324 representet.

45 344 71 379 Ea
80 351 124 376 vero
137 349 173 383 que
185 349 197 372 a
208 335 262 371 nobis
274 347 309 381 pro
321 335 389 371 vestris
400 335 526 371 sacerdotibus
539 334 641 370 ordinanda
652 333 748 379 sperastis,

45 395 89 430 hec¹
97 404 131 437 pro
143 391 186 425 fidei
196 395 257 424 vestre
269 389 379 432 sinceritate,
387 401 423 433 que
434 390 487 424 nobis
498 389 605 423 multimoda
615 387 703 422 relatione
714 397 749 431 per

45 445 157 493 presentium
165 443 264 488 portitores
275 441 390 476 laudabiliter
397 442 488 477 insinuata
499 447 532 485 est,
540 440 618 487 gratuito
629 440 691 475 animo
698 439 748 474 attri-
757 446 766 476 5

45 503 101 536 bnere
111 498 148 532 vlla
159 497 211 532 sine'
219 495 306 530 dilatione
316 495 439 540 preuidimus3
452 501 470 530 et
479 496 515 530 dno
526 495 581 540 pallia
588 494 671 538 vtrisque
681 499 748 528 metro·

45 551 135 596 politanis,
146 550 165 582 id
178 554 207 582 est
218 548 301 580 Honorio
310 553 328 581 et
340 548 422 589 Paulino,
432 548 538 588 direximus,
546 554 566 581 vt
578 548 621 580 dum
631 547 672 590 quis
684 556 748 580 eorum

46 605 69 638 de
79 604 113 637 hoc
125 601 188 636 seculo
197 600 220 635 ad
232 604 325 635 auctorem
335 610 389 634 suum
400 600 453 635 suerit
462 600 566 641 accersitus,
573 598 592 633 in
600 599 640 633 loco
647 598 706 642 ipsius
717 598 748 633 ille

46 656 77 700 qui
90 659 185 699 superstes
199 652 253 686 suerit
265 652 343 686 alterum
356 652 463 697 episcopum
479 664 503 686 ex
517 653 552 686 hac
565 657 627 686 nostra
642 651 748 685 auctoritate

47 709 111 743 debeat
123 707 228 750 subrogare.
251 704 305 747 Quod
316 705 391 749 quidem
402 710 439 738 tam
451 716 485 749 pro
496 711 558 739 vestre
571 704 664 738 charitatis
676 704 748 745 affectu,
758 714 777 735 10

47 771 101 806 quam
109 770 142 803 pro
150 763 242 793 tantarum
253 757 388 801 prouinciarum
400 758 474 802 spacio³
481 769 517 802 que
529 758 576 792 inter
587 767 621 791 nos
632 762 650 791 et
661 767 695 791 vos
706 767 749 791 esse

47 818 151 854 noscuntur,
160 822 225 846 sumus
232 810 315 844 inuitati⁴
323 812 429 852 concedere,
436 817 456 845 vt
466 810 485 845 in
496 811 581 844 omnibus
589 809 680 844 deuotioni
687 815 749 843 vestre

47 871 130 900 nostrum
136 873 252 906 concursum,
258 863 312 897 etiam
318 862 325 882 ³
332 863 382 897 iuxta
389 869 451 898 vestra
459 863 550 897 desideria
555 863 681 908 preberemus.
697 861 750 895 Inco-

47 920 114 953 lumem
126 916 253 951 excellentiam
261 921 342 950 vestram
352 916 410 960 gratia
420 927 501 961 superna
510 915 610 950 custodiat)
658 908 750 949 Edvvinus

47 981 91 1005 vero
105 981 139 1005 rex
154 980 196 1004 cum
211 970 276 1003 decem
291 974 310 1003 et
324 974 396 1013 septem
412 969 465 1003 annis
480 970 530 1013 genti
545 969 648 1012 Anglorum
664 968 778 1008 simuletis

49 1023 143 1058 Britonum
155 1022 258 1067 prefuisset,
266 1033 276 1056 e
284 1021 350 1066 quibus
361 1032 395 1056 sex
403 1021 471 1056 Christi
481 1032 539 1066 regno
550 1020 643 1063 militauit;
655 1020 751 1055 rebellauit

48 1078 137 1110 aduersus
149 1087 192 1109 eum
202 1075 295 1110 Cedwalla
305 1086 339 1108 rex
347 1075 449 1116 Britonum,
458 1076 548 1119 prebente
557 1074 583 1108 illi
591 1074 679 1107 auxilium
687 1074 752 1107 Penda

49 1139 92 1171 rege
105 1127 226 1163 Merciorum:
243 1131 261 1162 et
275 1126 371 1161 conserto⁶
383 1127 434 1171 graui
449 1126 507 1170 prelio
522 1127 541 1161 in
555 1136 620 1170 campo
633 1126 664 1169 qul
676 1131 752 1160 vocatur

50 1180 142 1222 Hathleld‚
156 1180 226 1215 occisus
241 1183 269 1214 est
284 1179 377 1222 Edwinus,
391 1184 454 1224 quarto
469 1179 510 1214 idus
523 1179 608 1222 octobris,
620 1190 669 1212 anno
682 1178 751 1212 domini

50 1233 184 1269 sexcentesimo
199 1233 351 1275 tricesimotertio,
367 1243 408 1268 cum
427 1239 477 1269 esset
492 1243 582 1268 annorum
597 1232 717 1277 qnadraginta
732 1237 780 1267 etro

50 1291 99 1329 oct0;
112 1286 187 1330 eiusque
195 1291 244 1320 totus
251 1287 280 1320 vel
288 1286 410 1330 interemptus
417 1287 447 1321 vel
455 1286 550 1331 dispersus
558 1291 586 1320 est
594 1285 691 1320 exercitus.
710 1285 752 1328 Quo

50 1338 68 1372 in
80 1344 163 1383 tempore
175 1338 259 1374 maxima
267 1338 313 1373 lacta
325 1344 353 1374 est
364 1345 435 1384 strages
446 1339 465 1374 in
477 1339 553 1374 ecclesia
565 1344 583 1374 et
593 1344 649 1383 gente
661 1338 752 1373 Northan·

50 1392 174 1427 humbrorum.
197 1393 244 1426 Nam
253 1392 321 1434 Penda,
327 1403 368 1426 cum
374 1392 424 1426 omni
433 1392 543 1427 Merciorum
551 1398 606 1437 gente
613 1392 666 1426 idolis
674 1392 752 1436 deditus,

51 1444 144 1478 christiani
162 1444 242 1479 nominis
260 1445 336 1488 ignarus
352 1450 401 1487 erat;
424 1445 522 1487 Cedwalla,
540 1444 624 1488 quamuis
642 1444 753 1479 christianus

51 1501 104 1538 esset,
112 1496 173 1531 animo
181 1503 242 1533 tamen
254 1507 275 1531 ac
287 1497 368 1533 moribus
379 1498 468 1533 barbarus
479 1503 523 1540 erat,
531 1504 549 1533 et
561 1508 594 1532 nec
605 1496 658 1532 sexui
669 1497 752 1532 muliebri
762 1509 780 1539 ²5

52 1558 85 1581 nec
94 1549 213 1591 paruulorum
223 1549 306 1592 pepercit
317 1549 365 1590 etati,
373 1549 417 1593 quin
425 1549 522 1584 vniuersos
531 1550 624 1584 atrocitate
632 1549 690 1584 lerina
699 1550 754 1584 morti

51 1610 86 1644 per
98 1606 189 1636 tormenta
205 1602 325 1645 contraderet,
339 1602 397 1636 multo
409 1607 492 1647 ternpore
507 1608 555 1637 totas
570 1613 634 1638 eorum
649 1602 754 1647 prouincias

52 1653 170 1689 debachando
187 1660 303 1700 peruagatus,
318 1660 376 1691 totum
395 1666 454 1701 genus
469 1656 572 1701 Anglorum
589 1656 612 1690 de
630 1655 697 1691 tinibus
714 1656 754 1691 Bri·

52 1706 113 1740 tannie
126 1718 222 1743 erasurum
236 1719 257 1742 se
270 1718 312 1742 esse
324 1708 433 1743 deliberans.
456 1709 494 1743 Sed
506 1720 540 1743 nec
553 1708 637 1752 religioni
650 1709 754 1750 christiane,

52 1759 98 1801 quel
106 1761 155 1803 apud
167 1772 199 1795 eos
210 1766 273 1795 exorta
280 1766 324 1800 erat,
333 1761 400 1807 aliquid
408 1761 525 1805 impendebat
535 1761 621 1803 honoris;
633 1761 702 1806 quippe
713 1772 753 1796 cum
763 1773 782 1803 3⁰

53 1822 110 1855 vsque
118 1813 173 1847 hodie
184 1813 241 1849 moris
253 1813 276 1847 sit
284 1814 385 1856 Britonum,
393 1815 449 1848 fidem
457 1814 601 1858 religionemque
608 1814 712 1858 Anglorum
720 1826 755 1859 pro

53 1863 119 1899 nichilo
130 1866 204 1902 habere.
226 1866 306 1902 Allatum
317 1873 346 1902 est
357 1873 418 1901 autem
426 1873 480 1911 caput
488 1867 560 1901 Edvvini
568 1866 617 1910 regis
627 1868 650 1901 ad
658 1867 754 1902 ecclesiam

42 1915 100 1950 ‘beati
112 1917 162 1952 Petri
173 1919 256 1963 apostoli,
268 1928 328 1964 quam,
338 1924 357 1953 vt
368 1918 453 1959 diximus,
462 1919 503 1963 ipse
514 1920 568 1963 cepit,
578 1923 596 1952 et
607 1928 703 1953 successor
714 1919 755 1953 eius

54 1967 151 2004 Oswaldus
159 1970 245 2014 perfecit3
257 1971 374 2015 positumque
382 1976 411 2005 est
418 1971 437 2006 in
445 1971 516 2015 porticu
524 1970 582 2004 sancti
588 1970 672 2014 Gregorii
679 1982 734 2015 pape.

76 2020 123 2063 [MS.
131 2023 152 2055 T.
159 2024 226 2059 addsl:

77 2066 141 2110 Huius
164 2077 221 2112 cladis
241 2077 317 2111 articulo
337 2078 411 2112 turbata
430 2077 531 2121 prouincia,
551 2076 638 2112 Paulinus
657 2076 783 2121 episcopusas

55 2134 149 2172 assumpta
160 2141 224 2165 secum
236 2131 299 2174 regina
313 2131 425 2175 Ethelburga
437 2131 523 2164 Canciam
535 2129 607 2173 nauigio
619 2130 678 2163 rediit.
699 2130 756 2164 Venit

55 2184 115 2215 autem
130 2181 173 2218 illuc
192 2184 238 2219 duce
257 2183 316 2218 Basso
332 2183 389 2218 milite
407 2184 457 2228 regis
474 2183 546 2218 Edwini
565 2182 669 2225 fortissimo,
684 2183 756 2219 habens

55 2240 117 2266 secum
133 2235 241 2269 Eanssedam
256 2236 312 2270 filiam
328 2242 346 2270 et
360 2236 470 2270 Iossridum⁹
485 2236 542 2270 tilium
558 2235 635 2276 Edwini,
650 2246 722 2269 necnon
737 2242 756 2271 et

56 2281 98 2328 Yffy
112 2287 169 2321 filium
185 2288 255 2323 Ossridi
270 2289 302 2322 filii
317 2289 362 2323 eius.
385 2289 436 2332 Quos
452 2294 517 2333 postea
535 2294 595 2323 mater
612 2293 662 2323 metu
678 2288 756 2323 Edbaldi

56 2341 74 2369 et
84 2337 165 2375 Oswaldi
176 2352 241 2386 regum
250 2342 300 2377 misit
310 2342 329 2377 in
338 2343 414 2378 Galliam
423 2343 462 2386 regi
471 2342 580 2386 Dagoberto,
588 2346 606 2376 et
613 2341 638 2375 ibi
646 2341 665 2376 in
677 2342 756 2378 infancia
764 2358 785 2388 4⁰

56 2391 122 2426 mortui
129 2399 177 2429 sunt.

57 2517 178 2573 „¹T.E.hoc.
211 2523 329 2555 ‘msiuevlla
362 2524 399 2555 ³al.
407 2525 469 2562 spaciis.
501 2523 615 2555 ⁴E.inuitatc.
648 2525 758 2557 ⁵T.Bed.et.

72 2556 90 2589 E.
99 2567 177 2595 concerto.
231 2562 266 2595 ³13.
274 2564 305 2602 qui.
358 2563 547 2596 ⁰om.inlrlS.Tanner.
597 2564 758 2598 'Bequsclream
