1762 2803
245 120 290 177 bt
305 118 405 173 sancto
421 115 536 172 couno.
694 132 738 178 355

37 244 118 290 quolibet
129 243 184 277 modo
195 241 297 287 suscipere,
304 241 357 277 vobis
368 247 453 287 patenter
464 242 545 277 insinuet
555 241 622 286 quam¹
630 241 686 276 nichil
698 247 737 276 erat

36 298 85 343 quod
101 302 177 331 eatenus
192 295 289 330 colebatis:
306 297 350 330 dum
366 297 448 340 profecto
464 295 550 331 meliores
562 306 596 330 vos
608 295 638 340 qui
652 294 737 339 spiritum

36 351 129 386 uiuentem
141 360 152 382 a
163 348 237 382 domino
252 348 366 392 percepistis,
378 360 442 384 eorum
457 348 593 383 constructione
607 348 738 383 nichilominus

37 402 129 438 existatis:
146 400 214 444 quippe
228 411 274 444 quos
289 402 335 435 deus
351 402 467 445 omnipotens
482 412 505 435 ex
520 401 574 445 primi
588 400 668 435 hominis
682 410 737 445 quem

37 454 133 500 plasmauit
147 454 261 496 cognatione,
276 452 371 487 deductis¹
385 465 419 498 per
434 454 496 488 secula
512 452 676 487 innumerabilibus
695 461 755 497 pro-5

37 506 138 553 paginibus,
146 506 230 550 pululare
239 506 336 540 constituit.
358 506 447 541 Accedite
456 517 500 550 ergo
507 507 530 540 ad
538 506 650 550 agnitionem
658 505 698 540 eius
706 505 738 550 qui

36 572 69 597 vos
80 558 154 602 creauit,
161 559 193 603 qui
204 559 223 595 in
230 560 283 595 vobis
293 559 330 595 vite
340 559 439 596 insufflanit
450 559 540 604 spiritum,
548 559 579 605 qui
590 570 624 604 pro
635 564 697 595 vestra
708 570 737 594 re·

37 614 143 658 demptione
151 613 209 648 filium
220 624 274 649 suum
282 614 395 658 unigenitum
407 613 462 656 misit,
469 619 488 648 vt
495 624 529 649 vos
538 614 561 648 ab
569 613 653 657 originali
661 619 738 657 peccato

38 667 121 711 eriperet,
130 671 148 700 et
158 671 233 711 ereptos
245 667 268 701 de
277 672 367 712 potestate
377 667 457 711 nequitie
467 667 562 711 dyabolice
573 666 669 711 prauitatis
679 667 738 701 celes-

37 722 85 756 tibus
95 720 171 765 premiis
183 727 289 756 muneraret
294 721 305 755 ³,
328 721 420 765 Suscipite
432 721 487 765 ergo⁴
497 721 554 755 verba
566 720 706 765 predicatorum,
719 726 737 755 et
747 730 766 751 10

38 774 153 817 euangelium
168 774 198 807 dei
213 774 262 817 quod
277 774 329 808 vobis
344 773 461 814 annunciant,
472 773 558 817 quatinus
573 774 675 814 credentes,
691 773 738 808 sicut

38 826 100 869 sepius
115 826 183 859 dictum
198 831 232 868 est,
244 826 263 859 in
278 827 334 860 deum
349 831 421 870 patrem
433 826 584 869 omnipotentem,
595 831 613 859 et
626 826 645 859 in
661 825 737 860 lhesum

38 878 130 914 Christum
143 878 201 912 filium
215 879 259 920 eius,
273 886 292 912 et
304 878 389 922 spiritum
402 885 490 920 sanctum,
502 883 521 911 et
531 877 673 922 inseperabilem
686 878 738 912 trini·

38 937 98 974 tatem,
107 930 173 976 iugatis
181 932 308 966 demoniorum
316 931 402 966 sensibus
412 931 526 976 expulsaque
533 942 544 965 a
551 930 604 965 vobis
612 930 738 965 sollicitatione

38 985 125 1019 venenosi
138 990 156 1019 et
171 985 302 1029 deceptabilisl
315 985 378 1026 hostis,
390 994 425 1028 per
439 994 506 1028 aquam
520 990 539 1019 et
554 983 639 1028 spiritum
654 991 738 1019 sanctum
748 999 767 1030 ¹5

38 1037 102 1078 renati,
110 1038 127 1071 ei
137 1038 166 1072 cui
175 1038 290 1073 credideritis
300 1038 319 1072 in
330 1038 429 1081 splendore
439 1037 554 1081 sempiterne
562 1036 619 1081 glorie
627 1037 737 1080 cohabitare,

39 1090 77 1125 eius
89 1090 207 1134 opitulatione
218 1102 239 1125 ac
250 1091 374 1124 munificentia
385 1090 466 1124 valeatis.
489 1090 575 1124 Preterea
590 1090 738 1125 benedictionem

39 1144 146 1185 protectoris
154 1145 223 1177 vestri⁰
231 1145 279 1177 beati
287 1144 337 1177 Petri
344 1144 469 1187 apostolorum
477 1143 565 1186 principis
571 1143 623 1178 vobis
631 1143 738 1185 direximus,

39 1196 57 1229 id
69 1201 97 1228 est
106 1196 200 1230 camisiam
213 1197 255 1230 curn
267 1202 353 1230 ornatura
364 1196 383 1229 in
397 1206 441 1229 auro
451 1207 493 1237 vna,
502 1200 520 1228 et
532 1195 574 1229 lena
587 1195 679 1229 anciriana
690 1207 737 1230 vna:

39 1249 86 1292 quod
95 1249 174 1292 petimus
182 1254 201 1284 vt
212 1260 234 1283 eo
245 1248 362 1293 benignitatis
373 1248 434 1282 animo
445 1248 502 1291 gloria
509 1254 570 1283 vestra
580 1248 672 1292 suscipiat,
680 1259 717 1293 quo
727 1259 738 1283 a
747 1260 767 1282 ao

39 1300 91 1334 nobis
103 1301 183 1335 noscitur
194 1301 315 1336 destinatum!
380 1294 413 1336 Ad
425 1301 521 1345 coniugem
532 1312 605 1345 quoque
616 1301 665 1335 illius
677 1301 738 1336 Ethel-

39 1354 115 1396 burgam
134 1354 238 1389 huiusmodi
257 1354 327 1388 litteras
345 1355 394 1388 idem
413 1353 496 1397 pontifex
512 1353 623 1388 transmisit:
644 1347 738 1388 ‘Domine

40 1405 118 1449 gloriose
131 1406 168 1441 filie
181 1407 293 1451 Ethelburge
306 1406 375 1450 regine,
389 1406 493 1440 Bonisacius
506 1406 604 1450 episcopus
619 1418 685 1441 seruus
699 1418 738 1442 ser·

40 1468 104 1492 uorum
117 1459 152 1493 dei.
175 1459 306 1503 Redemptoris
321 1459 379 1493 nostri
392 1458 496 1503 benignitas
509 1458 589 1493 humano
602 1459 665 1503 generi
679 1459 739 1504 quod'

40 1512 118 1555 preciosi
137 1513 231 1556 sanguinis
248 1513 276 1547 sui
293 1512 382 1547 effusione
399 1523 409 1546 a
425 1512 504 1546 vinculis
518 1512 614 1556 dyabolice
629 1512 739 1557 captiuitatis
748 1521 767 1552 ²5

40 1564 110 1608 eripuit,
118 1566 175 1599 multe
183 1565 298 1610 prouidentie
306 1565 372 1609 quibus
380 1565 481 1599 saluaretur
488 1565 592 1610 propinauit
600 1566 687 1608 remedia,
695 1578 740 1611 qua·

40 1618 89 1651 tinus
104 1619 132 1652 sui
147 1619 227 1652 nominis
240 1619 351 1661 agnitionem
365 1618 439 1652 diuerso
453 1619 507 1652 modo
519 1618 604 1662 gentibus
616 1619 740 1660 innotescens,

41 1675 142 1705 creatorem
155 1681 209 1706 suum
221 1677 307 1715 suscepto
319 1671 418 1705 christiane
429 1671 472 1704 fidei
485 1676 607 1715 agnoscerent
620 1678 741 1706 sacramento.

41 1722 93 1763 Quod
109 1723 194 1766 equidem
209 1723 228 1758 in
240 1729 302 1759 vestre
314 1723 372 1766 glorie
388 1722 474 1758 sensibus
487 1723 549 1759 celesti
563 1724 648 1759 collatum
663 1734 740 1760 munere

42 1774 112 1809 mistica
129 1775 274 1821 regenerationis
292 1776 365 1811 vestre³
379 1776 463 1820 purgatio
481 1780 567 1819 patenter
585 1775 649 1811 innuit.
672 1776 740 1821 Magno
749 1785 769 1816 3ο

42 1827 96 1871 igitur
110 1829 199 1873 largitatis
215 1829 307 1864 dominice
321 1828 411 1864 beneficio
426 1839 480 1863 mens
494 1834 557 1864 nostra
571 1830 637 1873 gaudio
653 1830 740 1865 exultauit

41 1882 89 1924 quod
103 1882 200 1917 scintillam
212 1882 325 1916 orthodoxe⁰
336 1881 429 1926 religionis
440 1882 459 1916 in
469 1882 526 1916 vestri
532 1882 545 1902 ¹⁰
556 1882 640 1926 dignatus
655 1888 684 1916 est
698 1894 740 1917 con-

44 1933 128 1968 uersione
138 1936 261 1975 succendere3
273 1945 297 1968 ex
306 1944 342 1977 qua
353 1944 373 1967 re
383 1944 421 1967 non
432 1934 491 1968 solum
503 1934 577 1976 gloriosi
588 1935 670 1978 coniugis
678 1936 741 1977 vestri,

42 1984 98 2018 immo
117 1986 172 2020 totius
189 1986 249 2031 gentis
263 1986 358 2031 supposite
371 1986 429 2028 vobiS,
443 1985 582 2029 intelligentiam
597 1986 616 2021 in
633 1999 696 2022 amore
711 1987 741 2022 sui

42 2037 111 2073 facilius
126 2040 253 2073 inflammaret¹
280 2039 383 2073 Didicimus
395 2050 481 2083 namque,
492 2039 614 2074 referentibus
629 2040 658 2074 his
671 2041 702 2084 qui
717 2041 740 2074 ad
749 2047 768 2077 35

43 2098 76 2123 nos
88 2091 162 2134 gloriosi
172 2092 205 2126 filii
214 2092 272 2126 nostri
282 2092 361 2126 Edbaldi
371 2091 420 2135 regis
430 2091 539 2126 laudabilem
546 2092 685 2127 conuersionem
694 2103 741 2128 nun-

43 2141 111 2179 ciantes
119 2150 250 2189 peruenerunt,
258 2145 306 2190 quod
315 2144 370 2179 etiam
377 2150 439 2180 vestra
446 2144 503 2190 gloria
511 2144 609 2179 christiane
617 2145 659 2180 fidei
667 2156 742 2191 suscep·

42 2199 60 2227 to
68 2195 144 2230 mirabili
154 2203 274 2240 sacramento,
282 2198 318 2241 piis
328 2203 346 2231 et
354 2199 388 2232 deo
396 2198 467 2241 placitis
475 2197 542 2242 iugiter
552 2197 638 2242 operibus
648 2198 742 2241 enitescat,

43 2248 65 2280 ab
72 2248 162 2284 idolorum
171 2253 226 2285 etiam
234 2250 282 2285 cultu
290 2262 323 2285 seu
329 2250 341 2270 ¹¹
349 2251 453 2295 phanorum
461 2251 614 2294 auguriorumque
621 2250 713 2286 illecebris
721 2262 742 2286 se

43 2301 138 2344 diligenter
153 2304 248 2345 abstineat,
260 2310 278 2338 et
292 2306 317 2338 ita
328 2304 347 2337 in
360 2314 423 2338 amore
435 2303 556 2347 redemptoris
570 2304 627 2337 nostri
640 2304 742 2339 inmutilata
750 2317 771 2347 40

43 2353 139 2390 deuotione
152 2357 255 2400 persistens
270 2356 356 2401 inuigilet,
367 2362 386 2391 vt
399 2356 422 2391 ad
434 2356 544 2391 dilatandam
556 2356 674 2391 christianam
685 2358 742 2393 fidem

43 2405 175 2443 incessabiliter
186 2421 224 2444 non
235 2410 312 2444 desistat
323 2421 399 2453 operam
410 2409 532 2444 commodare.
555 2408 638 2453 Cumque
649 2410 673 2443 de
678 2409 692 2430 ¹²
704 2411 743 2455 glo-

62 2488 182 2530 ¹E.quonia1n.
252 2492 286 2524 ²E.
294 2493 375 2524 deductus.
447 2492 482 2524 ³E.
490 2496 602 2523 remuneraret.
668 2492 744 2526 ⁴ul.orn.
799 2528 803 2534 1

43 2527 78 2559 5ιιΙ.
87 2531 190 2570 deceptibilis.
221 2533 318 2564 ⁸E.nostri.
347 2531 456 2571 'Equoque
488 2532 522 2563 ¹E.
530 2537 589 2563 nostre.
619 2533 743 2566 ”Eortodoxe
804 2530 806 2535 ’

43 2565 145 2603 ¹⁰E.nostri.
187 2573 198 2592 ¹¹
209 2573 256 2603 E.se.
298 2573 448 2611 ¹¹Egloriosode.

370 2633 418 2656 ΑΗ
