1762 2803
266 121 312 176 {tt
327 119 428 173 &aneto
443 124 537 175 monto.
708 140 751 183 213

49 235 72 268 ab
81 234 115 267 hac
126 233 164 267 uita
174 232 214 267 sine
224 243 269 268 uera
278 234 382 278 penitencia
393 239 411 269 et
422 240 539 279 peccatorum
550 245 626 270 suorum
637 235 752 271 confessione

49 297 91 321 eum
98 286 177 329 migrare
183 296 220 320 non
226 287 345 330 permitteret.
355 288 435 332 Contigit
440 298 484 332 ergo
491 293 511 322 ut
516 287 535 321 in
540 288 627 332 Angliam
632 287 753 332 proficiscens

49 339 163 382 naufragium
171 344 269 382 pateretur.
287 339 370 384 Cumque
376 350 440 375 omnes
445 340 521 375 comites
526 350 570 375 suos
576 340 642 375 fluctus
650 340 753 376 inuolueret

50 393 75 435 (et
86 391 127 434 ipse
136 391 216 435 quoque)
224 391 305 426 marinos
313 397 419 427 uersaretur
426 392 445 427 in
453 392 525 436 fluctus,
534 392 611 428 Mariam
624 392 752 439 Magdalenam

49 444 148 479 deuocione
161 455 197 488 qua
207 445 265 489 potuit
276 445 384 482 inuocabat:
403 446 435 490 (et)
449 457 491 481 ecce
505 446 572 481 mulier
583 447 662 491 quedam
673 447 770 491 formosas,

49 499 144 532 dexteram
152 497 199 532 illius
207 498 279 540 (tenulit
287 504 305 533 et
312 510 347 543 per
354 499 439 534 undecim
447 500 505 534 stadia
513 511 572 544 usque
579 500 602 534 ad
610 500 669 545 ripam
678 501 709 544 (ex
717 511 753 545 qua

49 551 144 595 ingressus
154 551 220 592 suerat)
232 562 274 585 enm
286 551 376 595 perduxit.
399 551 422 586 Et
434 553 498 586 decem
511 558 582 587 tanturn
594 552 660 587 diebus
672 553 719 588 sieut
730 554 753 587 ab

49 604 121 647 ea(dem
132 602 167 637 sibi
179 603 327 648 prenunc)iatum
338 604 397 639 suerat
406 604 477 647 pluens,
488 616 557 648 ueram,
566 607 613 640 sicut
622 606 753 652 postulauerat,

48 657 171 702 penitenciam
179 658 253 702 accepit,
261 662 280 693 et
287 664 329 703 post
336 658 370 694 hec
378 659 401 693 ad
410 658 504 694 dominum
513 658 610 704 migrauit]

152 833 167 870 ἹῙ
180 825 213 868 DE
224 843 295 868 sancto
308 825 378 868 NEOTO
389 843 463 868 nsum:
474 843 497 868 ΕΤ
508 833 642 868 ΟΟΝΡΕΕΞΟΒΕῙ.

52 914 120 993 REx
135 915 209 959 quidam
224 915 269 949 luit²
281 915 425 950 Occidentalium
440 915 544 961 Anglorum
559 927 580 950 ac
596 915 663 950 Cancie
679 915 753 950 nomine
763 932 782 954 10

113 968 247 1013 E[l]dulphus³,
253 971 326 1014 egregie
334 971 393 1014 magis
400 970 503 1004 liberalitati
511 971 588 1005 studens
596 979 652 1015 quam
660 970 754 1005 mundane

49 1021 133 1056 seruiens
152 1022 250 1067 cupiditati.
286 1023 345 1057 Multa
360 1025 409 1058 enim
424 1025 448 1058 de
463 1023 579 1058 facultatibus
598 1022 680 1059 ecclesiis
698 1028 754 1068 atque

48 1075 160 1119 pauperibus
172 1076 273 1120 errogabat,
285 1076 356 1111 cunctis
368 1076 464 1111 ecclesiam
477 1075 625 1121 obpugnantibus
637 1081 709 1110 scutum
721 1076 754 1112 de·

48 1128 136 1163 fensionis
153 1128 210 1163 libere
229 1130 338 1174 opponebat.
368 1130 459 1164 Dominus
477 1136 545 1173 autem,
560 1140 602 1165 cum
619 1129 643 1164 sit
661 1129 753 1172 excelsus,

49 1181 124 1215 humilia
135 1182 237 1225 respiciens
247 1188 266 1216 et
277 1183 313 1216 alta
326 1194 337 1216 a
348 1183 402 1226 longe
414 1194 532 1226 cognoscens,
544 1184 584 1217 eius
597 1193 654 1226 opera
665 1183 753 1226 respexit,
762 1200 781 1229 15

49 1233 102 1277 eique
114 1234 172 1267 filium
185 1234 235 1268 dedit
246 1234 321 1268 nomine
333 1234 417 1269 Neotum.
441 1234 476 1269 Hic
487 1235 549 1278 itaque
561 1234 631 1269 Neotus
642 1233 699 1279 regali
710 1245 753 1278 pro-

49 1287 100 1330 sapia
107 1291 163 1328 ortus,
171 1287 268 1321 transactis
275 1286 351 1321 infantie
358 1287 412 1321 annis
422 1288 479 1322 literis
489 1300 510 1322 ac
520 1288 601 1322 moribus
612 1287 689 1322 traditur
698 1287 753 1322 insor-

49 1341 132 1374 mandus.
156 1340 197 1374 Non
209 1340 258 1374 enim
270 1350 281 1373 a
292 1341 358 1375 studiis
369 1341 456 1375 virtutum
467 1341 572 1385 diuinisque
579 1340 681 1385 disciplinis
693 1341 754 1375 carnis

49 1394 149 1436 delectatio,
164 1404 202 1428 non
217 1393 317 1437 petulantia
332 1394 362 1428 vel
374 1394 442 1428 mentis
457 1394 517 1436 elatio,
532 1405 569 1429 non
578 1404 652 1438 <pompe
667 1393 754 1429 secularis

49 1447 146 1482 reuocabat
158 1446 238 1481 ambitio.
261 1447 344 1482 Nitorem
356 1453 375 1481 et
387 1447 464 1492 gloriam
477 1447 556 1483 vestium
569 1447 700 1492 preciosarum,
715 1458 753 1482 om·
762 1464 781 1487 20

49 1511 129 1544 nemque
142 1501 206 1533 luxum
217 1500 292 1544 penitus
305 1501 421 1534 abhorrebat.
443 1500 490 1535 Cum
503 1500 552 1535 enim
565 1500 653 1535 militares
664 1499 754 1543 tetigisset

48 1563 112 1595 annos,
122 1552 200 1587 seculari
210 1552 285 1587 militie⁴
296 1552 386 1597 implicari
398 1552 461 1595 noluit,
473 1554 507 1588 sed
519 1553 580 1597 potius
589 1552 715 1597 temporaliter
722 1552 754 1587 eli-

49 1605 106 1650 gens⁶
118 1606 200 1641 abiectus
211 1617 254 1641 esse
266 1606 285 1640 in
297 1607 352 1641 domo
361 1606 392 1641 dei
403 1606 432 1641 sui
440 1617 495 1652 quam
505 1608 524 1641 in
535 1608 586 1651 regio
597 1606 670 1651 gloriari
681 1606 754 1650 palatio,

48 1660 67 1693 in
78 1659 198 1704 glastoniensi
210 1659 287 1694 cenobio
295 1660 397 1694 monachus
408 1660 442 1694 sub
451 1659 548 1694 Dunstano
556 1659 621 1694 abbate
631 1658 709 1693 effectus
720 1664 754 1694 est.

49 1713 79 1746 Ad
88 1718 137 1746 tante
145 1712 239 1755 religionis
249 1712 268 1746 in
279 1712 331 1745 breui
343 1712 435 1756 fastigium
448 1712 536 1754 ascendit,
545 1712 593 1756 quod
604 1711 649 1745 nihil
658 1712 674 1746 ei
682 1711 754 1746 virtutis
762 1724 781 1753 25

49 1769 67 1798 et
78 1766 136 1809 gratie
149 1765 215 1798 deesse
227 1765 339 1797 crederetur.
369 1764 481 1798 Ieiuniorum
492 1764 542 1798 enim
553 1770 572 1798 et
585 1763 709 1808 parsimonie⁶
721 1765 754 1798 ob·

48 1818 157 1860 seruatione,
165 1816 236 1861 vigiliis,
244 1822 263 1851 et
270 1817 382 1852 orationibus
393 1817 478 1861 spiritum
490 1818 587 1852 roborabat
595 1822 613 1852 et
621 1816 681 1852 carnis
689 1826 754 1860 super·

48 1870 97 1906 biam
109 1871 211 1906 edomabat.
234 1870 342 1905 Sitientibus
349 1870 401 1906 verbi
409 1870 438 1906 dei
446 1871 511 1916 pocula
519 1870 632 1915 propinabat,
641 1870 664 1905 ab
671 1869 753 1905 obsessis

49 1925 156 1969 corporibus
166 1925 255 1958 demones
267 1924 345 1968 fugabat,
353 1924 443 1969 languidis
454 1925 580 1968 debilibusque
589 1924 680 1957 medelam
688 1923 753 1957 salutis

49 1978 159 2012 conferebat.
181 1977 292 2012 Cateruatim
299 1977 353 2012 turbe
358 1978 381 2012 ad
386 1988 429 2011 eum
434 1977 555 2020 confluebant,
561 1976 591 2011 alii
597 1976 717 2020 corporalem,
723 1976 753 2011 alii
761 1989 781 2020 ³⁰

49 2032 161 2074 spiritualem
169 2030 281 2065 curationem
289 2030 398 2073 flagitantes.
421 2031 465 2064 Erat
470 2036 531 2064 autem
539 2029 636 2063 virtutibus
644 2035 662 2063 et
670 2029 753 2064 moribus

49 2083 131 2125 ‘clarus'
139 2083 202 2127 lingua
208 2082 303 2123 facundus,
310 2083 367 2117 verbo
374 2082 470 2124 discretus
478 2082 555 2116 seientia
561 2081 662 2125 laudabilis,
670 2082 754 2116 doctrina

49 2136 142 2180 mirabilis,
150 2135 237 2170 consiliol
246 2135 300 2177 utilis,
308 2142 326 2170 et
334 2136 419 2170 omnibus
426 2136 484 2170 factus
492 2136 576 2171 amabilis
583 2148 587 2179 ς
600 2141 675 2181 aspectu
685 2136 753 2180 angeli·

49 2201 86 2232 cus,
94 2191 128 2225 sed
138 2190 220 2234 corporis
228 2189 317 2224 breuitate
327 2190 373 2224 alter
381 2189 482 2224 Zacheust
505 2189 590 2224 Scabello
601 2199 681 2234 namque
692 2190 753 2224 ferreo

49 2243 145 2288 supposito
158 2243 225 2277 missas
237 2243 341 2278 celebrauit.
365 2236 434 2278 Factus
447 2247 508 2278 autem
521 2242 614 2284 sacrista⁹‚
623 2252 665 2277 cum
678 2241 752 2287 quidam
761 2255 780 2285 35

69 2342 167 2380 ¹Abridged
177 2342 217 2371 from
227 2342 255 2372 the
263 2342 300 2371 Vita
310 2342 327 2372 in
338 2342 372 2373 MS.
384 2343 438 2373 Claud.
446 2342 466 2373 A.
473 2343 500 2381 V„
507 2343 537 2382 ed,
548 2343 588 2373 from
598 2352 608 2373 a
619 2342 653 2373 MS.
664 2342 683 2372 ol*
691 2342 729 2373 Bec.
736 2342 752 2372 in

50 2380 125 2411 Mabillon
137 2383 163 2412 lV.
173 2384 188 2412 ii.
199 2383 261 2419 337»ss
271 2382 302 2412 SS.
312 2383 353 2412 Boll.
362 2384 394 2419 Jul.
401 2384 438 2413 Vll.
449 2393 484 2421 330.
504 2384 547 2421 (The
561 2383 613 2413 oldest
625 2383 653 2412 life
663 2383 677 2412 is
687 2391 708 2411 an
718 2392 751 2420 ags.

50 2424 83 2452 text
91 2422 107 2451 in
115 2422 149 2453 MS.
154 2422 202 2461 Vesp.
212 2422 231 2451 D.
239 2421 287 2459 xlv,
295 2423 320 2452 cd.
329 2422 345 2451 in
353 2423 423 2453 Gorham
430 2424 494 2461 Antiqu.
502 2423 521 2453 os
528 2423 623 2461 Eynesbury
629 2423 660 2452 and
668 2422 684 2453 S.
691 2422 752 2460 Neot's,
809 2440 811 2444 ν

50 2460 201 2500 London,1tlao-4).
221 2462 362 2493 TheTranslation
370 2464 383 2493 is
390 2464 447 2494 added.
487 2463 520 2494 ²T.
529 2463 565 2494 Fuit
572 2463 634 2501 quidam
643 2472 676 2493 rex.
718 2462 752 2492 ³13.

50 2502 137 2540 odulphum
147 2503 165 2532 T.
174 2502 261 2540 aldulphus.
301 2502 307 2519 ¹
317 2502 350 2533 Vit.
357 2503 416 2533 militia.
461 2503 467 2522 ὓ
476 2512 495 2532 so
502 2503 529 2538 Τ.;
536 2503 554 2534 E.
562 2503 623 2540 eligens
630 2506 678 2540 temp,
686 2500 752 2538 eligens.

49 2537 83 2610 ⁸5:
91 2542 193 2578 parcimonie.
252 2540 344 2572 ⁷Vininc.
404 2542 521 2574 ¹E.xacheus.
579 2541 750 2575 'Vit.secreterius=

49 2586 126 2612 aertuus.
739 2590 740 2593 ’
