1762 2803
122 139 166 210 '570
225 222 226 226 Ἰ
386 150 509 213 aarum
526 154 557 199 11.

119 274 206 307 videbant.
230 273 324 316 stupefacti
332 279 389 307 autem
396 279 414 307 et
425 273 488 316 gaudio
498 274 551 307 nimio
561 274 595 315 leti,
603 274 716 307 laudauerunt
728 274 783 318 ipsum
791 279 818 321 qui

120 336 151 358 eos
159 330 226 358 tantum
234 324 291 357 dilexit
299 325 345 366 quod
353 324 378 357 eis
389 325 486 358 ostenderet
494 325 512 357 in
526 325 654 358 similitudinem
664 326 744 367 pauperis
752 338 820 362 carnem

121 376 150 408 filii
162 376 194 409 dei.
218 377 282 408 Beatus
294 375 408 408 Winwaloeus
420 375 454 408 ait:
473 376 524 408 ‘Hoc
535 376 569 408 tuis
582 375 651 416 meritis,
665 375 746 416 Ethblne,
758 379 820 412 accidit

121 426 176 465 nobis,
184 426 213 467 qui
225 431 272 458 tante
280 436 299 458 es
308 426 409 458 humilitatis
421 432 438 458 et
450 427 550 459 obediencie
558 432 576 459 ut
587 426 667 468 quicquid
677 427 753 459 humana
763 428 820 470 lingua

104 475 209 517 5precipere
221 479 283 516 potest,
295 480 314 509 tu
326 475 378 509 corde
391 475 500 509 deuotissimo
513 476 605 518 adimples.¹
627 477 651 509 At
663 482 723 509 contra
735 477 820 512 Ethbinus

121 525 155 559 ait:
168 527 173 544 ‘
178 526 194 559 N
197 535 219 558 on
227 524 252 559 ita
260 533 291 567 est,
299 531 353 568 pater,
362 531 388 559 set
396 531 414 559 tu
424 525 453 570 qui
461 525 524 559 cotidie
536 523 605 559 carnem
615 531 632 559 et
644 526 746 569 sanguinem
756 528 819 561 domini

121 577 175 610 nostri
192 577 244 610 lhesu
260 576 323 611 Christi
338 576 423 618 immolas,
436 576 512 611 meruisti
527 576 583 619 ipsum
596 577 655 611 videre
668 577 685 610 in
699 587 730 611 suo
745 588 820 621 corpore,

121 627 247 670 quemassidue
253 633 301 660 tenes
307 626 325 660 in
331 628 399 660 animo)
414 627 821 668 Dehincreuertentesadmonasterium,nemini

121 678 187 710 facturn
202 676 336 721 [innotuerunt];
352 684 378 711 set
393 689 442 712 suam
456 678 596 711 consuetudinem
612 678 674 711 deuote
688 679 821 720 compleuerunt.

96 739 114 761 ro
122 726 129 769 il
141 729 184 761 Erat
198 728 269 771 quidam
281 729 307 762 vir
321 730 439 771 Cathmaglus,
453 729 480 762 cui
493 728 523 761 filii
535 735 569 762 tres
582 734 631 761 erant
643 728 720 771 maligni,
732 728 756 761 rei
767 729 821 763 aliene

75 791 77 796 ,
122 784 205 821 raptores,
213 784 230 811 et
237 779 284 822 quod
292 779 382 812 manifeste
390 779 455 812 auferre
463 778 561 820 nequibant,
570 780 613 811 clam
623 789 654 820 per
664 779 727 811 lurtum
734 780 821 813 tollebant.

124 828 154 862 Isti
162 838 203 871 ergo
211 829 291 870 pecunias
300 834 317 863 et
324 830 413 862 thesauros
419 829 498 863 vniuerse
506 828 579 870 regionis
587 830 621 862 illic
628 839 666 862 esse
674 830 719 872 apud
727 829 822 871 predictum

124 886 202 912 sanctum
211 879 299 919 depositos
304 879 411 919 arbitrantes,
417 879 458 912 inito
466 879 537 912 consilio
545 879 601 911 sancti
609 879 642 912 loci
648 885 698 912 nocte
705 890 745 912 ceca
752 879 822 921 nauigio

123 926 223 960 inuaserant
237 932 309 969 septum.
333 928 411 970 Cumque
429 928 528 969 introgressi
546 927 624 969 fuissent,
639 930 718 961 horreum
737 928 822 970 reperiunt

97 991 115 1022 15
123 984 206 1020 apertum,
221 983 272 1021 atque
288 977 305 1010 in
320 977 378 1010 medio
392 977 464 1011 ordeum
478 977 557 1020 positum.
580 978 708 1011 introeuntibus
720 983 777 1011 autem
790 978 822 1011 illis

123 1026 202 1070 apparuit
209 1028 237 1061 lux
244 1028 383 1070 splendidissima
390 1029 438 1071 quasi
446 1030 474 1062 lux
482 1029 532 1063 solis:
543 1035 612 1071 propter
618 1030 650 1063 hoc
656 1030 728 1062 multum
734 1028 822 1063 confortati

123 1079 202 1113 dixerunt
213 1078 257 1112 inter
267 1088 296 1112 se:
309 1079 337 1112 ‘Si
346 1080 379 1112 deo
386 1079 485 1122 displiceret
493 1080 526 1112 hoc
536 1080 583 1123 qnod
593 1079 665 1122 agimus,
672 1090 707 1112 non
718 1085 766 1112 tanta
773 1079 827 1112 nobis

123 1129 152 1161 lux
159 1131 201 1161 data
207 1129 278 1169 suisset3
290 1140 323 1161 nec
333 1130 396 1161 ostium
406 1130 455 1162 istius
465 1131 526 1162 domus
534 1132 611 1163 clausum
620 1141 641 1162 ac
650 1131 692 1163 seris
704 1130 822 1163 munitissimis

123 1178 209 1212 firmatum
216 1179 259 1211 vltro
268 1189 286 1211 se
294 1179 373 1220 aperiret.
395 1179 441 1212 Ecce
449 1180 508 1222 quales
518 1180 597 1212 tenebras
608 1189 639 1221 per
646 1185 701 1212 totum
712 1178 822 1212 sustinuimus

96 1237 115 1258 20
124 1230 235 1271 quoadvsque
240 1230 273 1262 hnc
278 1229 382 1269 venerimus
387 1235 405 1262 at
411 1229 462 1262 modo
468 1228 772 1271 splendidissimaluxadministratur.
785 1228 821 1269 Eia,

123 1279 170 1322 agite
178 1292 183 1320 ς
195 1279 209 1312 si
217 1279 269 1313 nichil
275 1285 353 1322 preterea
361 1279 462 1321 inuenimus,
468 1280 529 1313 saltem
538 1279 570 1313 de¹
578 1279 628 1313 huius
637 1279 707 1323 [horrei]
716 1278 779 1313 ordeo²
786 1289 822 1313 sac-

124 1331 171 1364 culos
180 1329 282 1372 impleamus
290 1337 363 1363 nostros.
380 1331 421 1362 Non
429 1330 475 1363 enim
482 1341 514 1363 nos
523 1331 605 1364 condecet
614 1330 675 1364 reuerti
683 1331 757 1363 vacuos!
775 1330 822 1363 Hora

123 1387 181 1414 autem
189 1385 226 1413 erat
236 1381 285 1424 quasi
294 1381 350 1413 noctis
360 1381 423 1413 media.
446 1382 493 1414 Dum
503 1391 543 1415 vero
553 1381 586 1414 hec
597 1380 621 1414 ita
631 1381 730 1423 agebantur,
738 1380 789 1413 huius
799 1379 822 1413 rei

123 1432 191 1464 nescius
199 1430 216 1463 in
224 1430 295 1464 basilica
302 1441 341 1464 cum
349 1430 384 1464 suis
392 1431 632 1465 nocturnabatWinwaloeus.
648 1433 725 1473 Cumque
731 1437 822 1463 nocturnas

98 1487 115 1517 ²5
124 1480 182 1514 debite
190 1481 335 1523 percelebrassent
342 1480 414 1523 vigilias,
421 1481 503 1515 fratribus
511 1491 544 1515 vna
554 1482 661 1523 congregatis
671 1481 705 1514 hoc
712 1481 765 1514 modo
773 1481 822 1513 inter·

124 1532 170 1575 rupit
181 1531 275 1573 silencium,
283 1532 354 1565 dicens:
367 1532 444 1572 ‘Videte
452 1532 518 1572 fratres,
531 1538 609 1566 utrumne
620 1537 666 1565 recte
678 1530 735 1574 agitur
745 1542 786 1574 erga
796 1542 823 1565 res

79 1622 80 1625 Ἴ
124 1581 235 1614 monasterti)
257 1583 281 1614 Et
296 1592 347 1614 manu
362 1592 429 1615 rursum
444 1582 522 1616 indicens
537 1583 571 1617 ait:
590 1582 659 1615 ‘Nolite
674 1588 756 1623 metuere,
771 1582 823 1614 nolite

125 1631 228 1664 conturbari.
251 1632 326 1672 Quidam
334 1631 380 1663 enim
388 1631 464 1664 arbitrati
475 1633 557 1673 pecunias
569 1643 588 1664 se
598 1632 673 1673 recipere
681 1632 748 1671 multas,
757 1631 823 1663 inuase-

124 1687 164 1714 runt
175 1682 255 1714 horreum
266 1686 348 1720 nostrum,
356 1686 373 1713 et
382 1691 428 1714 nunc
437 1691 507 1714 marsna
513 1687 579 1723 nostra,
586 1692 608 1713 ne
619 1681 668 1714 vacui
676 1682 752 1721 redeant,
760 1678 824 1713 saeire³

98 1739 117 1770 30
125 1732 228 1774 disponunt:
240 1737 266 1764 set
277 1738 334 1764 tamen
346 1730 396 1764 sinite
407 1731 449 1773 illos,
457 1737 519 1774 potens
530 1738 556 1765 est
567 1732 612 1764 enim
624 1732 666 1764 deus
678 1738 695 1765 et
706 1732 772 1764 illorum
784 1741 824 1763 con-

125 1788 191 1815 uertere
205 1783 262 1823 corda,
276 1787 294 1815 vt
306 1792 341 1814 non
354 1781 411 1823 minus
423 1782 504 1815 celestem
516 1781 585 1825 cupiant
598 1783 697 1815 thesaurum
708 1781 760 1815 furari
773 1791 824 1823 quam

124 1838 214 1867 terrenum.
237 1834 254 1866 N
256 1843 283 1866 arn
292 1832 377 1876 siquidem
385 1833 418 1866 hiis
426 1843 461 1866 non
471 1832 572 1875 indigerent,
580 1833 652 1868 forsitan
662 1844 698 1866 rem
706 1838 742 1865 tam
750 1833 823 1866 detesta-

124 1883 176 1916 bilem
195 1893 305 1925 nequaquam
323 1884 408 1915 facerent.¹
431 1883 461 1915 Nil
479 1884 528 1924 plura
546 1884 618 1923 locutus,
634 1894 693 1916 omnes
710 1883 756 1916 iubet
771 1892 824 1915 orare.

125 1932 259 1976 Egredientibus
272 1932 373 1967 autemillis
386 1934 408 1966 de
419 1933 524 1966 monasterio
535 1933 609 1976 grauiter
620 1932 700 1975 oneratis,
712 1939 769 1966 vtrum
780 1928 824 1964 hoc*

97 1985 168 2021 sesicut
183 1984 261 2018 dixerant
276 1985 309 2018 deo
322 1984 424 2028 displiceret,
437 1984 514 2018 innotuit.
537 1986 584 2018 Nam
599 1985 663 2027 primus
679 1995 737 2018 eorum
752 1983 824 2027 superbe

124 2037 212 2076 recedens,
224 2035 303 2077 protinus
314 2036 331 2069 in
343 2041 406 2068 terram
419 2041 514 2078 prostratus
528 2041 559 2077 est,
572 2041 654 2079 costaque
665 2035 701 2069 eius
713 2036 797 2078 perfracta
808 2038 824 2066 et

125 2085 237 2127 comminuta,
249 2092 266 2120 et
277 2086 329 2119 miser
341 2086 432 2128 depressus
443 2096 495 2119 onere
506 2086 579 2119 iacebat.
601 2086 650 2119 Alter
661 2097 701 2119 vero
714 2086 824 2128 subsequens,

125 2137 162 2168 fixis
170 2138 258 2169 interram
266 2136 339 2178 pedibus
347 2137 393 2168 nullo
401 2137 453 2169 modo
464 2137 505 2169 hine
513 2137 541 2168 vel
550 2137 590 2168 inde
600 2147 670 2168 mouere
680 2147 698 2168 se
705 2137 769 2177 valens,
777 2132 824 2176 quasi

125 2187 190 2227 lignum
202 2187 289 2228 plantatus
301 2185 415 2228 equanimiter
426 2186 466 2218 licet
478 2186 540 2219 inuitus
554 2187 616 2218 stabat.
639 2186 709 2219 Tercius
721 2192 779 2218 autem
790 2193 824 2217 non

97 2243 117 2275 40
125 2236 176 2277 longe
183 2235 205 2268 ah
212 2235 246 2269 biis
254 2235 325 2277 distans,
334 2235 388 2269 densa
396 2246 486 2278 percussus
494 2236 567 2269 cecitate
574 2237 608 2268 huc
613 2242 664 2278 atque
670 2236 709 2269 illuc
715 2233 825 2269 discurrendo

125 2291 166 2320 ante
173 2291 240 2331 portam
251 2285 350 2320 monasterii
360 2287 429 2320 errabat
440 2297 470 2329 per
481 2286 531 2320 litora
540 2287 658 2329 vagabundus.
682 2288 711 2321 Set
723 2292 739 2320 et
751 2291 824 2329 quartus,

126 2340 184 2384 quiin
199 2341 263 2381 scapha
276 2339 389 2373 custodienda
403 2347 516 2382 spectauerat,
527 2340 576 2383 quasi
589 2339 691 2373 insaniendo
704 2351 742 2373 cum
754 2338 825 2373 stridore

125 2400 190 2433 magno
201 2390 265 2423 frustra
276 2390 294 2423 in
304 2390 375 2433 remigio
386 2391 465 2432 gestiens,
477 2391 514 2424 sine
525 2390 650 2425 intermissione
661 2391 746 2424 clamabat
762 2390 825 2426 dicem,

126 2439 203 2479 ‘Venite
211 2440 292 2473 furtileri!
304 2439 360 2473 venite
368 2440 454 2481 pestileril
471 2441 517 2483 Quid
524 2441 586 2473 morati
593 2442 640 2482 estis,
648 2441 746 2474 maletot?
767 2436 825 2473 Niehil

97 2498 116 2529 45
125 2490 143 2524 in
149 2489 214 2524 iuribus
219 2500 281 2523 sanum
286 2488 372 2533 nichilque
376 2490 488 2532 preualidum,
493 2490 545 2523 nichil
551 2489 584 2524 nisi
589 2491 663 2525 stultum.
676 2490 760 2525 Thesauri
768 2485 824 2529 magni

145 2569 151 2588 ¹
165 2568 199 2601 ΜΞ,
210 2568 244 2600 deo.
313 2566 319 2585 ²
330 2569 363 2600 MS.
371 2569 418 2605 ordei,
425 2569 475 2599 horrei
481 2579 512 2600 om.
579 2569 585 2588 θ
596 2569 634 2599 This
640 2579 704 2609 passage
711 2568 724 2601 is
731 2563 825 2606 untetligible

259 2612 276 2639 to
284 2618 314 2640 me.
374 2607 380 2648 .¹
390 2608 424 2640 MS.
430 2608 463 2640 heo
524 2609 530 2650 l
540 2609 573 2641 ΜΒ.
581 2609 647 2640 malelidi
654 2619 692 2641 corr.
