1762 2803
234 195 280 250 Do
295 193 394 247 manao
410 194 555 259 adamato.
717 200 745 255 85

43 319 118 354 honoris
128 323 146 352 et
157 316 223 361 quietis
234 317 286 351 loeus
297 328 308 350 a
319 317 354 350 deo
365 317 451 361 prouisus
462 323 496 351 est.
519 317 560 359 Quo
572 328 614 352 cum
625 319 746 362 peruenisset,

42 372 87 407 vidit
100 380 192 415 personas
202 374 279 414 quatuor
293 369 364 404 decoris
377 369 445 412 eximii,
457 375 530 405 sanctos
543 369 627 406 videlieet
641 371 715 405 Petrum
729 379 747 405 et

43 425 143 463 Andrean,
160 423 257 457 Paulinum
273 428 292 455 et
308 423 440 457 Ythamarum:
459 433 536 466 quorum
554 433 602 457 vnus
619 423 748 467 pontificaliter

43 477 129 511 infulatus
137 482 180 508 ante
190 476 247 508 altare
257 474 313 515 venit,
321 474 373 518 quasi
381 466 417 518 pro
428 475 492 509 salutis
502 486 536 509 sue
545 475 685 519 impetratione¹
693 475 747 510 ssexis

43 528 120 574 genibus
133 527 247 571 supplicauit.
270 527 322 562 Tunc
335 528 481 572 expergefactus,
494 534 512 564 et
525 529 597 563 sanitati
611 528 699 571 redditus,
712 529 764 571 deos

43 582 110 628 gratias
118 581 214 615 referebat.

322 665 356 718 (Ἢ
365 674 450 708 Narratio
454 674 466 710 ³.

65 757 122 799 Circa
134 775 202 798 annum
218 765 287 798 domini
302 764 459 798 sexcentesimum
469 763 576 798 vicesimum
591 770 665 799 sanctus
680 765 748 799 Paulus

44 817 146 852 Leonensis
155 816 258 861 episcopus,
265 827 306 851 cum
313 818 394 851 venisset
401 817 424 851 ad
432 818 506 852 domum
515 817 584 852 sororis
592 829 625 852 sue
633 819 667 852 deo
675 819 748 860 deuote,

43 881 99 914 super
107 870 157 903 littus
167 870 224 904 maris
235 870 334 905 Britannici
345 870 410 913 sitam3
422 877 496 914 rogatus
509 871 532 905 ab
543 882 565 905 ea
574 882 648 915 precem
658 872 680 905 ad
693 873 747 905 deum

43 924 88 958 sudit
96 923 181 967 quatinus
189 928 256 957 statuto
265 923 331 957 ssuctus
342 923 398 958 maris
408 929 525 958 coerceretur
533 924 591 964 alueo,
599 930 617 958 et
627 930 676 958 terra
687 930 748 969 optata
757 935 777 956 ro

43 976 102 1019 aliquo
114 975 149 1009 sibi
160 975 278 1020 ampliaretur
287 977 357 1021 spacio.
380 975 463 1020 Cumque
475 976 535 1010 subito
545 987 595 1010 mare
606 978 666 1011 undas
675 976 748 1019 [re]tra-

44 1030 92 1068 here,
101 1033 119 1061 et
131 1029 236 1061 terrasicca
246 1039 336 1072 apparere
346 1028 430 1072 cepisset,
442 1030 465 1062 ab
475 1028 557 1062 oratione
566 1028 635 1073 pariter
644 1035 721 1072 surgunt
730 1036 748 1063 et

43 1081 66 1114 ad
81 1080 140 1123 ripam
156 1081 250 1114 accedunt.
277 1081 329 1115 Tunc
345 1081 413 1116 Paulus
429 1083 488 1116 sorori
503 1082 581 1125 imperat
596 1087 615 1116 vt
629 1081 648 1115 in
663 1081 748 1116 manibus

44 1134 114 1178 lapillos
129 1134 152 1167 ad
166 1135 221 1168 maris
234 1135 336 1179 marginem
348 1134 418 1169 deserat
433 1140 452 1170 et
467 1136 517 1170 iuxta
532 1135 581 1170 illam
595 1146 630 1180 per
644 1135 747 1180 spaciosum

44 1187 140 1221 interualla
155 1187 238 1222 dimittat.
261 1188 312 1222 Mille
327 1199 406 1232 namque
422 1188 508 1232 passibus
521 1189 551 1223 vel
566 1188 645 1233 amplius
659 1199 694 1232 per
708 1188 748 1223 eius
758 1197 775 1227 15

44 1240 144 1274 orationem
160 1246 209 1274 terra
224 1241 276 1284 aquis
292 1241 381 1275 exhausta
396 1241 434 1275 luit.
457 1240 544 1276 Oratione
558 1252 602 1276 vero
617 1252 674 1286 super
688 1242 747 1286 ripam

44 1294 109 1328 iterum
122 1294 218 1337 completa,
231 1294 298 1328 Paulus
309 1294 332 1327 ad
344 1305 395 1327 mare
409 1305 509 1327 conuersus
523 1294 557 1329 ait:
576 1294 658 1338 ‘Lapilli,
671 1304 718 1338 quos
729 1295 747 1329 in

44 1345 111 1380 linibus
119 1345 155 1380 tuis
164 1345 223 1388 posui,
230 1346 267 1380 sint
275 1346 293 1379 in
302 1346 375 1390 signum
384 1347 432 1380 inter
443 1357 474 1379 me
486 1353 504 1379 et
514 1352 536 1388 te,
545 1352 564 1381 vt
574 1347 634 1381 denuo
640 1347 647 1365 ⁴
654 1356 748 1391 nunquam

44 1409 76 1432 eos
89 1398 193 1442 transgredi
205 1409 239 1433 nec
253 1399 286 1433 hec
300 1405 362 1433 nostra
375 1399 466 1433 territoria
477 1398 548 1442 ingredi
560 1400 670 1442 presumas?
692 1399 749 1434 Cuius

45 1451 135 1485 sermonis
151 1451 250 1496 imperium
265 1462 323 1496 vsque
340 1451 394 1486 hodie
412 1457 509 1487 conseruat
525 1452 620 1487 horridum
637 1451 694 1487 maris
712 1453 748 1488 ele·
758 1462 777 1486 πο

45 1511 132 1538 mentum.
155 1504 193 1539 lllis
205 1505 279 1539 domum
289 1505 385 1549 regressis,
396 1505 481 1539 viderunt
490 1505 550 1539 subito
559 1504 630 1549 lapillos
642 1506 704 1540 diuina
712 1506 748 1540 tir·

45 1563 82 1592 tute
93 1559 201 1601 columpnas
212 1558 294 1602 lapideas
305 1558 351 1592 mire
363 1558 493 1602 magnitudinis
505 1558 573 1593 factos:
589 1564 608 1592 et
618 1558 648 1592 via
659 1569 714 1603 quam
726 1571 749 1594 eo

45 1610 74 1644 die
86 1622 120 1655 per
131 1611 202 1645 medias
212 1610 253 1645 illas
264 1612 372 1654 columpnas
384 1611 491 1646 incedentes
500 1617 604 1654 tenuerunt,
616 1612 676 1646 adhuc
686 1622 697 1646 a
708 1612 749 1646 Bri-

45 1663 127 1697 tonibus⁵
134 1664 209 1698 ‘semita
218 1664 279 1697 Pauli’
287 1664 381 1699 vocitatur.

334 1798 349 1834 ii
358 1797 443 1831 Narratio
448 1797 460 1830 ⁶.

67 1880 124 1922 Circa
137 1898 205 1922 annum
217 1887 286 1927 domini
298 1887 458 1931 nongentesimum
472 1886 644 1931 quinquagesimum
657 1885 718 1920 ssoruit
730 1887 747 1920 in
758 1892 777 1929 ²3

45 1939 112 1983 Anglia
124 1940 233 1974 venerabilis
244 1940 329 1981 Albinus,
341 1940 372 1985 qui
385 1945 403 1974 et
416 1939 531 1984 Alquinus⁷3
548 1939 624 1974 scientia
635 1939 705 1981 olarus;
718 1940 749 1984 qui

46 2002 95 2028 mare
106 1993 183 2035 transiit,
196 1992 291 2028 Franciam
305 1993 354 2035 adiit,
368 2003 422 2037 quam
435 2004 468 2028 sua
482 1993 565 2027 doctrina
577 1999 633 2027 totam
647 1992 749 2031 illustrauit,

45 2045 147 2080 ”orationes
160 2046 244 2080 missales
256 2046 364 2088 composuit,
373 2046 419 2079 seria
429 2046 489 2088 prima
501 2046 525 2077 de
536 2044 622 2085 trinitate,
633 2046 714 2078 secunda
725 2045 748 2078 de

46 2098 139 2140 sapientia,
153 2100 205 2132 tertia
221 2098 244 2132 de
259 2097 325 2141 spiritu
339 2103 408 2139 sancto,
421 2103 486 2142 quarta
501 2098 524 2131 de
539 2097 632 2140 charitate,
647 2096 711 2142 quinta
725 2097 748 2132 dc

45 2151 138 2193 apostolis,
146 2156 199 2185 sexta
207 2152 230 2187 de
238 2162 297 2192 cruce,
302 2153 377 2185 sabbato
385 2152 408 2185 de
417 2156 479 2185 sancta
488 2150 546 2184 Maria
553 2150 647 2185 celebrare
655 2149 732 2185 instituit
739 2157 748 2185 ·.
756 2152 778 2193 '30

47 2202 81 2239 Hic
90 2204 191 2240 scientiaet
200 2205 274 2250 ingenio
285 2204 350 2245 clarus,
358 2215 430 2238 morum
440 2204 535 2238 honestate
544 2205 660 2248 conspicuus,
669 2204 748 2238 studium

46 2258 93 2299 quod
104 2269 115 2292 a
126 2258 190 2292 Grecis
203 2257 263 2291 Rome
274 2258 317 2292 olim
328 2257 437 2291 translatum
448 2257 512 2298 iuerat,
521 2256 603 2291 Parisius
614 2257 693 2291 aduenit.
716 2256 749 2291 Cui

46 2309 99 2344 etiam
110 2321 144 2345 rex
156 2311 233 2345 Carolus
244 2311 335 2344 commisit
345 2309 477 2344 monasterium
489 2311 547 2344 sancti
556 2309 630 2344 Martini
638 2309 749 2349 turonensis,

46 2362 116 2396 abbatis
127 2364 167 2398 iure
179 2364 286 2406 regendum.
309 2364 356 2396 Narn
369 2362 454 2396 monachi
470 2361 538 2395 ibidem
554 2361 609 2395 nimis
623 2362 642 2395 in
656 2362 748 2395 lasciuiam

47 2415 178 2456 confluxerant,
188 2415 252 2450 sericis
259 2415 341 2449 vestibus
350 2415 413 2449 induti.
435 2415 489 2450 Vnde
496 2425 533 2449 vno
544 2415 633 2449 monacho
644 2414 748 2458 aspiciente.
757 2430 776 2458 55

47 2466 82 2501 duo
94 2470 154 2512 angeli
165 2469 292 2503 dormitorium
301 2469 373 2502 illorum
386 2468 471 2513 ingressi,
480 2478 545 2503 omnes
555 2467 660 2510 monachos,
671 2474 748 2511 excepto

65 2547 70 2564 ¹
81 2548 98 2578 E.
108 2550 215 2587 imperatione.
256 2548 262 2565 ¹
271 2548 323 2578 Thea
330 2548 376 2577 Narr.
384 2557 411 2577 are
418 2548 490 2585 wanting
497 2548 512 2577 in
520 2547 538 2578 T.
546 2548 594 2581 here;
604 2548 632 2577 the
640 2547 674 2577 first
682 2547 695 2576 is
702 2547 748 2584 given

47 2589 96 2617 under
104 2589 202 2620 Laurentius.
250 2588 257 2605 ³
267 2588 313 2618 From
320 2588 367 2618 Vino.
375 2588 416 2617 Bell.
423 2587 468 2617 xxi.
477 2597 510 2625 ¹²3·
559 2586 564 2604 ¹
576 2587 594 2618 E.
602 2588 666 2617 derno.
714 2587 720 2604 ³
730 2587 748 2617 E.

47 2626 146 2699 iaiifflggs'
228 2629 234 2647 ⁶
244 2629 283 2660 Abr.
290 2629 330 2658 from
337 2627 382 2658 Vino.
390 2627 429 2658 Bell.
439 2627 501 2658 xxlu.
510 2636 543 2665 173.
624 2626 630 2644 ³
642 2627 659 2657 E.
666 2626 751 2665 aliquinus»
