1762 2803
118 138 164 181 430
223 154 225 157 -
307 124 387 177 monn
403 121 519 185 troanno
534 122 627 185 anate.

119 257 161 281 mus
174 245 205 280 ille
218 257 228 280 a
242 250 295 290 cepto
308 245 397 280 desistere
412 245 513 290 proposito,
525 245 583 280 liuore
599 245 683 290 agitante,
698 255 736 280 non
750 246 820 291 valens,

119 300 193 334 assidue
205 310 268 344 regem
280 299 349 334 crebris
360 299 462 343 implorans
473 299 624 344 flagitacionibus,
636 299 761 334 blandimento
775 300 820 336 false

119 353 232 395 adulationis,
240 358 260 386 vt
271 363 305 386 suo
317 358 406 386 annueret
416 353 493 394 affectui,
506 353 609 387 infestabat.
628 354 711 386 Tandem
719 364 764 387 vero
774 355 820 388 rex¹

120 407 204 441 simulata
211 417 256 441 voce
267 416 287 441 se
299 405 348 441 nolle
360 416 436 450 prorsus
447 406 495 442 scire
505 406 605 451 respondit.
629 406 685 441 Nouit
696 405 727 442 ille
739 407 818 443 crudelis

103 460 202 501 5carnifex
217 459 261 503 quid
276 464 344 502 ageret.
374 459 476 494 Confestim
490 465 510 494 vt
525 465 565 494 atra
580 460 650 494 obtexit
665 461 733 494 nebula
747 465 821 495 noctem

120 512 201 555 caligine,
214 512 276 545 felices
291 511 332 544 illos
347 512 424 545 iuuenes
439 512 458 544 in
473 513 512 545 loco
526 512 557 555 qui
573 512 646 555 Estrige
662 512 732 554 dicitur,
747 518 822 547 cruenta

119 563 212 598 interemit
224 574 275 605 nece,
288 574 309 597 ac
322 563 368 598 clam
380 564 415 598 sub
430 564 480 606 regia
495 575 532 598 non
548 565 617 599 destitit
632 564 717 608 sepelire.
741 565 764 599 Et
780 575 822 600 ecce

120 617 178 651 instar
189 616 294 661 flagrantis²
305 615 350 650 facts
366 616 441 650 emicuit
453 628 509 661 super
522 622 596 651 sanctos
609 617 680 662 prolixe
693 617 822 662 immenseque

120 670 166 707 lucis
179 670 246 712 radius,
260 670 291 714 qui
304 680 338 714 per
350 680 443 704 summum
457 670 507 715 regie
519 671 560 705 aule
572 671 645 705 culmen
657 672 751 715 usquead
763 671 822 706 celum

95 734 113 755 ro
121 724 231 768 protendere
242 724 294 758 visus
305 728 339 757 est.
362 723 406 757 Post
417 723 528 767 gallicinium
537 734 581 758 vero
593 735 627 759 rex
638 735 649 758 a
658 735 726 768 sopore
734 723 823 768 euigilans

121 776 202 812 surrexit
220 782 338 821 reseratoque
357 776 403 810 ostio
422 776 471 811 foras
492 787 585 822 egressus,
604 777 649 812 vidit
668 776 751 811 cominus
771 776 824 811 iubar

121 831 179 874 ipsius
192 830 276 864 chorusci
291 830 367 873 fulgoris
382 830 470 864 radiasse.
493 831 564 874 Stupet,
578 841 612 865 nec
627 830 700 872 mirum,
716 831 822 874 ingentique

121 894 191 928 pauore
198 883 304 918 concutitur.
327 883 408 927 Imperat
420 893 463 917 mox
474 883 559 918 accersiri
570 885 622 918 adse
634 883 730 918 celerrime
737 883 824 927 impiissi-

122 948 173 970 mum
181 936 278 971 satellitem
283 935 377 978 Thunnir;
389 946 444 979 quem
452 935 519 970 minaci
523 936 574 970 vultu
581 935 706 971 sciscitabatur
711 935 823 980 indignando

97 1001 114 1031 15
123 990 210 1034 quidnam
223 990 246 1023 de
262 989 300 1023 suis
315 988 462 1023 adolescentibus
478 994 496 1023 et
511 988 620 1033 propinquis
635 994 695 1022 actum
708 989 761 1023 foret.
784 989 824 1030 Quo

123 1044 197 1076 tandem
205 1047 269 1075 cuncta
277 1042 381 1084 confitente,
389 1053 422 1075 rex
429 1041 476 1075 iram
484 1042 546 1075 diuine
553 1041 683 1085 indignationis
691 1052 724 1084 pro
732 1052 824 1075 consensu

123 1100 173 1131 tante
181 1095 281 1140 iniquitatis
289 1095 388 1130 admodum
398 1093 537 1139 pertimescens,
545 1094 616 1130 concito
626 1094 666 1139 cogi
675 1093 754 1139 imperat
764 1094 824 1130 conci-

123 1150 168 1183 lium
187 1149 321 1193 episcoporum,
337 1154 355 1182 et
370 1153 458 1192 presente
477 1147 614 1192 archiepiscopo
633 1148 731 1182 Theodoro
750 1147 824 1192 inquirit

123 1203 166 1246 quid
173 1201 207 1236 sibi
218 1202 307 1246 optimum
318 1207 368 1235 esset
379 1202 476 1245 agendum.
499 1201 579 1243 ‘Timeo,
587 1200 650 1245 inquit⁷
658 1206 676 1235 et
687 1201 740 1235 valde
750 1201 825 1245 pertim-

97 1267 115 1288 ιο
123 1266 166 1290 esco
174 1265 198 1288 ne
205 1254 272 1288 iustam
280 1259 297 1288 et
306 1255 386 1288 debitam
394 1253 463 1287 domini
471 1254 517 1288 iram
525 1264 559 1297 pro
567 1259 617 1288 tante
625 1253 726 1297 iniquitatis
732 1265 824 1288 consensu

122 1308 221 1343 incurram.
244 1307 283 1341 Nec
292 1306 342 1341 enim
351 1308 375 1340 de
384 1318 475 1340 consensu
487 1306 538 1340 necis
548 1318 612 1341 eorum
623 1318 653 1340 me
664 1318 753 1341 excusare
762 1307 825 1341 valeo!

124 1361 147 1394 Et
162 1365 227 1393 cuncta
240 1371 276 1403 que
288 1360 312 1392 de
325 1360 376 1393 radio
386 1360 457 1392 viderat
470 1360 558 1400 referens,
571 1360 595 1393 de
610 1369 703 1393 consensu
717 1352 824 1393 cunctorum

123 1424 157 1457 pro
171 1413 246 1447 domina
261 1412 372 1455 Dompneua
387 1417 488 1455 martyrum
504 1422 568 1446 sorore
583 1411 687 1456 quantotius
701 1412 773 1447 mittere
789 1423 825 1446 non

123 1464 206 1500 tardauit.
228 1464 319 1499 Veniente
327 1464 388 1508 itaque
399 1464 430 1497 illa
441 1470 483 1498 ante
490 1464 603 1508 presentiam
612 1464 666 1508 regis,
674 1464 754 1508 benigno
762 1465 826 1498 volun-

98 1528 116 1559 ²5
124 1519 167 1554 tatis
174 1518 240 1553 affectu
248 1516 339 1553 concessit
346 1518 363 1553 ei
372 1517 472 1552 efficaciam
481 1517 548 1552 mentis
559 1528 592 1552 sue
601 1529 635 1562 pro
644 1517 721 1552 meroris
729 1517 826 1552 afflictione

125 1584 161 1616 quo
172 1571 239 1606 afflicta
250 1576 289 1605 erat
300 1581 334 1614 pro
345 1581 475 1614 germanorum
487 1582 562 1604 suorum
574 1571 671 1605 deletione.
694 1570 754 1615 Elegit
765 1571 827 1615 itaque

125 1625 228 1660 secundum
241 1623 322 1658 domini³
336 1623 475 1668 dispositionem
488 1635 522 1668 pro
535 1635 598 1658 eorum
611 1623 673 1668 precio
688 1629 756 1658 terram
770 1625 827 1668 quad-

125 1678 196 1722 raginta
211 1682 317 1719 aratrorum,
330 1676 349 1711 in
364 1678 404 1711 loco
420 1676 451 1720 qui
466 1677 569 1721 appellatur
583 1677 647 1712 Tenet.
675 1676 757 1722 Cumque
772 1688 827 1712 amne

125 1732 202 1766 transito
215 1732 238 1765 ad
252 1731 312 1765 locum
324 1730 446 1774 peruenisset,
460 1731 484 1765 ait
497 1742 541 1765 rex:
560 1731 638 1772 ‘Quanti
650 1730 699 1765 ruris
710 1736 782 1775 partem
793 1742 827 1775 pro

98 1796 118 1824 30
126 1796 171 1818 nece
182 1783 259 1818 fratrum
270 1789 344 1817 tuorum
355 1784 430 1817 affectas
441 1783 531 1817 haberet’
555 1783 588 1817 Illa
599 1783 705 1827 respondit:
723 1784 777 1818 ‘Non
789 1794 827 1818 am·

125 1838 173 1883 plius
188 1842 255 1882 expeto
271 1847 326 1881 qnam
341 1848 396 1872 cerua
411 1847 452 1871 mea
467 1848 501 1872 suo
516 1847 570 1871 cursu
583 1836 662 1872 lustrare
673 1836 712 1872 vult
725 1837 743 1872 in
757 1837 829 1880 eundo:

125 1901 211 1926 asserens
219 1890 246 1924 sic
254 1890 340 1923 diuinitus
348 1890 383 1924 sibi
391 1901 433 1924 esse
441 1890 576 1924 insinuatumvt
584 1895 655 1924 tantum
663 1891 686 1924 ad
691 1901 745 1924 vsum
753 1901 827 1924 sumere

125 1945 201 1979 deberet
217 1943 312 1988 proprium
327 1949 415 1987 quantum
430 1943 515 1987 prepeti⁴
530 1954 585 1977 cursu
601 1954 656 1977 cerua
671 1942 744 1987 giraret.
767 1942 828 1987 Agilis

126 1998 195 2042 quippe
207 2008 262 2031 cerua
274 1997 353 2031 celerem
364 2002 407 2030 ante
418 1996 459 2030 illos
468 1997 533 2042 agebat
544 2001 614 2031 motum
626 2007 681 2031 cursu
691 1996 766 2038 directo,
776 1996 828 2031 euius

98 2064 117 2094 35
126 2050 204 2094 vestigia
213 2050 273 2083 cuncti
281 2049 410 2092 sequ[untur]⁵
421 2050 479 2083 donec
487 2051 510 2083 ad
518 2050 579 2082 locum
589 2049 619 2093 qui
628 2050 756 2083 Thunreslaut
764 2049 829 2083 dicitur

126 2102 239 2137 deuenirent.
261 2101 317 2135 Cuius
328 2101 362 2135 loci
374 2102 483 2136 vocabulum
496 2112 506 2135 a
521 2101 602 2144 maligno
612 2102 643 2135 illo
655 2102 739 2135 Thunnir
750 2101 829 2145 sumpsit

126 2156 228 2191 exordium.
259 2154 306 2189 Nam
325 2153 356 2189 ille
375 2154 394 2188 in
413 2154 453 2188 loco
471 2154 502 2188 illo
522 2154 560 2197 regi
577 2154 695 2198 appropians,
714 2155 829 2189 fraudulenta

126 2213 189 2244 mente
200 2208 297 2242 adulanter
310 2206 361 2241 illum
374 2206 435 2241 taliter
449 2212 477 2241 est
490 2207 566 2241 affatus:
584 2207 678 2241 ‘Gloriose
690 2217 729 2250 rex,
743 2206 829 2252 quamdiu

127 2261 211 2297 animalis
219 2262 273 2295 huius
284 2259 333 2295 bruti
344 2271 429 2304 gressum
440 2260 493 2304 sequi
502 2272 539 2294 uon
549 2260 629 2295 desinis?
653 2261 676 2294 Et
687 2261 703 2294 si
715 2262 749 2295 hec
757 2261 830 2294 indocta

98 2328 119 2359 40
126 2317 166 2360 fera
173 2325 248 2353 omnem
259 2315 307 2348 hanc
318 2314 394 2348 circuire
403 2320 471 2347 terram
481 2314 601 2348 discurrendo
611 2315 682 2358 satagit,
690 2325 734 2348 num
746 2320 765 2347 tu
773 2319 829 2347 totam

127 2369 169 2403 huic
180 2367 300 2402 immoderate
310 2367 379 2401 femine
389 2366 451 2409 largiri
460 2366 562 2400 moliaris?¹
585 2366 622 2401 Vix
633 2368 690 2402 verba
701 2367 801 2411 compleuit
812 2370 830 2400 et

127 2432 170 2456 ecce
182 2430 192 2455 a
203 2425 255 2464 tergo
267 2419 370 2453 frendentis
382 2418 424 2462 equi
436 2419 501 2452 cecidit
512 2423 530 2452 ct
541 2418 603 2453 fractis
617 2419 719 2453 ceruicibus
733 2418 829 2463 expirauit‚

128 2473 189 2517 ibique
201 2473 284 2517 sepultus
295 2478 335 2506 est:
348 2483 404 2516 super
414 2483 470 2515 quem
482 2472 574 2505 maximus
586 2472 667 2517 lapidum
680 2477 786 2506 exstructus
801 2475 830 2505 est

149 2537 182 2566 ¹E.
190 2545 224 2565 cnm
232 2546 264 2567 rex.
310 2536 344 2566 ἌΤ.
352 2536 439 2573 fragrantis.
480 2535 515 2564 ῃΕ.
523 2536 573 2565 deum.
615 2536 725 2574 ⁴r.perpetil
770 2535 805 2565 ⁵T.
813 2534 830 2564 E.

128 2580 218 2616 sequentes.
259 2575 264 2594 ⁵
276 2576 294 2607 E,
302 2576 402 2606 Thunreslau
407 2586 411 2614 ς
425 2575 445 2607 al.
453 2574 584 2606 Thunreshleaw.
