1762 2803
272 116 318 171 Ut
333 114 433 168 bando
448 115 596 171 bundam.
741 120 785 172 289

82 236 220 281 Christeleison,
230 238 354 282 Kyrieleison.
377 237 400 272 Et
412 237 486 272 rediens
498 239 521 272 ad
533 248 559 279 se,
571 238 671 281 interrogat
682 237 698 271 si
709 247 743 271 rex
754 239 784 272 ad·

82 289 169 324 uenisset.
193 291 334 335 Respondetur:
347 291 394 324 Non.
417 290 486 325 Iterum
495 302 539 335 ergo
546 295 591 333 orat,
599 289 691 324 etiterum
699 289 717 323 in
726 290 785 324 celum

83 348 146 386 raptus
159 344 209 378 audit
223 343 247 378 ibi
259 344 337 378 altisona
348 355 393 378 voce
405 343 451 378 dici:
468 344 510 385 ‘lte,
525 344 583 378 missa
598 345 636 378 est)
658 343 742 387 Cumque
756 354 785 377 re-

82 397 205 438 sponderetur
219 398 264 431 ‘deo
276 397 354 440 gratias,’
368 403 486 432 accurrerunt
499 397 560 432 clerici
573 397 629 441 regis,
642 407 705 440 regem
719 397 785 431 adesse

82 448 170 484 dicentes.
193 449 264 493 Quibus
271 450 302 484 ille
310 449 405 494 respondit
413 451 461 495 quod
469 450 504 485 iam
514 449 590 485 missam
599 449 681 484 audierat
688 460 723 484 nec
731 448 785 483 aliam
794 459 803 488 5

82 512 104 536 eo
112 502 141 536 die
149 502 243 538 auditurus
250 503 280 537 vel
288 503 412 538 celebraturus
421 509 464 538 erat.
483 503 608 547 Interrogatus
616 513 683 547 quare;
694 502 785 537 visionem

82 555 146 597 aperit,
153 555 181 589 et¹
189 561 263 599 sumpto
271 567 295 590 ex
303 556 337 590 hoc
345 567 437 597 sermone,
445 556 537 599 prohibuit
545 556 596 599 regi'
605 567 629 590 ne
639 555 715 590 ulterius
725 555 744 589 in
755 555 785 589 die

82 607 173 640 dominico
187 614 273 642 venatum
286 609 326 642 iret.
349 609 472 653 Kyrieleyson
488 609 536 652 quod
551 608 570 641 in
586 609 625 642 celo
640 608 727 649 audierat,
741 617 785 641 suos

82 658 159 694 clericos
171 660 236 695 docuit.
260 660 316 696 Cuius
329 661 412 695 modulos
422 660 504 695 armonie
517 661 577 695 adhuc
587 659 668 695 continet
679 665 744 704 tropus
754 660 784 695 illc

82 712 131 755 apud
139 712 211 757 Anglos
218 713 311 748 famosus:
323 713 391 758 ‘Kyrie
399 724 433 748 rex
442 713 553 758 splendens.¹
597 706 662 746 lVidit
672 712 721 747 enim
733 712 784 746 Dun-
795 721 814 743 ιο

83 769 146 800 stanus
155 765 196 801 vice
206 768 285 812 quadam
294 766 387 812 corporeis
399 767 456 801 oculis
467 766 485 800 in
498 765 576 801 ecclesia
585 765 643 800 sancti
655 765 753 810 Augustini
765 765 784 799 in

82 819 153 862 capella
160 820 213 853 beate
224 820 288 863 Marte,
295 821 326 854 vbi
338 821 393 854 modo
403 820 422 853 in
434 820 493 864 cripta
503 819 537 853 sub
548 819 615 853 feretro
625 819 674 852 beati
686 819 785 863 Augustini

82 870 142 915 imago
153 872 236 907 eiusdem
248 873 324 917 virginis
336 873 411 914 locatur,
424 877 502 906 matrem
514 870 583 905 domini
594 870 691 905 saluatoris
701 871 785 915 virginali

83 934 150 959 corona
161 926 276 968 decoratam
288 926 422 969 mellifluasque
438 925 478 959 eius
490 935 546 959 voces
558 923 621 959 audire
634 924 706 964 meruit,
718 924 786 968 quibus

83 976 142 1011 socias
150 978 232 1021 virgines
245 979 268 1012 ad
281 979 421 1012 collaudandum
433 988 495 1021 regem
508 977 611 1011 seculorum
621 976 732 1018 hortabatur,
743 985 813 1014 eon-15

84 1028 149 1064 cinens
159 1030 203 1064 illud
215 1041 290 1064 carmen
302 1030 391 1075 sapientis
403 1041 425 1064 ac
436 1029 527 1064 senatoris
539 1028 620 1064 Sedulii:
632 1028 742 1064 ‘Cantemus
753 1029 786 1064 do·

83 1082 133 1116 mino
145 1083 200 1126 socie,
212 1089 308 1119 cantemus
319 1084 419 1119 honorem:
437 1083 501 1118 Dulcis
512 1093 565 1117 amor
575 1081 644 1117 Christi
655 1088 743 1127 personet
754 1093 786 1117 ore

84 1135 125 1178 pio!
148 1135 231 1181 Cumque
245 1137 268 1171 ab
280 1136 320 1172 aliis
333 1137 435 1181 virginibus
447 1137 482 1172 hoc
494 1136 558 1171 fuisset
572 1141 666 1180 acceptum
671 1135 684 1178 ⁴,
698 1135 739 1177 alie,
754 1136 785 1181 qui

83 1195 185 1233 sequuntur
197 1201 263 1225 versus
277 1190 432 1235 pronunciabant:
449 1190 533 1224 ‘Primus
546 1190 569 1224 ad
582 1189 619 1224 ima
632 1189 668 1224 ruit
682 1200 748 1234 magna
762 1190 785 1225 de

83 1242 123 1277 luce
134 1244 237 1287 superbus:
254 1243 284 1277 Sic
294 1244 405 1285 homo,cum
415 1243 487 1286 tumuit,
497 1243 568 1287 primus
579 1244 603 1277 ad
614 1242 651 1276 ima
663 1242 703 1277 ruit.
725 1243 785 1277 Vnius
794 1254 814 1274 ro

83 1296 106 1329 ob
121 1295 206 1330 meritum
222 1296 282 1331 cuncti
299 1297 372 1341 periere
388 1297 480 1332 minores:
500 1295 565 1331 Cuncti
581 1295 675 1330 saluantur
689 1295 744 1331 vnius
761 1297 785 1331 ob

44 1340 51 1352 ‘
83 1348 174 1382 meritum.
197 1350 240 1383 Sola
256 1349 288 1384 suit
303 1350 374 1391 mulier,
387 1349 445 1394 patuit
458 1360 494 1393 qua
507 1348 561 1383 ianua
574 1348 640 1383 lethi³2
658 1348 687 1383 Ex
700 1360 736 1393 qua
748 1348 786 1383 vita

83 1401 135 1441 redit,
143 1402 182 1434 sola
191 1402 225 1435 suit
236 1403 312 1436 mulier!
335 1403 397 1445 Atque
407 1402 426 1435 in
439 1403 487 1435 hunc
499 1403 574 1434 modum
584 1401 640 1434 totius
651 1401 738 1434 carminis
747 1401 785 1435 bini

83 1465 104 1487 ac
116 1453 154 1487 bini
168 1465 233 1488 versus
246 1454 465 1498 percurrebantur³‚i11is
478 1464 552 1497 semper
567 1453 650 1498 repetitis
665 1453 696 1497 qui
709 1453 786 1498 primia

83 1512 141 1541 matre
149 1507 218 1541 domini
226 1508 343 1542 dicebantur:
356 1507 466 1542 ‘Cantemus
477 1507 551 1541 domino
562 1508 601 1541 etc!
624 1507 670 1549 Hec,
678 1507 786 1550 pontificum
795 1519 813 1549 ²5

83 1558 204 1601 sanctissime,
212 1559 317 1593 acutissima
323 1558 342 1593 vi
349 1558 471 1603 corporalium
479 1559 572 1593 oculorum
583 1558 602 1593 in
612 1558 713 1603 spiritalem
720 1564 786 1603 poten·

83 1611 127 1645 tiam
139 1612 268 1646 translatorum
278 1612 341 1647 videre
351 1611 436 1657 potuisti:
454 1612 500 1654 Hec,
508 1612 603 1647 celestium
614 1611 736 1646 archanorum
745 1623 786 1657 per·

83 1671 178 1707 scrutator,
189 1666 253 1700 audire
264 1666 353 1701 meruisti.
376 1666 448 1701 Prestet
461 1666 577 1710 omnipotens
590 1666 636 1700 deus
649 1676 684 1710 per
695 1666 786 1701 Dunstani

84 1719 149 1753 merita
161 1719 246 1763 gloriosa,
258 1725 277 1753 vt
291 1731 346 1763 quem
361 1729 435 1763 semper
448 1718 544 1753 nobiscum
560 1718 679 1763 corporaliter
693 1719 786 1754 uiuentem

83 1772 151 1806 habere
162 1784 199 1806 non
210 1772 265 1813 licuit,
273 1772 326 1807 liceat
337 1773 402 1807 saltem
412 1784 436 1806 ex
448 1772 594 1807 consideratione
605 1772 690 1816 preciose
696 1772 745 1807 vitel
753 1784 786 1807 sue
795 1786 815 1814 30

83 1836 135 1859 suam
141 1825 197 1859 vitam
205 1825 337 1869 sempiternam
345 1836 451 1869 agnoscere,
456 1826 572 1868 agnoscendo
580 1825 662 1869 diligere,
668 1831 686 1860 et
694 1825 786 1869 diligendo

86 1877 198 1922 sempiterne
209 1877 245 1912 vite
257 1877 333 1921 gloriam
344 1889 355 1912 a
365 1879 400 1912 deo
411 1888 446 1922 per
456 1884 480 1919 te,
490 1883 562 1921 patrem
575 1877 687 1921 piissimum,
698 1878 786 1913 obtinere.

85 1924 132 1964 Non
142 1930 192 1964 enim
202 1930 304 1963 sufficiebat
312 1930 408 1963 Dunstano
416 1930 435 1963 in
443 1936 515 1963 secreto
525 1929 632 1973 cubilcu]li⁸
642 1930 670 1964 sui
681 1941 743 1964 sacras
753 1942 786 1965 ex-

84 1983 147 2017 cubias
160 1984 259 2024 celebrare,
271 1983 326 2016 castis
339 1983 453 2016 orationibus
468 1982 563 2024 inseruire,
576 1982 611 2023 nisi
624 1983 679 2017 etiam
691 1984 786 2018 nocturnis

84 2036 181 2080 frigoribus
194 2036 291 2071 ecclesiam
303 2036 361 2070 sancti
373 2035 473 2080 Augustini
486 2035 610 2080 frequentaret
623 2041 642 2070 et
654 2036 697 2071 inde
709 2037 732 2071 ad
743 2036 786 2071 vici·
795 2050 814 2080 35

84 2100 128 2123 num
139 2089 216 2133 virginis
227 2089 285 2123 Marie
295 2089 385 2132 templum
396 2089 497 2133 predictam
506 2089 583 2133 gloriam
590 2089 664 2124 visurus
674 2090 786 2134 procederet.

84 2135 143 2178 Anno
152 2148 213 2178 autem
225 2142 293 2177 domini
305 2143 403 2177 duodecim
414 2143 476 2177 minus
488 2154 498 2177 a
509 2142 612 2186 millesimo,
620 2144 710 2178 aduentus
718 2144 787 2188 Anglo·

84 2208 124 2231 rum
132 2197 151 2231 in
159 2196 271 2231 Britanniam
279 2195 426 2241 quingentesimo
432 2196 549 2241 sexagesimo
555 2196 614 2238 tertio,
619 2197 786 2241 archiepiscopatus

84 2249 113 2284 sui
126 2249 218 2283 tricesimo
231 2249 290 2289 tertio,
303 2248 356 2283 etatis
369 2259 403 2283 sue
416 2250 558 2293 septuagesimo,
572 2254 647 2283 sanctus
660 2249 727 2283 Christi
742 2260 786 2283 con·

84 2302 144 2336 sessor
158 2303 265 2336 Dunstanus
276 2301 373 2336 virtutibus
385 2302 452 2345 plenus
465 2307 483 2336 ct
497 2302 583 2346 operibus
596 2302 650 2335 bonis
665 2301 750 2345 migrauit
762 2303 786 2336 ad
794 2314 815 2345 40

85 2355 184 2389 dominum.
221 2347 283 2390 ⁹Cum
291 2354 340 2388 enim
348 2354 425 2389 instaret
432 2354 472 2389 dies
480 2354 594 2389 ascencionis
602 2354 698 2396 dominice,
706 2355 787 2399 peractis

84 2408 150 2453 vigiliis
163 2408 252 2443 remansit
265 2408 373 2442 Dunstanus
385 2407 404 2442 in
418 2407 500 2442 oratione
513 2408 531 2441 in
544 2407 622 2442 ecclesia
633 2408 694 2443 solus:
712 2414 731 2443 et
743 2419 787 2443 ecce

105 2498 171 2528 ¹T.ex.
224 2497 299 2527 ²sovss.
349 2496 521 2526 ³Fr0m0sbernand
529 2497 602 2532 Eadmer,
610 2498 697 2528 combined.
749 2499 786 2529 *αἱ

85 2542 173 2575 exceptum.
235 2537 241 2554 ⁵
251 2538 268 2566 Τ.
276 2537 313 2570 leti:
323 2536 342 2566 Ε.
349 2536 400 2566 letho.
460 2536 467 2552 ⁵
476 2536 496 2566 al.
504 2536 621 2574 procurrebant.
682 2537 688 2555 ³
699 2538 786 2569 almonis

85 2577 91 2594 ⁸
101 2576 119 2607 E.
128 2577 179 2608 cubili.
242 2576 248 2595 ⁹
259 2577 282 2607 Cf.
291 2577 335 2607 Vinc.
344 2576 384 2606 Bell.
393 2575 480 2616 (Eadmer).

436 2635 449 2661 U
