1762 2803
92 119 135 160 226
284 112 495 176 manutentum
510 111 603 174 unctio.

92 237 215 279 credentibus,
230 240 248 271 et
263 237 286 271 de
305 235 401 270 sanctitate
416 235 464 269 illius
480 234 593 269 hesitationis
608 234 679 268 occasio
695 232 795 268 incredulis

92 291 191 326 tolleretur.
220 289 240 324 Si
254 289 302 324 enirn
316 289 380 324 eadem
393 300 440 324 zona
455 290 529 332 semper
543 289 621 330 adesset,
637 288 722 322 continue
737 286 795 332 egroti

93 344 189 378 sanitatem
197 342 311 377 consecuturi
318 343 465 383 concurrissent;
477 348 494 376 et
502 341 518 375 si
526 342 572 375 forte
581 341 677 385 quisquam
687 340 746 375 curari
758 343 795 374 non

94 402 200 438 mereretur,
212 395 275 429 salutis
287 395 373 438 indignus
385 394 495 438 impotencie
507 394 564 429 sancti
576 395 664 438 derogare
675 398 796 438 presumeret.

76 459 84 490 5
95 443 150 484 Misit
159 448 230 483 Elsseda
241 447 332 482 abbatissa
341 449 364 482 ad
374 447 434 482 virum
445 447 479 489 dei,
488 447 574 481 adiurans
583 447 602 481 in
613 446 686 482 nomine
696 446 766 480 domini
777 450 796 479 vt

93 513 134 536 eam
142 503 205 536 videre
216 507 234 534 et
245 502 268 534 de
279 500 389 533 necessariis
399 501 467 544 alloqui
478 500 599 543 dignaretur¹.
623 500 658 540 Qui
669 510 747 534 ascensa
754 509 795 533 cum

92 554 177 589 fratribus
186 554 234 597 naui,
239 553 289 589 venit
297 555 320 588 ad
328 553 407 588 insulam
413 564 449 597 que
456 553 537 597 Coquedi
543 552 624 587 ssuminis
630 552 689 587 hostio
694 553 796 597 preiacens,

93 608 115 642 ab
124 609 189 641 eodem
197 617 265 640 nomen
273 606 348 651 accepit,
357 612 374 641 et
382 605 423 651 ipsa
431 606 561 640 monachorum
570 606 639 640 cetibus
647 606 730 650 insignis.
748 606 796 641 Nam

92 661 163 705 prefata
178 660 269 694 abbatissa
280 659 323 693 illuc
334 670 376 693 eum
391 658 425 693 sibi
438 669 534 692 occurrere
549 664 649 703 rogauerat.
673 659 728 694 Cuius
740 660 797 703 potita

66 733 85 753 10
93 714 193 757 colloquiis,
205 724 247 747 cum
259 713 316 747 multa
327 714 349 746 ab
360 723 382 746 eo
392 723 428 756 que
438 711 564 745 sciscitabatur
573 712 653 755 audiret;
666 723 708 746 ecce
720 718 797 756 repente

93 766 112 799 in
123 766 184 800 medio
194 776 280 799 sermone
291 765 376 799 aduoluta
387 764 465 807 pedibus
476 764 521 807 eius,
531 765 620 798 adiurauit
630 775 672 798 eum
683 775 718 809 per
729 775 797 799 nornen

93 818 138 853 illud
145 818 226 852 terribile
234 830 255 852 ac
262 818 367 852 venerabile
374 817 450 862 superni
458 817 507 862 regis
515 823 533 851 et
540 817 647 861 angelorum
654 817 699 860 eius,
705 824 724 852 vt
729 818 798 852 diceret

95 873 111 906 ei
123 884 178 916 quam
189 873 243 916 longo
254 878 338 916 tempore
349 872 430 907 victurus
441 876 491 906 esset
502 870 589 915 Egsridus
601 882 634 905 rex
647 871 703 906 frater
715 870 769 914 illius,
780 878 798 907 et

95 936 172 970 regnum
183 926 316 970 gubernaturus
326 924 439 969 Anglorum;
452 924 504 959 ‘Scio
516 924 571 967 enim,
579 924 642 969 inquit,
650 924 693 969 quia
701 924 798 969 prophetie

68 996 86 1026 15
95 979 166 1024 spiritu,
174 990 210 1023 quo
218 980 282 1022 polles,
290 979 344 1013 etiam
354 979 388 1012 hoc
398 978 460 1012 dicere
472 984 531 1022 potes,
542 978 557 1012 si
568 978 607 1013 vis)
630 979 656 1012 At
666 979 696 1013 ille
708 989 799 1023 expaues-

96 1043 141 1067 cens
158 1034 181 1066 ad
199 1033 327 1073 iuramentum,
342 1043 376 1066 nec
395 1038 456 1065 tamen
473 1032 537 1065 volens
556 1037 619 1075 aperte
638 1033 686 1075 quod
703 1033 799 1075 petebatur

96 1086 179 1120 reuelare
187 1090 285 1127 secretum,
293 1085 375 1127 ‘mirum
383 1084 447 1128 inquit,
456 1095 512 1128 quare
520 1085 595 1128 sapiens
603 1085 671 1119 femina
679 1090 696 1119 et
704 1085 723 1119 in
731 1085 799 1119 sanctis

96 1138 192 1182 scripturis
204 1138 279 1180 erudita,
291 1138 345 1181 longa
356 1149 422 1172 vocare
433 1137 479 1172 velis
491 1142 575 1182 tempora
586 1138 622 1172 vite
634 1138 719 1181 humane,
728 1138 799 1173 dicente

95 1192 194 1235 psalmista
207 1190 266 1234 “quia
281 1190 324 1224 anni
339 1190 397 1224 nostri
413 1190 460 1224 sicut
475 1201 542 1225 aranea
557 1191 708 1234 meditabuntur,”
725 1197 743 1225 et
758 1202 799 1225 cum

68 1260 88 1280 20
96 1249 169 1277 moneat
177 1243 276 1277 Salomon:
288 1243 325 1276 “Si
333 1242 386 1275 annis
398 1243 460 1275 multis
470 1243 537 1276 vixerit
547 1243 608 1285 homo,
616 1249 635 1277 et
643 1244 662 1277 in
674 1244 703 1277 his
715 1245 799 1277 omnibus

95 1298 161 1332 letatus
173 1295 232 1338 fuerit,
243 1295 350 1330 meminisse
363 1296 417 1330 debet
430 1296 523 1330 tenebrosi
537 1295 625 1340 temporis
638 1302 657 1331 et
670 1296 741 1331 dierum
754 1296 800 1331 mul-

95 1355 161 1393 torum,
170 1350 201 1393 qui
211 1360 252 1383 cum
260 1349 344 1384 venerint
351 1348 435 1384 vanitatis
443 1355 544 1392 arguuntur
552 1350 638 1393 preterita
645 1351 662 1384 :³¹
674 1350 801 1394 quantomagis

96 1402 123 1437 is2
131 1403 160 1437 cui
167 1402 221 1437 vnius
229 1402 288 1436 solum
297 1401 340 1435 anni
347 1401 384 1436 vita
392 1406 481 1445 superest,
489 1401 541 1436 breui
551 1402 623 1437 videtur
632 1407 716 1446 tempore
725 1402 801 1444 vixisse,

96 1456 127 1492 vbi
140 1466 191 1491 mors
205 1455 282 1489 astiterit
297 1455 316 1489 in
331 1455 408 1490 ianuis?’
439 1455 480 1489 Hec
493 1455 570 1490 audiens
585 1455 621 1498 illa,
636 1456 681 1490 lusis
696 1457 801 1499 lachrymis,

70 1526 78 1547 2
81 1524 89 1555 5
97 1509 182 1553 presagia
194 1507 245 1541 111111Β
257 1507 347 1541 deflebat:
366 1508 482 1550 Extersaque
493 1508 544 1549 facie,
553 1519 617 1542 rursus
626 1509 713 1542 audacia⁴
722 1510 801 1542 feminea

98 1562 188 1596 adiurauit
195 1572 229 1604 per
237 1560 351 1595 maiestatem
359 1571 431 1594 summe
439 1560 539 1594 diuinitatis
545 1567 564 1596 vt
572 1560 640 1595 diceret
646 1572 701 1605 quem
707 1561 801 1596 habiturus

99 1620 149 1649 esset
162 1615 256 1655 heredem,
267 1624 309 1647 cum
320 1613 362 1647 filiis
376 1619 447 1648 careret
459 1618 477 1647 et
491 1613 581 1648 fratribus.
609 1614 645 1656 Qui
660 1625 725 1658 parurn
739 1614 802 1657 silens,

99 1668 154 1703 dixit:
171 1667 210 1701 ‘Ne
222 1667 272 1701 dicas
283 1665 326 1710 quia
336 1671 395 1702 caret:
410 1666 484 1701 habebit
495 1667 544 1701 enim
556 1678 687 1710 successorem,
695 1678 750 1712 quem
761 1678 802 1712 ger-

99 1732 158 1764 mana,
163 1725 183 1756 vt
188 1720 249 1764 ipsum
256 1719 357 1764 ngridum,
364 1720 461 1754 dilectione
467 1720 604 1764 complectaris)
623 1720 649 1755 At
654 1720 694 1756 illa:
704 1721 802 1765 ‘Obsecro,

71 1790 91 1820 30
99 1774 161 1819 inquit,
174 1773 228 1815 dicas,
241 1773 306 1817 quibus
317 1773 337 1806 in
348 1773 392 1806 locis
403 1774 427 1807 sit
438 1773 487 1808 illet'
518 1773 554 1816 Qui
565 1774 599 1809 ait:
616 1774 692 1809 ‘Cernis
706 1775 740 1808 hoc
752 1786 802 1811 mare

98 1838 185 1872 magnum
193 1832 211 1861 et
219 1826 328 1871 spaciosum,
337 1832 380 1870 quot
388 1828 468 1861 abundat
475 1827 553 1861 insulis?
565 1827 617 1862 facile
625 1833 653 1862 est
662 1828 697 1862 deo
707 1828 731 1863 de
742 1828 803 1872 aliqua

97 1881 170 1916 illarum
182 1880 216 1914 sibi
230 1881 328 1924 prouidere
339 1891 394 1924 quem
406 1891 464 1924 regno
475 1880 558 1924 preficiat
569 1880 682 1925 Anglorum)
710 1880 803 1916 intellexit

97 1945 142 1978 ergo
153 1933 195 1978 quia
205 1935 228 1966 de
236 1933 307 1967 Alfrido
317 1933 391 1974 diceret,
399 1933 430 1976 qui
438 1933 529 1967 serebatur
536 1933 593 1967 fuisse
600 1934 658 1977 patris
666 1934 714 1968 illius
722 1935 776 1976 filius,
785 1939 803 1968 et
827 1950 830 1955 ·

98 1992 141 2022 tunc
149 1988 168 2021 in
176 1985 241 2020 insulis
249 1986 346 2020 Scotorum
354 1985 388 2020 ad⁵
396 1986 476 2020 studium
484 1986 585 2021 litterarum
593 1987 682 2022 exulabat.
706 1986 803 2031 Proposuit

71 2054 89 2086 35
98 2041 148 2074 enim
161 2050 204 2074 eum
218 2039 304 2082 Egiridus
318 2039 429 2072 constituere
440 2039 552 2082 episcopum.
581 2040 604 2074 Et
614 2040 639 2074 ait
650 2040 692 2074 illa:
707 2041 734 2074 ‘0
748 2051 803 2083 quam

98 2093 149 2127 varia
167 2092 267 2127 intentione
286 2091 392 2126 diuiduntur
412 2093 467 2126 corda
487 2092 600 2128 mortalium!
635 2092 714 2136 Quidam
732 2093 804 2138 adeptis

99 2147 179 2190 gaudent
197 2145 271 2187 diuitiis,
286 2144 316 2178 alii
333 2150 416 2179 amantes
432 2145 503 2179 diuitias
519 2156 594 2190 semper
608 2151 672 2189 egent:
692 2152 712 2180 tu
727 2147 803 2190 gloriam

99 2200 168 2242 mundi,
183 2198 266 2242 quamuis
284 2197 375 2240 offeratur,
390 2198 474 2242 respuis,
491 2197 563 2232 etiamsi
580 2200 603 2232 ad
622 2199 747 2243 episcopatum
763 2211 803 2244 per·

99 2253 169 2296 tingere
181 2251 248 2295 possis,
259 2262 295 2295 quo
307 2250 413 2285 011111111111156
425 2252 473 2296 apud
482 2252 569 2286 mortales
580 2251 636 2286 nichil
647 2256 681 2295 est,
689 2252 714 2286 tui
726 2253 804 2289 claustra

71 2321 91 2351 4⁰
99 2306 167 2340 deserti
178 2306 220 2338 huic
231 2305 296 2349 gradui
305 2304 407 2348 preferres.²
430 2308 453 2339 Et
460 2305 490 2339 ille
498 2317 502 2340 :
515 2305 566 2339 ‘Scio
574 2317 610 2347 me,
617 2305 681 2349 inquit,
688 2311 739 2340 tanto
746 2308 804 2350 gradu

100 2359 174 2402 dignum
186 2369 223 2392 non
235 2369 283 2401 esse,
291 2369 325 2392 nec
336 2362 398 2392 tamen
409 2358 496 2392 iudicium
508 2359 583 2403 superni
594 2358 722 2403 gubernatoris
733 2360 805 2403 vspiam

100 2412 226 2455 fugerequeo.
245 2411 281 2453 Qui
294 2410 310 2445 si
322 2417 372 2446 tanto
388 2412 438 2446 oneri
454 2423 483 2446 me
499 2411 631 2446 subiiciendum
643 2411 738 2456 disposuit,
750 2414 804 2448 credo

101 2464 143 2509 quia
151 2470 193 2509 post
202 2464 294 2498 modicum
305 2464 382 2499 liberum
396 2465 465 2507 reddet,
481 2470 499 2499 et
514 2465 592 2500 fortasse
607 2474 644 2498 non
657 2465 736 2510 amplius
750 2477 804 2510 quam

121 2530 417 2562 ¹Bed.eumvidere„.n1ereretur.
458 2531 529 2561 ²E.his.
569 2531 604 2561 ³E.
612 2532 654 2562 dura.
690 2533 724 2563 41ἰ.
732 2534 805 2563 audacea.

101 2568 188 2600 ⁵Bed.ob.
248 2568 370 2601 θΤ,ε11111111111ε.
