1762 2803
96 137 139 187 242
287 131 367 183 mute
382 128 498 191 neamus
513 127 605 190 tinniit.

96 256 233 294 procuratorem
245 250 274 284 sui
285 250 403 294 episcopatus
414 249 486 284 fecerat.
508 249 561 283 Tunc
572 249 636 283 ductor
646 258 709 283 meus:
722 250 733 268 “
739 249 799 290 Certe,

96 304 160 347 inquit,
168 302 215 338 scias
223 302 330 347 episcopum
339 302 426 338 citissime
437 302 550 337 moriturum.
573 300 607 335 Ille
614 312 687 346 quoque
695 312 750 346 quem
758 302 799 346 ipse

96 354 202 398 nominauit,
218 354 260 389 licet
274 354 406 399 aliquantulum
421 355 507 398 tardius¹,
522 364 565 388 eum
583 354 679 388 moriendo
695 354 799 399 sequetur².

98 410 127 443 Tu
142 414 203 444 autem
219 408 271 442 breui
286 413 370 452 tempore
384 408 448 452 viues,
465 413 484 442 vt
500 418 543 451 ergo
559 407 588 441 dei
603 406 649 441 iram
665 407 739 449 euadas,
754 407 800 442 saeta

80 473 143 506 5pura
158 466 275 505 peccatorum
290 461 411 504 confessione,
427 462 528 495 secundum
544 460 611 505 prioris
628 459 715 494 iudicium
727 465 745 494 te
760 472 800 494 cor-

97 515 141 557 rige,
155 514 209 556 eique
222 518 288 547 cuncta
299 513 332 548 tibi
346 519 421 548 ostensa
438 515 524 557 pandam
553 513 594 547 Duo
609 513 659 547 enim
674 512 699 546 illi
715 524 761 557 quos
776 514 800 548 ab

97 567 161 601 ordine
178 565 303 610 processionis
320 566 395 601 deniare
413 566 465 608 vidit,
482 566 522 600 eius
540 565 602 601 verbis
620 565 677 600 fidem
696 566 800 609 prebentes,

98 620 187 664 deinceps
204 618 261 654 vitam
284 629 337 653 suam
358 620 459 652 emendare
480 620 592 663 satagebant
657 611 717 653 Anno
739 625 801 653 autem

97 673 150 705 tertio
161 676 204 715 post
215 671 285 705 obitum
295 671 406 706 venerabilis
417 672 468 706 Bede
478 671 582 714 presbiteri,
592 671 678 705 Colwlsus
690 682 724 705 rex
735 672 801 706 North·

72 734 90 755 10
98 723 174 767 umbrie,
188 723 217 757 cui
236 723 330 758 historiam
348 723 490 759 ecclesiasticam
508 725 532 758 de
550 723 607 767 gestis
626 723 729 768 Anglorum
749 724 800 759 Beda

98 778 168 811 dudum
183 776 287 820 scripserat,
299 775 362 810 relicto
376 788 434 820 regno
448 776 541 810 Eadberto
556 776 599 817 filio,
611 775 671 820 patrui
686 776 715 810 sui
728 787 801 811 monas-

98 830 166 864 terium
185 829 302 864 Lindisfarne
320 829 400 872 intrauit,
419 834 437 864 et
456 829 575 864 monasticam
591 835 686 864 tonsuram
703 828 801 873 accipiens,

99 883 196 917 thesauros
204 882 270 925 regios,
278 888 296 916 et
303 881 422 916 Werkworth
430 887 448 915 et
455 882 571 925 Witingham
579 893 621 916 cum
629 882 669 916 aliis
676 882 730 924 villis,
738 888 802 917 sancto

100 936 202 971 Cuthherto
213 935 268 970 dedit.
291 935 403 970 Procurante
413 946 456 980 rege
465 934 540 971 Colwlfo
551 939 569 971 et
581 935 670 970 monacho
682 934 752 978 effecto,
761 935 803 971 data

73 1000 91 1029 15
100 995 129 1024 est
144 989 239 1023 monachis
257 989 404 1023 lindisfarnensis
420 989 498 1024 ecclesie
515 988 588 1024 licentia
606 988 680 1023 bibendi
695 988 758 1023 vinum
773 989 803 1025 vel

101 1042 203 1076 seruisiam,
232 1042 282 1075 Ante
297 1041 347 1076 enim
362 1052 400 1075 non
415 1041 451 1076 nisi
466 1042 494 1076 lac
507 1042 538 1076 vel
554 1052 620 1085 aquam
635 1042 698 1076 hibere
715 1042 804 1084 solebant,

101 1096 203 1129 secundum
217 1094 310 1137 antiquam
321 1094 437 1128 traditionem
451 1093 509 1128 sancti
519 1094 587 1128 Aidani
599 1094 681 1139 episcopi
686 1088 748 1129 ³.—Et
761 1095 804 1138 quia

101 1148 124 1180 de
132 1159 175 1190 rege
181 1146 257 1180 Colwlfo
264 1147 385 1180 monasticum
390 1147 473 1181 habitum
480 1147 593 1190 suscipiente
601 1147 713 1182 mentionem
721 1148 803 1190 fecimus,

101 1210 155 1243 reges
171 1199 238 1242 Anglie
253 1204 329 1241 ceteros,
343 1204 420 1242 propter
435 1200 491 1232 deum
505 1205 524 1233 et
538 1200 591 1242 regni
603 1199 676 1233 celestis
692 1200 804 1234 desiderium

74 1265 93 1287 20
101 1250 202 1286 monastica
210 1256 296 1296 suscepta
303 1256 379 1285 tonsura
387 1262 420 1285 sua
427 1261 485 1295 regna
492 1250 623 1295 relinquentes,
632 1251 661 1285 hic
669 1252 693 1285 ad
701 1251 803 1286 futurorum

101 1304 187 1338 noticiam
202 1303 285 1337 inserere
299 1304 373 1348 placuit.
400 1304 453 1338 Circa
468 1314 537 1337 annum
549 1305 607 1347 gratie
620 1304 804 1348 septingentesimum

101 1356 238 1400 sexagesimum
249 1356 351 1391 Eadbertus
361 1366 394 1391 rex
404 1356 540 1399 Northumbrie,
548 1356 633 1391 omnibus
644 1357 755 1392 aduersariis
765 1357 804 1392 suis

101 1410 131 1444 vel
137 1409 172 1443 sibi
180 1409 266 1443 subiectis
273 1409 303 1444 vel
311 1409 358 1444 bello
366 1409 472 1453 prostratis3
485 1409 514 1443 cui
525 1409 580 1444 etiam
591 1420 625 1444 rex
637 1409 749 1445 Francorum
756 1410 804 1454 Pipi-

102 1473 137 1496 nus
150 1462 207 1496 multa
216 1461 290 1506 [ἀοηει]4
298 1462 367 1505 regalia
374 1462 486 1505 transmisit;
498 1472 546 1495 anno
556 1461 608 1506 regni
616 1462 645 1496 sui
652 1462 806 1506 vicesimoprimo‚

76 1530 94 1560 ²⁵
103 1514 140 1549 filio
148 1525 182 1549 suo
189 1514 273 1558 Osulphu
280 1515 299 1547 in
307 1525 384 1558 regnum
390 1514 492 1555 substituto,
497 1515 582 1548 omnibus
587 1514 654 1548 diuitiis
662 1515 770 1549 seruitutem
776 1515 806 1550 dei

103 1568 178 1611 pretulit
185 1573 208 1609 et,
214 1572 301 1610 suscepta
306 1572 382 1600 tonsura
387 1567 493 1609 monastica,
500 1567 564 1601 decern
572 1566 625 1601 annis
632 1566 651 1601 in
659 1567 744 1611 operibus
752 1568 806 1602 bonis

104 1620 139 1653 deo
147 1619 219 1662 placuit.
264 1612 321 1654 Circa
328 1629 397 1653 annum
405 1619 462 1662 gratie
470 1619 736 1663 septingentesimumquintum
745 1620 806 1655 Ethel-

104 1673 160 1706 redus
172 1681 205 1705 rex
217 1670 334 1712 Merciorum,
342 1671 390 1704 filius
399 1671 468 1713 Pende,
476 1677 573 1715 postquam
579 1671 653 1715 triginta
660 1672 713 1705 annis
721 1673 807 1707 strenue⁶

105 1729 207 1768 regnasset,
221 1723 269 1767 apud
285 1723 419 1758 Bardeneiam⁶
430 1723 531 1758 monachus
546 1723 628 1767 effectus,
639 1723 706 1759 ibidem
723 1726 807 1769 sepultus

77 1793 97 1823 30
105 1783 138 1812 est.
177 1769 251 1811 Eodem
255 1781 339 1819 tempore
345 1775 387 1810 Offa
392 1787 425 1811 rex
430 1775 551 1811 Orientalium
558 1776 658 1819 Saxonum,
664 1777 736 1811 hortatu
744 1783 807 1812 sancte

104 1829 180 1875 virginis
192 1829 311 1874 Kyneswide,
322 1830 373 1864 cuius
385 1828 458 1874 nuptias
469 1829 500 1864 illa
511 1834 612 1874 spreuerat,
624 1830 701 1865 celestes
713 1831 807 1876 suspirare

105 1885 169 1918 doctus
185 1893 263 1924 amores,
279 1883 358 1916 Romam
375 1883 462 1927 perrexit,
477 1882 539 1926 ibique
557 1882 576 1916 in
595 1884 705 1918 monachum
724 1889 808 1919 attonsus

105 1937 179 1971 celestia
190 1947 248 1979 regna
260 1937 337 1970 deuotus
350 1936 462 1969 conscendit.
507 1928 581 1971 Eodem
594 1935 649 1970 etiam
662 1941 745 1980 tempore
759 1937 808 1971 Con·

105 1991 161 2024 redus
173 1999 208 2022 rex
220 1988 336 2031 Merciorum,
351 1988 415 2023 celesti
426 1988 550 2023 inflammatus
562 1988 659 2032 desiderio,
674 1988 734 2023 Rome
745 2000 808 2024 mona·

54 2050 57 2056 ·
78 2056 96 2085 35
105 2043 179 2075 chatum
187 2040 246 2083 subiit,
255 2047 273 2074 et
280 2040 337 2075 vitam
348 2040 464 2075 laudabiliter
471 2041 535 2075 finiuit.
590 2034 710 2075 Fremundus
717 2053 761 2076 vero
768 2053 808 2084 rex,

105 2093 152 2128 sicut
163 2093 241 2128 inferius
252 2093 271 2127 in
283 2092 320 2127 vita
331 2093 371 2128 eius
383 2093 449 2127 clarius
459 2093 518 2127 videri
531 2098 597 2136 potest,
608 2093 670 2128 relicta
682 2094 734 2138 regni
745 2094 809 2138 gloria,

105 2146 231 2182 heremiticam
244 2145 300 2180 vitam
315 2145 372 2180 duxit.
417 2138 474 2180 Circa
487 2156 556 2180 aurum
568 2145 637 2180 domini
652 2147 808 2181 sexcentesimum

105 2199 213 2234 vicesimum
229 2197 344 2242 Sigibertus⁷
357 2209 390 2232 rex
404 2197 525 2232 Orientalium
539 2198 648 2242 Anglorum‚
663 2198 682 2232 in
697 2200 809 2233 monasterio

106 2263 140 2288 suo
148 2252 197 2297 quod
208 2256 341 2295 construxerat,
349 2252 384 2287 sub
392 2251 453 2286 habitu
464 2250 565 2286 monastico
574 2251 629 2287 vitam
640 2256 722 2287 sanctam
734 2252 809 2295 ducens,

78 2321 98 2350 40
106 2307 128 2340 ad
139 2305 279 2341 confortandum
289 2305 357 2340 milites
365 2306 388 2339 de
398 2304 509 2339 monasterio
520 2304 588 2339 inuitus
598 2305 704 2344 extrahitur,
712 2310 730 2339 et
738 2306 809 2348 uirgam

106 2359 125 2392 in
133 2369 188 2393 mann
196 2364 267 2399 tenens,
275 2369 286 2392 a
294 2368 365 2401 pagano
373 2368 417 2401 rege
426 2358 490 2391 Penda
497 2368 539 2391 cum
546 2362 584 2392 toto
592 2368 640 2402 pene
648 2357 730 2391 exercitu
738 2358 809 2393 occisus

108 2418 140 2446 est.
185 2403 242 2446 Circa
252 2422 321 2445 annum
329 2410 405 2455 insuper
413 2410 482 2444 domini
490 2410 645 2444 sexcentesimum
653 2411 809 2454 septuagesimum

108 2463 170 2499 Sebba
178 2474 212 2498 rex
220 2463 341 2498 Orientalium
352 2463 452 2505 Saxonum,
460 2468 503 2507 post
513 2462 627 2497 tricesimum
638 2462 690 2506 regni
702 2463 730 2497 sui
740 2474 809 2499 annum

127 2538 133 2555 ¹
144 2538 162 2567 E.
169 2539 227 2567 tardus.
297 2536 303 2554 ²
314 2537 331 2566 E.
338 2537 437 2574 sequebatur.
504 2535 510 2554 ³
521 2536 544 2566 Ct'.
552 2536 590 2567 Sim.
598 2536 640 2566 Dun.
648 2536 690 2567 Hist.
698 2536 745 2575 Angl.
754 2548 767 2568 a.
775 2538 810 2576 854.

108 2575 155 2616 lom.
215 2576 336 2607 ⁶E.strennue.
396 2575 541 2606 ⁶E.bardenciam.
601 2574 736 2613 ⁷T,sighbertus.
