1762 2803
244 107 290 162 Ur
305 105 405 160 &aaut
421 105 517 161 buono.
690 120 735 165 227

30 229 132 264 astantibus
151 228 240 263 ministris
256 234 276 263 rt
291 229 317 263 illi
333 228 410 273 propius
428 230 515 264 accedant
531 228 562 271 qui
581 238 643 271 nuper
660 227 680 260 in
699 228 736 260 fide

29 283 158 316 titubauerant.
187 281 222 323 Qui
241 281 259 314 in
279 285 371 316 tantarum
390 292 452 316 rerum
471 280 618 317 consideratione
637 280 736 326 pauefacti,

29 335 190 370 exclamauerunt:
208 334 235 368 ‘O
252 335 301 369 inter
317 336 402 370 homines
419 336 551 378 felicissimum,
567 335 596 369 cui
612 333 668 369 hodie
687 332 736 369 filius

30 388 59 423 dei
78 388 199 432 semetipsum
217 388 237 422 in
256 399 311 423 carne
326 388 411 434 dignatus
427 395 455 424 est
472 388 561 424 reuelare.
589 386 656 429 Exora,
672 388 734 431 presul

29 443 152 485 sanctissime,
163 448 183 476 vt
194 442 213 477 in
224 442 321 486 pristinam
334 442 411 476 formam
425 442 500 487 sanguis
513 452 593 486 presens
607 446 753 481 commutemus

30 507 54 529 ne
67 506 102 529 nos
116 501 192 539 propter
203 494 315 528 infidelitatis
327 505 409 528 errorem
421 494 483 527 diuina
493 494 538 527 vltio
549 494 647 538 sequatur!
670 493 734 527 orauit

30 558 84 592 ergo:
103 552 121 582 et
139 546 242 592 respiciens
257 548 280 581 ad
296 558 352 590 aram,
367 548 398 582 vbi
413 547 507 583 dimiserat
526 547 636 593 sanguinem
653 547 735 591 repperit

30 601 98 637 vinum.
143 594 194 637 Cum
206 607 267 635 autem
278 601 375 636 ecclesiam
385 611 437 636 suam
449 601 477 636 cui
489 607 562 646 preerat
574 611 661 646 reparare
672 600 734 643 vellet,

30 658 140 700 deprecatus
148 660 176 690 est
184 655 278 689 dominura
289 661 310 690 rt
320 665 416 700 quousque
428 666 474 699 opus
483 655 576 699 inceptum
587 661 734 690 consummatum

30 710 100 750 luisset,
108 710 158 744 nulla
166 710 233 744 infusio
240 709 327 744 imbrium
334 714 366 743 aut
372 709 402 744 uis
408 715 505 744 ventorum
513 708 560 743 inira
567 709 649 753 parietes
657 709 734 743 ecclesie
744 721 763 741 ro

30 765 156 804 descenderet,
167 774 203 806 que
213 762 289 796 clericos
299 773 309 795 a
320 763 381 795 diuino
393 772 449 804 opere
460 762 558 804 prohibere
569 766 645 804 posset:
657 761 734 795 sactum·

30 826 65 859 que
75 820 103 848 est
112 819 131 848 vt
141 814 160 848 in
169 815 228 848 tribus
239 814 330 848 continuis
342 814 400 856 annis,
409 813 475 858 quibus
483 813 560 848 ecclesia
567 813 688 855 edificarunt,
697 823 734 848 non

30 873 100 901 tantum
111 866 158 901 infra
169 866 258 901 ambitum
270 867 354 907 ecclesie,
365 867 398 901 sed
409 877 443 901 nec
457 866 504 901 intra
515 876 579 901 muros
590 866 645 901 totius
656 866 735 901 ciuitatis

30 920 92 964 pluuia
103 921 201 965 aliquando
212 921 338 954 descenderet.
383 912 434 954 Cum
443 924 505 953 autem
516 929 549 953 rex
561 918 637 953 Edwius
642 918 654 962 ¹,
664 919 734 954 libidini

30 974 108 1016 deditus,
116 980 158 1018 post
169 973 250 1008 officium
260 972 404 1008 ecclesiasticum
414 983 500 1007 unacum
511 972 604 1017 episcopis
615 978 633 1006 et
644 975 733 1017 magnati·
744 977 762 1007 ¹5

30 1028 64 1061 bus
72 1027 108 1061 iam
117 1037 196 1070 pransus
205 1027 234 1060 die
240 1027 320 1069 quadam
327 1026 407 1066 sederet,
413 1026 473 1058 subito
481 1026 559 1059 exiliens
567 1025 635 1059 relictis
643 1026 734 1067 omnibus,

30 1078 49 1112 in
61 1079 180 1112 secretiorem
191 1088 283 1112 cameram
297 1088 318 1111 se
332 1078 412 1118 contulit,
423 1078 501 1111 duarum
513 1077 629 1120 feminarum,
642 1077 678 1112 illic
690 1088 733 1113 eum

30 1131 158 1175 aperientium,
167 1131 225 1175 stupri
237 1131 302 1165 ardore
313 1140 413 1165 succensus
422 1130 517 1166 infandum
527 1131 640 1167 consortium
650 1131 733 1176 expetiit.

31 1185 71 1227 Que
79 1196 109 1219 res
118 1185 251 1220 considentium
259 1190 331 1219 mentes
339 1184 401 1228 magni
409 1184 484 1228 pudoris
492 1195 565 1219 merore
573 1184 644 1219 deiecit.
664 1184 733 1220 Habito

30 1244 90 1272 autem
104 1238 196 1272 intereos
208 1237 304 1281 colloquio,
315 1237 384 1271 missus
398 1242 426 1271 est
437 1237 495 1271 abbas
507 1237 621 1278 Dunstanus‚
634 1248 697 1281 regem
710 1239 733 1273 ab
743 1246 762 1267 ³0

30 1290 96 1324 illicitis
111 1290 227 1333 amplexibus
240 1289 347 1323 abstrahere
358 1295 377 1323 et
389 1291 412 1324 ad
424 1289 493 1333 regiam
505 1290 569 1323 sedern
581 1289 630 1323 inter
640 1289 734 1334 principes

30 1353 123 1377 reuocare.
146 1342 169 1376 Et
184 1342 251 1376 facturn
267 1346 296 1376 est
307 1343 337 1375 ita.
360 1340 463 1385 Eapropter
474 1341 558 1376 turbatus
571 1353 604 1376 rex
617 1341 733 1377 Dunstanum

31 1395 128 1439 spoliatum
137 1394 191 1429 exilio
200 1395 293 1439 dampnat.
316 1392 383 1429 iccirco
394 1394 443 1429 enirn
454 1394 501 1437 Odo,
510 1395 541 1429 vbi
552 1405 594 1430 eurn
605 1406 640 1430 nec
650 1395 734 1431 admoni-

31 1448 111 1483 tionibus
119 1448 158 1483 suis
166 1459 187 1483 se
195 1448 243 1483 velle
252 1448 343 1492 corrigere
352 1447 406 1488 videt,
415 1458 470 1482 vnarn
480 1448 503 1482 de
514 1448 567 1482 dictis
576 1449 689 1491 mulieribus,
698 1460 734 1494 qua

30 1512 65 1536 rex
76 1501 190 1546 frequentius
202 1501 314 1543 abutebatur,
330 1500 392 1535 missis
407 1500 494 1535 militibus
508 1511 520 1535 a
534 1500 584 1535 curia
599 1501 649 1546 regis
664 1501 683 1537 in
698 1512 734 1546 qua
744 1510 762 1539 25

31 1555 116 1589 manebat
127 1554 218 1588 violenter
230 1554 310 1594 abduxit,
321 1558 339 1587 et
351 1563 392 1587 eam
403 1553 422 1586 in
432 1553 478 1586 facie
489 1554 604 1596 deturpatam
616 1564 637 1588 ac
648 1554 734 1588 candenti

31 1607 79 1641 ferro
92 1607 197 1641 denotatam
211 1605 230 1640 in
244 1605 353 1639 Hiberniam
363 1605 418 1640 exilio
432 1605 515 1640 detrusit.
543 1605 588 1641 Erat
599 1606 649 1641 enim
659 1612 734 1642 sanctus

31 1659 72 1694 Odo
80 1659 161 1694 omniurn
171 1658 287 1704 iniquitatum
297 1658 403 1694 inflexibilis
413 1659 540 1702 aduersarius;
552 1670 589 1694 non
598 1659 648 1695 hunc
656 1659 734 1696 alicuius

31 1714 92 1758 gaudii
102 1713 189 1748 secularis
199 1713 291 1753 illecebre,
299 1723 336 1747 non
347 1712 442 1747 hominurn
453 1712 508 1755 mine,
517 1724 555 1747 non
566 1712 647 1748 cuiusuis
658 1714 733 1758 dampni

31 1766 128 1811 perpessio
139 1771 211 1810 poterat
224 1776 235 1799 a
250 1765 358 1801 rectitudine
373 1767 472 1800 deterrere.
501 1766 554 1809 Rege
569 1767 643 1799 tandem
659 1766 763 1804 Edwi0²30

31 1829 64 1861 pro
83 1819 122 1852 suis
140 1818 248 1852 criminibus
266 1817 365 1857 eliminat0,
380 1817 465 1860 Edgarus
480 1816 536 1852 frater
550 1817 591 1851 eius
605 1828 663 1862 super
676 1823 745 1856 totam,

31 1869 118 1915 Angliam
126 1881 160 1905 rex
169 1875 292 1905 consecratur.
336 1862 388 1905 Cum
398 1876 459 1904 autem
470 1870 585 1905 Dunstaaum
596 1870 614 1904 in
625 1871 733 1915 episcopum

31 1923 182 1967 Wigorniensem
197 1934 306 1957 consecrare
321 1923 402 1965 deberet,
418 1922 517 1961 hominem,
533 1922 564 1967 qui
581 1923 605 1957 ad
620 1922 733 1959 Wicciorum

32 1977 157 2021 pontificatum
172 1975 309 2021 promouendus
323 1976 428 2017 aduenerat,
440 1975 459 2010 in
475 1976 580 2021 pontificem
594 1976 733 2012 Cantuariorum

32 2031 90 2064 sancti
101 2029 177 2074 spiritus
189 2029 295 2073 operatione
305 2030 402 2074 promouit.
425 2029 487 2073 Super
499 2039 556 2073 quoa
567 2029 734 2076 circumstantibus,
743 2041 762 2071 35

32 2093 64 2117 cur
76 2083 102 2118 sic
116 2088 184 2126 ageret,
196 2081 304 2127 inquisitus:
316 2083 374 2124 ‘Scio,
384 2081 447 2126 inquit,
460 2082 497 2124 filii,
509 2083 547 2117 scio
559 2082 603 2127 quid
615 2089 703 2128 operetur
715 2084 734 2119 in
758 2112 761 2117 .

32 2146 62 2170 me
77 2137 128 2171 deus.
151 2136 175 2170 Et
190 2136 238 2170 hunc
254 2137 328 2180 quidem
342 2135 479 2179 Wigoruicnsis
495 2136 595 2178 prouincia,
609 2147 641 2171 me
655 2137 734 2176 viuente,

32 2193 125 2232 pastorem
140 2188 224 2222 habebit:
237 2189 269 2222 sed
282 2194 320 2222 tota
331 2188 430 2229 Britannia,
442 2198 472 2221 rne
481 2187 573 2232 defuncto,
585 2189 651 2224 eodem
663 2195 734 2224 rectore

31 2241 129 2284 gaudebit3
146 2253 181 2275 nec
199 2240 249 2275 enirn
268 2241 308 2286 lege
327 2242 385 2277 sancti
402 2240 478 2285 spiritus
496 2242 566 2277 donum
583 2240 648 2287 stringi
663 2244 734 2287 potest)

33 2294 112 2328 Sanctus
123 2296 198 2329 tandem
206 2295 247 2329 Odo
255 2295 274 2328 in
282 2301 377 2330 senectute
386 2296 440 2335 bona,
448 2294 545 2330 virtutibus
555 2301 573 2329 et
583 2295 671 2340 operibus
681 2296 734 2332 bonis
743 2305 764 2335 40

32 2348 103 2391 plenus,
111 2347 174 2383 relicto
182 2348 244 2383 seculo
252 2348 326 2383 celestia
334 2347 443 2393 penetrauit,
448 2355 512 2392 quarto
520 2358 579 2383 nonas
586 2349 647 2384 Iunii'.
688 2342 735 2385 Post

32 2400 84 2434 cuius
91 2400 189 2434 transitum
198 2400 275 2434 obtinuit
283 2401 344 2435 locum
352 2401 419 2435 summi
430 2401 527 2435 sacerdotii
535 2401 622 2444 Elisinus,
629 2400 735 2436 Wentanus

33 2452 137 2497 episcopus,
149 2453 192 2486 data
202 2453 280 2497 pecunia
291 2454 405 2498 principibus
416 2453 447 2497 qui
459 2453 514 2498 primi
525 2458 578 2488 erant
588 2453 608 2487 in
619 2453 674 2487 domo
685 2455 734 2497 regis

33 2504 106 2552 Edgarl.
130 2506 177 2550 Nam
193 2511 211 2540 et
224 2511 267 2540 ante
278 2506 363 2541 Odonem
375 2516 443 2550 magna
455 2506 478 2540 ad
491 2505 600 2550 rapiendum
613 2506 735 2542 sacerdotium

95 2586 100 2604 ¹
111 2585 129 2615 E.
137 2585 214 2624 edwinus,
222 2586 240 2615 T.
247 2578 312 2617 edwius.
394 2585 400 2603 ²
411 2586 429 2615 E.
437 2587 506 2617 edwino.
586 2585 592 2602 ³
603 2586 622 2616 E.
630 2586 669 2617 tulit

368 2642 380 2671 Q
391 2643 402 2666 2
