1762 2803
114 102 176 155 ‘442
322 100 402 152 tunae
417 98 533 161 termus
548 99 641 163 anglie.

132 221 248 257 reuocaberis
259 221 324 257 acuite
333 222 423 267 salutique
433 224 546 259 restitueris:
558 225 592 258 sed
601 228 676 268 paratus
687 227 733 266 esto,
741 223 784 267 quia
793 227 834 267 post

133 274 273 320 quadriennium
282 275 371 319 [rediens]
382 276 460 311 visitabo
472 282 495 311 te.
519 277 599 312 Patriam
607 288 652 312 vero
663 276 779 321 perueniens,
792 287 835 320 pos-

133 329 226 363 sessiones
234 328 266 363 tibi
273 328 342 363 ablatas
350 328 434 373 recipies,
442 335 461 364 et
469 329 488 364 in
494 340 539 374 pace
545 330 642 374 tranquilla
649 329 703 364 finies
711 329 767 364 vitam
775 329 836 363 tuam!

133 380 204 423 Quibus
209 380 261 415 dictis
267 381 342 423 angelus
347 382 435 424 disparuit
441 395 446 417 z
453 387 471 417 et
476 382 507 417 ille
512 382 600 427 protinus,
606 381 658 427 quasi
663 382 686 416 de
691 380 743 426 graui
748 392 833 425 sompno,

115 442 123 471 5
133 432 217 474 surrexit,
226 433 315 477 [re]sedit,
323 434 428 479 apertisque
438 435 495 471 oculis
507 436 554 471 cirea
562 447 583 470 se
591 437 656 470 choros
664 434 781 480 psallentium
789 434 836 469 ilen-

133 486 214 530 tiumque
220 486 297 520 fratrum
304 489 388 532 aspexit;
400 499 421 522 ac
430 489 522 523 modicum
531 489 632 533 suspirans,
640 489 714 523 vbinam
720 493 769 523 esset
775 487 836 522 Acca¹

132 539 223 583 presbiter
234 539 357 584 interrogauit.
386 541 422 584 Qui
434 543 495 576 statim
508 547 583 577 vocatus
596 541 674 585 intrauit,
687 546 705 576 et
715 541 781 576 videns
794 550 835 574 eum

132 593 199 628 melius
212 592 311 627 habentem
324 604 345 628 ac
357 594 407 638 loqui
419 596 518 637 valentem,
530 595 584 630 llexis
598 595 681 639 genibus,
693 604 735 628 cum
750 592 836 627 omnibus

132 645 164 689 qui
179 645 255 680 aderant
267 646 358 690 fratribus,
370 648 405 682 deo
420 647 487 693 gratias
503 648 545 693 egit.
566 649 618 682 Tune
632 647 715 692 pontifex
730 647 753 681 ad
766 646 836 680 Accam

106 708 124 729 10
132 698 255 743 presbiterum
271 710 377 743 conuersus,
392 712 500 745 quecunque
515 701 586 736 viderat
597 700 663 743 retulit,
676 700 772 735 tremenda
785 699 836 734 illum

132 751 245 787 adiuratione
253 754 381 798 constringens
390 765 414 788 ne
424 755 510 799 quamdiu
518 755 588 789 uiueret
598 755 644 788 hane
652 754 743 788 visionem
751 753 836 797 cuiquam

132 805 228 839 reuelaret.
273 798 329 839 Tunc
340 807 438 840 Wilfridus
454 807 567 840 Britanniam
583 807 653 840 intrans
659 806 671 848 l,
683 811 701 839 et
716 805 801 849 perlectis
817 805 836 838 in

133 857 245 902 conspectu³
256 857 344 892 nobilium
355 859 421 893 litteris
431 859 552 903 papalibus,a
564 858 687 893 Brithwaldo⁴
698 856 836 901 archiepiscopo

133 914 151 944 et
163 909 262 945 Ethelredo
274 912 366 955 quondam
376 921 425 955 rege,
433 918 476 946 tunc
487 923 531 947 vero
541 911 643 946 Bardeneie
654 910 725 952 abbate,
736 909 836 945 honorilice

106 973 124 1004 15
133 968 230 1005 susceptus
242 969 275 997 est.
303 964 414 999 Ethelredus
426 966 476 999 enim
487 965 565 999 accitum
577 965 687 1007 Conredum,
700 973 755 1008 quem
770 973 803 1007 pro
815 973 836 997 se

133 1026 197 1060 regem
215 1015 287 1058 lecerat,
307 1016 401 1051 hortaturl
418 1023 438 1052 vt
456 1028 532 1052 seruum
551 1017 620 1051 domini
639 1028 663 1052 ex
681 1017 742 1051 animo
761 1026 836 1060 semper

133 1069 201 1103 coleret
209 1073 227 1101 et
234 1069 317 1112 diligeret
324 1079 345 1102 ac
353 1070 429 1112 torreret,
437 1075 454 1104 et
462 1074 525 1104 contra
533 1080 598 1104 omnes
608 1070 724 1103 aduersarios
731 1067 836 1102 indefessus

132 1120 150 1154 ei
161 1126 287 1166 propugnator
295 1122 387 1157 existeret.
412 1122 494 1156 Alfridus
502 1129 563 1157 autem
571 1133 605 1156 rex
612 1121 719 1166 ambagibus
727 1120 835 1166 quibusdam

133 1174 208 1210 obiectis
222 1175 313 1210 nitebatur
327 1177 430 1219 ostendere,
443 1176 478 1210 sibi
493 1176 568 1221 penitus
580 1187 617 1210 non
631 1186 673 1211 esse
685 1174 772 1220 possibile
787 1174 836 1219 quod

106 1239 125 1260 ro
133 1228 277 1272 precipiebatur⁰
288 1230 369 1273 explere.
391 1229 461 1264 Verum
472 1234 543 1264 secreta
552 1229 635 1264 cordium
644 1228 674 1262 dei
684 1227 775 1273 sapientia
785 1238 836 1262 scru-

133 1286 179 1323 tans,
192 1281 292 1325 nequitiam
304 1281 344 1316 eius
355 1282 471 1324 examinant,
483 1287 502 1317 et
514 1293 580 1326 corpus
592 1281 640 1316 illius
650 1280 688 1315 aeri
699 1280 767 1315 doloris
779 1280 836 1315 mole·

133 1333 222 1367 statione⁷
234 1333 261 1366 sic
269 1333 369 1367 debilitauit
376 1338 396 1367 vt
405 1334 488 1367 omnium
497 1335 622 1368 membrorum
633 1333 693 1367 officio
701 1332 836 1367 destitueretur.

133 1385 169 1427 Qui
181 1396 224 1419 cum
237 1396 258 1419 se
273 1385 321 1420 mori
332 1391 456 1430 cognosceret,
469 1386 555 1420 adhibitis
570 1386 647 1420 testibus
659 1385 743 1429 promisit
754 1385 809 1429 quod,
820 1383 836 1418 si

133 1440 179 1474 deus
190 1438 224 1472 sibi
232 1439 288 1473 vitam
299 1441 413 1483 concederet,
421 1445 439 1475 et
449 1440 505 1475 iussis
515 1439 619 1484 apostolicis
630 1439 712 1474 obediret
724 1443 742 1474 et
750 1438 837 1473 Willrido

107 1504 125 1534 ²5
134 1492 184 1526 omni
195 1496 278 1535 tempore
290 1492 385 1527 inclinaret
397 1503 419 1527 se
432 1498 450 1527 et
463 1503 505 1526 eum
518 1493 607 1536 diligeret.
634 1492 673 1527 Sed
686 1491 726 1535 ipse
739 1490 813 1535 quidem
826 1501 837 1525 a

133 1544 171 1578 vita
178 1545 259 1587 recessit,
268 1550 286 1578 et
296 1544 404 1589 Eadulphus
416 1546 490 1589 quidam
501 1545 521 1578 in
532 1556 610 1588 regnum
620 1545 714 1587 successit,
722 1545 753 1588 qui
765 1544 837 1578 nunciis

134 1595 215 1632 Wilfridi
227 1596 262 1631 sibi
273 1596 336 1631 missis
347 1597 372 1632 ita
384 1598 491 1642 respondit:
504 1598 550 1633 ‘Per
561 1608 627 1639 meam,
636 1597 700 1641 inquit,
707 1598 785 1632 salutem
796 1596 837 1631 iuro

134 1650 176 1693 quia
189 1648 225 1682 nisi
237 1649 284 1684 infra
296 1650 358 1694 spacia
371 1660 405 1684 sex
419 1650 490 1685 dierum
506 1661 517 1684 a
532 1661 590 1694 regno
604 1661 646 1685 meo
659 1649 770 1693 discesserit,
782 1661 836 1695 quos-

134 1713 206 1748 cunque
214 1703 237 1736 de
249 1703 288 1737 suis
297 1703 380 1738 inuenire
390 1709 473 1748 potuero,
480 1703 518 1738 vita
528 1703 615 1748 priuabo.’
639 1703 694 1738 Facta
705 1709 766 1738 autem
774 1708 838 1737 contra

107 1767 126 1796 30
134 1766 197 1800 regern
208 1755 337 1797 coniuratione,
345 1767 409 1800 regn0,
417 1757 466 1800 quod
478 1758 549 1791 duobus
559 1756 654 1791 mensibus
663 1756 727 1799 tenuit,
735 1756 837 1800 depellitur.

134 1809 179 1842 Post
190 1818 244 1850 quem
256 1814 346 1851 regnante
354 1809 431 1850 Osredo‚
440 1809 477 1842 filio
488 1809 560 1851 Alfridi,
568 1809 666 1842 Willridus
677 1809 696 1842 in
708 1809 773 1842 sedem
784 1818 836 1842 suam

133 1865 220 1906 receptus
232 1867 271 1895 est:
286 1860 337 1895 cuius
349 1861 433 1895 familiari
444 1860 523 1896 amicitia
534 1872 568 1897 rex
580 1873 647 1906 magno
659 1862 724 1896 affectu
736 1861 836 1905 copulatus,

133 1924 167 1958 per
178 1918 236 1949 totum
247 1925 324 1959 regnum
336 1914 418 1958 precepit
429 1914 515 1959 quatinus
526 1925 582 1950 nemo
592 1920 656 1949 sancto
666 1914 754 1958 episcopo
763 1913 782 1947 in
793 1925 838 1957 quo-

133 1976 206 2012 cunque
216 1965 297 2009 (εῖίειιη)8
309 1967 382 2011 negotio
392 1968 495 2010 contrairet,
507 1969 540 2003 sed
552 1967 599 2002 sicut
610 1967 679 2002 famulo
690 1967 720 2001 dei
731 1977 765 2011 per
776 1966 838 2000 omnia

106 2030 198 2061 55omnes
214 2021 314 2054 obedirent.
342 2021 365 2055 Et
380 2021 448 2055 factum
463 2026 491 2056 est
506 2021 535 2055 ita.
558 2013 669 2056 Transactis
684 2025 745 2055 autem
760 2024 838 2064 quatuor

133 2074 187 2107 annis
204 2073 256 2115 graui
267 2073 350 2116 corporis
362 2074 450 2116 languore
462 2079 537 2107 sanctus
548 2074 647 2117 episcopus
659 2073 756 2113 inuaditur,
768 2077 787 2106 et
799 2072 837 2106 sati·

134 2131 186 2168 gatus
199 2125 246 2159 lecto
259 2125 351 2169 recipitur.
374 2126 453 2160 Difficile
466 2130 495 2160 est
508 2127 558 2160 enim
571 2125 653 2170 proferre
666 2130 711 2170 quot
723 2124 791 2160 infirmi
804 2134 838 2170 per

134 2190 177 2213 eum
185 2177 278 2213 infirmum
286 2178 322 2213 sint
329 2180 351 2213 ab
360 2179 410 2213 omni
417 2180 523 2214 infirmitate
531 2179 595 2221 sanati,
603 2184 646 2223 quot
652 2178 753 2213 demoniaci
761 2178 838 2218 liberati,

134 2230 221 2275 paralitici
237 2231 314 2272 solidati,
329 2232 367 2266 ceci
382 2231 483 2273 illuminati,
498 2233 549 2266 surdi
564 2231 646 2276 mutique
661 2231 724 2274 curati,
739 2236 782 2275 quot
797 2230 837 2265 aliis

106 2296 127 2325 40
134 2282 266 2317 calamitatibus
274 2283 334 2316 afllicti
342 2288 430 2328 operante
441 2285 476 2318 deo
487 2294 522 2327 per
531 2294 574 2318 euin
586 2283 682 2328 magnifice
693 2283 747 2318 saluti
754 2282 838 2317 restituti.

135 2335 256 2381 congregatis
268 2336 342 2371 tandem
354 2336 439 2371 fratribus
451 2337 485 2371 ait:
498 2336 572 2371 ‘Gratia
583 2336 640 2370 diuini
651 2336 719 2371 amoris
726 2341 746 2372 vt
757 2335 776 2370 in
785 2335 838 2371 vobis

134 2389 200 2434 iugiter
211 2393 289 2430 maneat,
301 2387 368 2423 fratres
379 2388 488 2432 charissimi,
499 2395 538 2424 tota
548 2389 614 2424 virtute
626 2401 701 2434 operam
712 2391 765 2425 date:
782 2398 838 2434 quam

133 2444 210 2490 gratiam
218 2448 237 2478 vt
248 2441 326 2478 feliciter
336 2442 443 2477 mereamini
455 2443 544 2487 obtinere,
551 2443 652 2479 fraternum
662 2454 745 2479 amorem
756 2443 838 2478 studiose

153 2524 235 2552 ¹Eracta.
276 2521 369 2551 ²E.intras.
410 2522 479 2553 ³Ead1n.
487 2526 572 2553 conuentu.
612 2522 740 2553 ⁴E.britwaldo.
780 2520 838 2551 ὖΤ.Ε.

134 2563 254 2594 hortatureum.
289 2561 440 2602 ⁶E.precipibatur.
478 2561 644 2595 'Eadminvectione
683 2562 775 2595 uominT⁴
783 2562 838 2592 Eadm.
