1762 2803
136 173 177 214 132
325 160 404 212 runnu
420 156 536 220 tantona
552 156 644 220 anulio.

133 286 196 324 pastor
215 290 259 315 oues
278 284 382 324 congregat,
401 280 470 314 euitare
489 280 595 314 discrimina
615 281 673 321 docet,
692 284 710 314 et
729 281 752 314 ad
770 280 835 324 gaudia

133 334 237 369 ineternum
249 344 335 368 mansura
346 344 446 377 properare
458 344 491 368 sue
504 333 619 368 sanctissime
630 333 667 368 vite
679 332 764 368 instruxit
774 344 835 368 exem-

133 388 169 431 plo.
213 380 340 431 Apostolicam
352 386 401 420 enim
413 387 514 420 doctrinam
526 393 544 421 et
555 392 660 421 sanctorum
672 391 744 430 patrum
754 386 836 421 instituta

134 441 208 474 assidua
226 438 244 473 in
263 450 284 473 se
303 440 404 473 obseruans
423 438 521 483 diligentia,
540 439 623 473 subditos
641 439 724 473 hortatur
742 444 760 473 et
782 440 835 473 docet

116 493 224 536 5exempla.
253 492 306 533 Quod
318 491 446 525 transmarinis
462 491 545 535 partibus
561 492 648 526 didicerat
665 493 688 527 de
704 491 835 527 monachorum

133 543 236 579 districtiori
246 544 284 578 vita
295 549 313 578 et
324 544 403 587 regulari
415 545 552 585 consuetudine,
563 545 658 578 cotidianis
673 544 835 579 inculcationibus¹

133 596 185 630 solita
204 596 344 629 mansuetudine
361 596 444 629 subditos
463 597 572 629 consuescit.
602 596 716 639 Diligebatur
735 598 757 630 ab
776 596 835 630 omni-

133 649 173 690 bus,
192 648 211 683 in
226 648 276 682 nullo
289 658 382 692 arrogans,
393 647 412 681 in
426 648 476 682 nullo
486 648 576 682 tumidum
587 648 631 692 quid
641 649 671 683 vel
685 648 789 692 improbum
803 649 835 683 de·

133 706 247 742 monstrans;
267 700 300 735 sed
316 700 335 735 in
350 700 435 734 omnibus
450 700 499 734 mitis
516 705 534 735 et
553 700 633 743 humilis,
647 701 706 735 dulcis
723 706 741 735 et
758 701 835 735 affabilis

106 763 124 785 10
133 754 201 789 enituit.
230 753 293 789 Multis
307 753 356 789 enim
367 753 495 788 miraculorum
509 753 567 798 signis
583 755 602 789 in
613 753 650 789 vita
663 766 697 789 sua
708 754 780 795 effulsit,
792 765 835 799 pro·

132 808 231 852 phetieque
242 807 308 852 spiritu
319 808 410 842 veridicus
421 813 473 841 vates
487 807 556 850 claruit,
565 807 657 842 interdum
670 808 724 842 etiam
735 809 796 842 futura
807 819 835 842 ac·

132 860 148 894 si
164 861 200 895 iam
215 860 308 905 preterita,
324 871 335 894 a
352 860 386 894 deo
403 860 472 902 doctus,
488 860 596 894 enunciauit.
627 860 735 895 Infirmitate
753 861 835 904 corporis

133 924 215 957 pressus,
228 913 261 957 [in]
276 913 375 957 gratiarum
390 912 460 947 actione
474 923 516 947 cum
531 913 585 947 beato
601 913 633 947 lob
649 913 728 956 perstitit
743 913 835 957 patientis-

133 966 196 1001 simus.
231 966 310 1009 Semper
332 967 355 999 de
378 966 460 1009 profectu
483 965 585 999 animarum
609 966 688 1000 habebat
713 967 835 1009 colloquium;

106 1025 124 1054 15
133 1029 208 1063 semper
219 1019 242 1052 de
254 1018 319 1062 gaudio
331 1023 395 1051 eterne
408 1017 497 1051 felicitatis
512 1017 531 1051 in
547 1017 586 1051 eius
601 1029 633 1051 ore
648 1018 725 1052 sonabat
738 1017 835 1061 eulogium.

133 1071 208 1105 Talibus
227 1070 369 1104 institutionibus
388 1070 422 1104 hoc
439 1070 501 1114 exegit
520 1081 580 1112 euum‚
599 1071 665 1105 talibus
683 1072 706 1105 ad
725 1071 836 1114 condignum

133 1129 185 1167 pater
201 1123 294 1167 angelicus
311 1123 396 1168 peruenit
413 1124 490 1157 senium.
533 1116 703 1168 Appropinquante
722 1130 782 1159 autem
798 1124 835 1159 vite

132 1187 165 1210 sue
183 1176 267 1216 termino,
286 1176 402 1219 grauiorique
421 1176 545 1210 inualescente
566 1178 635 1218 morbo5
657 1177 687 1221 pia
710 1188 747 1211 non
770 1177 835 1211 defecit

132 1229 213 1271 intentio,
232 1230 265 1263 sed
284 1228 349 1262 charos
368 1240 415 1272 quos
434 1228 507 1262 Christo
526 1228 593 1263 diuinis
612 1229 727 1272 dogmatibus
747 1234 835 1273 genuerat

104 1274 180 1317 ao'fflios
197 1282 255 1317 verbo
271 1282 387 1316 commonet²
398 1281 494 1325 propicio,
509 1287 527 1316 et
546 1282 569 1315 de
588 1282 709 1317 obseruandis
728 1283 835 1317 monasterii

132 1336 200 1377 regulis
211 1345 246 1376 que
256 1335 365 1377 peregrinus
377 1334 531 1377 petierat-sepius
540 1340 625 1377 repetere
636 1336 689 1369 dulce
699 1340 717 1368 et
729 1336 835 1369 delectabile

132 1388 214 1420 ducebat.
242 1387 273 1420 Sic
284 1387 344 1430 longis
356 1386 444 1419 virtutum
461 1386 526 1420 studiis
541 1387 640 1420 adornatus
656 1386 709 1420 miles
725 1386 792 1421 Christi
808 1387 834 1421 in-

132 1439 220 1480 defessus,
239 1440 294 1482 longa
312 1439 367 1473 etiam
386 1439 434 1472 inter
452 1439 518 1472 iratres
536 1439 657 1472 inualitudine
676 1445 754 1474 vexatus
778 1449 835 1474 senex

132 1492 228 1536 gloriosus,
244 1492 319 1526 tandem
338 1496 427 1525 euocante
444 1492 479 1525 deo
496 1491 519 1525 de
536 1492 628 1535 ergastulo
644 1492 704 1526 carnis
720 1497 786 1526 exutus
802 1498 835 1533 est,

105 1555 124 1585 ¹5
133 1544 267 1587 quintodecimo
279 1544 313 1579 kal.
324 1543 379 1586 iuliil,
390 1549 409 1579 et
420 1543 439 1577 in
451 1544 516 1578 eodem
528 1545 577 1588 quod
586 1549 714 1579 construxerat
724 1546 835 1580 monasterio

133 1598 226 1641 sepelitur.
275 1589 384 1641 4Tempore
395 1596 444 1631 enim
461 1596 510 1640 regis
526 1597 599 1641 Edgari,
615 1602 689 1631 sanctus
705 1597 835 1640 Ethelwoldus,

133 1650 286 1684 monasteriorum
301 1654 401 1693 reparator,
417 1650 468 1693 petiit
483 1660 494 1682 a
509 1660 553 1694 rege
569 1655 587 1683 et
604 1650 680 1684 obtinuit
696 1656 716 1684 vt
727 1652 750 1685 de
762 1651 806 1686 locis
818 1658 836 1685 et

133 1702 249 1737 monasteriis
260 1713 271 1736 a
282 1702 358 1746 paganis
370 1702 467 1736 destructis
479 1712 556 1748 corpora
568 1707 672 1737 sanctorum
686 1703 709 1737 ad
725 1704 835 1738 monasteria

133 1766 166 1789 suo
185 1761 268 1798 tempore
287 1760 390 1790 constructa
408 1755 507 1789 transferre
527 1761 594 1799 posset.
633 1755 765 1790 Monasterium
786 1757 835 1791 enim

105 1808 210 1846 30Ykanho
223 1819 234 1840 a
249 1807 396 1851 persecutoribus
412 1808 460 1841 beati
476 1807 568 1841 Edmundi
584 1808 633 1851 regis
652 1808 758 1842 destitutum
777 1809 835 1843 fuerat

132 1860 262 1894 monachorum
274 1859 413 1894 conuersatione
424 1865 443 1893 et
454 1860 572 1901 destructum,
583 1861 616 1894 sed
627 1871 743 1904 nequaquam
753 1861 776 1894 ab
785 1861 834 1895 omni

132 1914 213 1947 fidelium
225 1913 326 1947 deuotione.
350 1913 410 1947 Locus
421 1913 470 1947 enim
482 1914 505 1947 ab
517 1913 581 1947 incolis
593 1918 646 1947 notus
658 1914 722 1948 sedulo
732 1915 834 1957 colebatur3

131 1966 195 2000 sedin
208 1965 275 2001 diuinis
288 1965 353 2000 officiis
368 1966 429 2000 asolo
445 1965 548 2009 presbitero
565 1966 684 2001 seruiebatur.
712 1967 758 2001 Cum
774 1973 835 2002 autem

131 2019 232 2053 monachus
244 2017 323 2062 quidam,
335 2017 433 2052 Vllkitelus
445 2018 523 2061 nomine,
536 2030 577 2052 cum
589 2018 651 2053 multis
662 2019 703 2054 aliis
714 2031 738 2054 ex
750 2021 835 2055 mandato

103 2081 122 2111 35
131 2072 189 2106 sancti
199 2070 309 2105 Ethelwoldi
320 2072 343 2105 ad
353 2072 434 2105 tumbam
446 2071 503 2106 sancti
516 2072 615 2115 Botulphi⁵
625 2073 711 2115 venisset,
722 2078 740 2107 et
751 2074 835 2117 preciosa

132 2125 170 2158 eius
186 2135 229 2158 ossa
243 2124 262 2157 in
277 2124 354 2157 sindone
370 2123 463 2157 recondita
478 2125 596 2167 suscepisset,
612 2130 630 2157 et
643 2124 662 2158 in
677 2126 760 2159 humeris
775 2126 835 2159 leuata

131 2184 226 2220 asportare
244 2182 359 2217 conarentur,
377 2182 427 2211 tanto
447 2178 527 2220 figuntur
548 2179 635 2221 pondere,
653 2184 672 2213 vt
697 2178 746 2212 nullo
769 2179 835 2213 annisu

130 2242 215 2273 gressum
238 2236 315 2274 possent
338 2241 418 2263 mouere.
449 2230 536 2264 Preterea
556 2241 622 2273 magno
644 2230 715 2274 crepitu
734 2238 835 2274 personant

131 2283 209 2317 claustra
222 2282 289 2323 altaris,
301 2287 407 2325 motumque
420 2281 517 2316 intendunt
530 2284 622 2326 quendam
635 2282 687 2326 quasi
697 2282 758 2326 operis
768 2283 834 2328 imper-

103 2342 123 2372 40
131 2334 177 2369 fecti.
199 2334 299 2369 Attonitis⁰
311 2346 355 2378 ergo
367 2339 442 2378 stupent
453 2334 538 2368 sensibus
550 2334 639 2369 diutius⁷z
657 2335 690 2368 sed
703 2336 777 2369 tandem
793 2337 835 2370 edo-

131 2394 183 2422 cente
193 2388 222 2422 dei
233 2388 291 2432 gratia
300 2387 393 2431 predictus
402 2388 503 2422 monachus
511 2387 574 2422 recolit
582 2400 606 2422 ex
613 2387 679 2422 auditis
688 2387 706 2421 in
715 2389 780 2423 eodem
789 2389 834 2432 loco,

131 2441 204 2475 beatum
210 2441 317 2485 Adulphum
324 2442 418 2485 presulem
425 2440 552 2484 consepultum
560 2440 611 2474 fratri
619 2451 663 2474 suo:
672 2440 748 2485 eiusque
754 2442 777 2476 de
785 2448 835 2477 terra

150 2519 156 2536 ¹
166 2519 184 2550 T.
193 2520 341 2550 conculcacionibus.
415 2520 421 2537 ²
431 2521 449 2551 F.
457 2523 550 2549 commouet.
620 2520 626 2537 ³
638 2519 656 2550 E.
665 2520 707 2551 iunii.
779 2520 785 2540 ⁴
795 2522 834 2552 This

130 2560 223 2589 translation
231 2560 255 2589 ed.
263 2560 279 2588 in
286 2559 321 2589 Act.
331 2560 359 2589 SS.
369 2559 409 2590 Boll.
419 2560 458 2589 lune
466 2560 492 2589 IV.
501 2569 516 2596 p.
524 2569 559 2596 330.
611 2559 617 2577 ⁵
627 2560 645 2590 E.
654 2560 744 2598 Bothulphi.
797 2562 804 2580 ⁶
814 2563 832 2593 E.

129 2599 215 2630 Attonitus.
276 2597 282 2616 ⁷
293 2598 311 2630 T.
319 2599 337 2631 E.
345 2599 414 2630 diutinis.
