1762 2803
134 113 180 166 ¹546
393 106 517 170 antenna
534 109 565 153 n.

135 231 215 272 euomuit,
227 237 244 265 et
253 231 270 264 in
281 231 370 273 presencia
380 231 425 274 regis
435 232 564 265 contestabatur
573 241 612 263 eum
622 230 712 272 indignum
722 241 760 263 esse
770 233 835 273 regales

136 282 236 325 dispensare
244 280 315 314 diuicias
322 286 339 314 et
347 287 394 314 tante
401 281 454 323 glorie
462 291 525 314 nomen
533 287 550 313 et
558 282 627 313 laudem
634 281 716 323 optinere.
738 282 810 315 Addidit
819 291 836 317 et

136 333 210 374 quedam
227 342 259 373 que
277 337 347 373 propter
363 331 435 364 fetorem
452 332 549 373 verborum,
566 342 588 364 ne
608 341 657 364 aures
674 331 738 370 sedent,
754 331 835 365 silencio¹

136 381 247 425 pretermitto.
269 383 292 416 At
303 387 373 415 sanctus
380 381 470 423 Aelredus‚
479 382 515 415 solo
525 382 574 415 faciei
587 383 653 422 rubore,
662 391 697 414 non
708 387 774 414 suaset
784 383 836 416 male-

120 433 208 474 5dicentis
224 432 322 466 confusione
337 433 422 473 confusus,
435 444 470 466 non
483 434 567 466 calculum
582 433 624 466 dure
638 432 754 475 responsionis
766 432 783 465 in
797 444 836 468 eum

136 483 211 526 proiecit,
222 490 248 516 set
259 483 398 517 mansuetissima
409 484 497 517 locucione
509 484 597 526 pacienter
608 482 705 525 respondit:
723 483 781 515 ‘Bene
794 483 836 518 dieis

136 544 147 566 o
158 534 213 574 miles,
222 533 287 575 optime
299 533 386 576 [dicis],et
393 545 434 567 vera
445 541 484 567 sunt
496 545 529 577 que
540 534 619 576 loqueris,
627 544 667 566 nam
679 533 788 565 mendacium
799 535 836 568 odis

136 590 153 618 et
160 596 189 617 me
197 583 259 626 diligis,
267 590 285 618 vt
295 584 352 618 credo.
375 586 398 618 Et
406 585 452 627 quod
462 590 542 627 peccator
549 595 587 618 sum
595 590 612 618 et
622 582 707 627 indignus,
715 588 732 616 et
740 583 786 626 quod
794 585 836 618 mul-

136 642 173 668 tum
185 635 285 678 deliquerim
296 642 356 668 contra
365 647 422 677 regem
431 637 511 677 celorum,
520 641 545 668 set
553 646 587 668 non
596 640 655 668 contra
663 645 721 676 regem
733 634 760 668 cui
771 640 836 677 tempo·

110 696 128 717 ιο
136 686 195 719 taliter
206 686 267 726 seruio,
275 696 307 729 ego
315 686 365 720 valde
375 686 425 719 noui?
452 686 495 728 Quis
505 691 563 718 autem
575 685 642 718 illorum
653 695 696 727 quos
707 683 765 726 viginti
777 685 805 717 vel
815 687 836 718 xl.

136 737 186 769 annis
195 737 289 770 claustralis
298 737 375 770 custodia
385 736 473 779 paciencia
482 736 565 777 instruxit,
573 742 609 768 tarn
619 735 698 778 benigne,
706 742 742 768 tam
752 735 837 769 humiliter

136 787 183 820 socio
191 796 228 827 suo,
236 786 251 819 si
258 788 281 819 ab
289 796 309 819 eo
317 786 379 828 corripi
387 787 496 828 contingeret,
503 786 625 828 responderet?
649 786 716 827 Legant
723 787 769 818 hunc
776 787 837 824 locum,

136 841 155 868 vt
169 837 224 869 sciant
238 835 293 878 qualis
306 836 339 868 hec
352 837 404 868 arbor
415 836 488 869 extiterit
501 836 518 878 in
532 835 587 877 prima
599 835 713 877 plantatione,
725 845 758 877 que
771 840 837 868 tantum

137 893 197 930 postea
208 887 281 919 fructum
292 886 332 920 tecit
344 886 361 920 in
372 886 528 919 eonsuinmaeione.
551 886 574 919 Et
585 885 659 919 necdum
670 885 739 928 quidem
747 894 836 919 conuersa·

110 949 128 978 15
136 939 188 971 batur
200 936 218 969 in
231 937 327 978 solitudine,
341 942 367 970 set
382 937 399 969 in
413 937 482 980 Egipto,
494 936 523 970 vbi
535 947 616 978 murmur,
628 947 663 969 non
676 936 772 978 graciarum
785 936 837 977 accio,

136 988 191 1021 audiri
204 987 303 1029 consueuit3
320 998 354 1020 non
368 998 401 1021 vox
415 987 490 1029 turturis,
505 993 530 1021 set
545 987 652 1029 serpencium
668 986 759 1030 perstrepit
774 986 837 1020 sibilus.

136 1038 151 1072 ‘ll
160 1040 187 1071 Ob
195 1038 240 1070 hane
248 1049 323 1077 causam,
330 1038 407 1080 aliasque
414 1038 496 1070 virtutum
504 1037 602 1080 probitates,
608 1049 619 1071 a
625 1038 694 1071 domino
703 1048 733 1071 suo
738 1048 778 1079 rege
782 1037 837 1070 arcius

136 1089 231 1128 amabatur,
239 1088 257 1120 in
268 1093 335 1120 tantum
345 1094 362 1120 vt
372 1098 411 1120 eum
422 1088 457 1121 suis
467 1088 540 1120 consiliis
551 1093 568 1120 et
576 1088 653 1129 negociis
663 1088 785 1130 preordinaret.
808 1088 837 1120 Set

136 1148 175 1173 cum
187 1138 222 1172 iam
232 1139 274 1172 deus
284 1139 335 1172 vellet
346 1149 385 1172 eum
397 1139 420 1172 ad
432 1138 522 1172 utilitatem
534 1144 551 1171 et
563 1138 700 1171 consolacionem
713 1138 810 1177 multorum,
821 1143 837 1170 et

110 1199 129 1220 κο
136 1188 222 1231 propriam
236 1188 311 1231 quietem
323 1194 340 1222 et
353 1190 514 1230 sanetificaeionem,
528 1190 560 1222 sibi
573 1189 629 1222 arcius
644 1189 735 1231 applicare,
748 1188 837 1230 inspirauit

136 1239 152 1272 ei
164 1238 244 1282 quatinus
254 1239 332 1279 religioni
340 1249 358 1272 se
366 1239 446 1272 traderet.
470 1239 490 1271 ln
502 1244 559 1281 partes
570 1238 621 1281 igitur
633 1239 709 1271 Eboraci
721 1239 795 1271 ciuitatis
807 1250 837 1280 pro

136 1290 212 1332 quodam
222 1288 293 1330 negocio
304 1288 397 1321 deueniens
406 1290 428 1321 ad
436 1288 584 1330 archiepiscopum
595 1288 672 1321 eiusdem
681 1288 766 1321 diocesis:
778 1288 837 1321 didicit

136 1350 147 1372 a
158 1339 232 1383 quodam
244 1339 276 1371 sibi
287 1339 372 1379 familiari,
383 1340 467 1381 quosdam
480 1340 574 1372 monachos
587 1340 640 1371 ferme
653 1345 693 1372 ante
705 1349 760 1371 annos
771 1345 806 1371 tres
817 1350 837 1371 ex

136 1389 255 1424 transmarinis
269 1389 346 1432 partibus
359 1390 427 1424 venisse
442 1390 460 1423 in
475 1390 561 1431 Angliam,
575 1389 657 1431 religione
672 1389 741 1431 quidem
757 1388 837 1431 insignes,

111 1449 128 1479 ²5
136 1441 199 1474 vestitu
206 1441 261 1473 eciam
269 1441 317 1473 albos
323 1447 340 1473 et
345 1440 454 1474 nomine—et
462 1439 533 1483 ad[huc]
542 1441 575 1473 hoe
583 1450 637 1482 genus
645 1441 669 1473 ita
675 1446 744 1473 vocatur
751 1446 768 1472 et
776 1439 837 1482 tegitur

137 1491 172 1532 ita',
183 1491 229 1523 vnde
240 1490 290 1523 simul
301 1490 404 1532 congregati,
413 1492 471 1523 colunt
482 1496 606 1533 paupertatem,
614 1501 649 1523 non
657 1501 709 1533 quam
716 1491 760 1533 parit
768 1490 837 1533 penuria

137 1540 262 1582 necligencium
279 1547 296 1573 et
317 1541 424 1582 torpencium
441 1541 502 1579 ocium,
522 1547 547 1573 set
564 1552 616 1582 quam
633 1541 729 1574 voluntaria
744 1540 837 1573 necessitas

138 1590 251 1631 administrat,
262 1596 279 1624 et
290 1590 330 1623 tidei
342 1596 426 1624 sustentat
437 1590 531 1633 integritas,
542 1597 559 1624 et
571 1590 630 1623 diuina
641 1591 751 1624 commendat
762 1590 837 1624 dileccio.

139 1642 159 1673 In
173 1639 211 1674 cibo
223 1645 240 1673 et
253 1645 298 1682 potu,
312 1640 330 1673 in
344 1646 383 1673 actu
397 1647 414 1674 et
428 1640 495 1681 affectu,
509 1641 526 1674 in
541 1651 597 1674 rerum
612 1641 733 1674 habundancia
747 1651 838 1683 earumque

111 1690 236 1732 30indigencia
254 1689 337 1734 equaliter
355 1696 442 1724 currentes
458 1691 502 1724 inter
516 1691 591 1724 dextram
610 1691 700 1734 leuamque
714 1701 755 1725 vsus
771 1690 837 1734 ydonei,

138 1752 206 1784 semper
220 1741 321 1773 vnilormem
336 1741 446 1773 discrecionis
460 1742 563 1783 pretendunt
578 1742 658 1783 speciem,
673 1747 740 1775 tantam
754 1749 772 1775 et
787 1742 837 1775 talem

138 1796 225 1823 sumentes
240 1792 257 1822 in
272 1791 305 1822 hiis
321 1791 401 1823 omnibus
413 1791 448 1822 vite
463 1791 596 1832 vegetacionem,
612 1803 646 1833 qua
660 1793 711 1833 paulo
726 1792 782 1824 minus
797 1790 838 1824 satis

138 1840 214 1883 corporis
222 1844 290 1873 curetur
297 1840 396 1879 necessitas,
404 1841 493 1882 cultusque
501 1840 569 1873 diuinus
577 1851 611 1873 non
620 1847 701 1883 tepescat.
718 1842 776 1874 Nichil
784 1840 837 1883 possi-

138 1893 179 1925 dent
189 1892 287 1934 proprium,
300 1896 358 1934 preter
369 1891 419 1934 quod,
428 1890 478 1923 simul
490 1901 525 1923 non
538 1891 634 1934 loquuntur,
647 1902 679 1925 nee
689 1892 759 1935 propria
770 1891 838 1934 quidem

111 1950 129 1980 35
138 1943 176 1986 quis
184 1942 282 1983 aggreditur
289 1942 379 1982 voluntate,
387 1942 410 1974 ad
417 1947 477 1974 nutum
485 1942 545 1984 prelati
553 1943 632 1983 excitata,
640 1953 673 1985 que
680 1948 767 1985 geruntur,
784 1940 837 1975 Simili

137 1993 182 2027 exitu
188 1993 280 2025 flectuntur
286 1993 309 2025 ad
317 1992 392 2035 quelibet
397 2004 402 2033 ς
410 1991 482 2035 pusillus
490 1999 506 2025 et
515 2002 592 2034 magnus,
600 2003 643 2035 puer
650 1999 667 2027 et
675 2004 731 2035 senex,
739 1993 814 2036 prudens
822 1997 837 2025 et

137 2043 196 2085 ydiota
204 2052 238 2074 vna
246 2043 283 2083 lege
291 2049 374 2075 tenentur.
396 2043 424 2075 Ad
432 2052 515 2082 mensam,
524 2044 546 2075 ad
554 2043 687 2084 processionem,
696 2044 837 2080 communionem,

138 2101 221 2133 vsumque
236 2091 316 2125 ordinum
331 2097 425 2125 ceterorum
440 2091 529 2134 parilitas²
545 2092 615 2134 singulis
628 2103 681 2125 vnam
696 2093 740 2134 parit
754 2091 837 2134 ydempti-

138 2147 191 2175 tatem
205 2141 295 2184 ipsamque
310 2141 388 2175 omnibus
400 2142 479 2183 similem,
491 2152 524 2175 nec
535 2148 561 2176 est
573 2152 614 2184 erga
628 2143 721 2185 quemlibet
732 2141 838 2186 exceptionis

110 2201 131 2230 40
139 2192 220 2225 indicium
236 2193 364 2233 preponderans
379 2192 476 2235 equitatem,
490 2193 523 2226 nisi
538 2203 589 2235 quem
600 2192 655 2226 maior
669 2194 752 2227 sanctitas
766 2192 838 2236 potuerit

139 2242 233 2283 anteferre,
245 2243 282 2274 sola
291 2243 323 2275 hec
333 2241 423 2275 distinccio
433 2242 528 2285 digniorem
537 2243 620 2285 approbat
632 2254 683 2286 quern
694 2245 760 2277 nouerit
769 2245 838 2276 demon-

139 2299 194 2326 strare
205 2292 298 2326 meliorem.
321 2294 389 2335 Quanto
401 2293 438 2336 quis
450 2293 534 2335 humilior,
546 2298 594 2326 tanto
605 2294 659 2327 maior
669 2300 695 2328 est
706 2293 751 2328 inter
760 2294 808 2334 illos3
822 2298 837 2325 et

139 2349 204 2385 quanto
216 2342 301 2374 abieccior
309 2342 358 2374 suerit
368 2344 462 2375 secundum
472 2343 557 2385 propriam
566 2343 699 2385 estimaelonem‚
710 2351 758 2378 tanto
767 2345 838 2378 aliorum

139 2391 209 2426 arbitrio
218 2391 257 2434 plus
266 2392 346 2434 placebit.
369 2392 400 2425 Isti
410 2393 465 2425 sancti
473 2392 552 2426 homines
564 2393 581 2426 in
590 2395 645 2426 solum
655 2394 742 2436 anglicum
755 2405 775 2427 ex
785 2399 838 2426 trans·

111 2453 130 2484 45
139 2442 205 2477 marine
215 2442 301 2484 religionis
312 2443 386 2485 palestra
393 2453 474 2486 prospere
484 2443 602 2485 aduentantes,
611 2444 658 2477 iuxta
669 2445 774 2487 Helmesley,
781 2444 837 2477 villam

139 2493 219 2528 aduocati
236 2492 262 2527 sui
277 2492 309 2526 viri
323 2493 433 2527 illustrissimi
451 2498 468 2527 et
486 2504 507 2526 ex
524 2493 583 2537 primis
598 2504 688 2537 procerum
702 2495 748 2537 regis
768 2490 838 2528 Henrici

258 2560 264 2579 ¹
275 2561 398 2592 ursulentium
559 2561 565 2579 ²
575 2562 608 2592 MS.
615 2562 720 2601 personalitas.
