1762 2803
130 102 175 154 42⁶
211 144 212 148 ,
321 95 639 158 praetentabantur.

131 219 185 253 solita
193 218 231 253 suis
239 218 301 253 dicere
312 228 353 252 cum
361 218 428 252 virtute
436 218 543 253 tolerantie:
556 218 642 252 ‘Pondus
654 216 747 261 languoris
757 222 832 260 portans

132 271 197 306 merito
212 271 232 305 in
244 272 291 305 collo
305 270 385 305 afficior:
398 270 507 305 reminiscor
519 271 561 305 me¹
573 270 592 304 in
606 283 628 304 eo
640 276 723 316 gestasse
737 269 832 305 monilium

132 326 226 370 pondera:
238 326 287 370 quod
301 324 348 359 vltra
362 334 417 368 quam
433 325 495 359 debuit
509 330 548 359 etas
560 324 645 359 iuuenilis
656 325 717 359 facere
728 323 832 358 consueuit

133 380 226 414 Laudetur
234 390 278 423 ergo
288 378 347 423 pietas
358 378 430 413 deitatis
442 389 528 422 superne,
540 378 556 413 si
568 378 594 413 sic
605 379 691 413 absoluar
704 389 715 413 a
726 383 777 413 reatu
790 377 833 411 leui·

116 433 174 474 5tatis
185 443 305 475 superuacue,
314 432 358 465 dum
367 442 400 475 pro
408 443 453 465 auro
463 438 481 465 et
491 432 594 475 margaritis
605 443 654 465 nunc
664 432 719 465 michi
731 430 834 474 promineat

133 486 156 519 de
171 485 217 518 collo
232 485 288 518 rubor
303 485 393 527 ardorque
408 485 495 520 tumoris!
523 484 563 519 Hac
579 484 639 528 itaque
658 485 756 528 ingruente
775 483 833 517 morbi

133 536 222 577 molestia,
238 538 320 570 medicus
335 536 406 579 peritus
419 537 530 579 accersitur;
547 537 578 580 qui
593 536 660 570 fiducia
675 537 719 570 artis
734 546 768 569 sue
783 535 833 577 fisus,

132 595 223 622 tumorem
235 589 287 622 illum
298 598 384 631 pungens
395 588 457 622 incidit
465 590 500 623 sub
508 589 586 631 maxilla,
597 594 616 623 vt
627 587 758 632 prurulentus³
768 588 834 620 humor

133 642 215 675 efflueret
234 641 279 675 tanti
297 640 380 675 tumoris.
408 640 491 685 Cumque
511 641 570 675 leuius
588 652 623 685 per
638 641 714 675 biduum
730 651 750 674 se
766 639 834 674 habere

106 707 125 729 10
132 694 230 738 videretur,
238 694 292 729 tertia
304 693 333 728 die
343 694 436 738 prioribus
448 700 547 740 aggrauata
556 694 655 737 doloribus,
667 695 714 729 felici
727 692 834 729 commertio

133 749 216 783 dolorem
235 758 309 782 omnem
328 752 346 781 et
363 753 442 782 mortem
461 753 581 791 commutans,
597 748 693 792 completis
708 748 727 782 in
742 746 835 782 abbatisse

134 800 194 835 officio
207 806 280 845 septem
291 800 350 843 annis,
363 811 411 834 nono
424 801 513 835 kalendas
522 800 560 834 iulii
572 802 595 835 ad
606 801 701 835 dominum
714 799 803 844 migrauit,
817 805 835 834 et

134 854 153 888 in
162 854 226 889 locello
238 854 299 897 ligneo
309 854 383 897 sepeliri
394 854 465 888 meruit
510 846 561 889 Cum
573 860 634 888 autem
646 855 740 889 sexdecim
752 853 805 887 annis
816 853 835 886 in

134 913 184 941 terra
195 907 268 951 sepulta
279 907 346 941 iaceret
357 907 516 941 crebrescentibus
527 907 574 941 circa
585 908 675 941 tumulum
687 907 727 941 eius
738 905 835 946 miraculis,

108 972 126 1002 15
135 966 153 994 et
161 971 229 1004 corpus
237 960 260 994 de
267 965 317 994 terra
325 960 382 993 leuari
390 965 408 993 et
416 960 439 993 ad
447 960 507 993 locum
518 960 642 994 decentiorem
651 959 746 994 transferri
754 959 835 1001 deberet,

135 1013 197 1047 famuli
208 1018 271 1055 aptum
283 1012 363 1054 lapidem
378 1012 468 1054 quesituri
480 1012 583 1046 nauiculam
596 1014 722 1053 ascendentes,
736 1013 759 1045 ad
770 1012 835 1045 vrbem

135 1065 253 1100 Grantcestre
272 1064 372 1098 desolatam
388 1075 412 1097 ex
426 1064 520 1107 insperato
538 1064 664 1099 deuenerunt:
679 1071 697 1099 et
712 1075 770 1109 prope
785 1062 836 1097 vrbis

135 1129 208 1153 murum
222 1118 356 1162 sarcophagum
371 1117 417 1150 mire
430 1117 571 1161 pulchritudinis
584 1123 602 1151 et
614 1119 711 1152 marmoris
724 1117 760 1152 albi
773 1127 836 1160 reper-

134 1172 200 1213 ientes
213 1175 307 1215 assumpto
319 1181 383 1204 secum
397 1170 458 1214 lapide
470 1171 571 1214 gaudentes
584 1171 654 1205 reuersi
668 1177 716 1205 sunt.
761 1162 836 1205 Statuto

108 1237 127 1259 20
135 1224 259 1259 translationis
275 1223 358 1267 corporis
377 1229 440 1258 sancte
455 1222 531 1268 virginis
547 1223 582 1266 die,
597 1231 697 1269 apertoque
712 1223 781 1266 locello,
797 1223 837 1258 sine

135 1277 185 1312 omni
193 1277 296 1321 corruptela
305 1276 335 1310 vel
345 1272 464 1311 diminutione
475 1277 535 1321 aliqua
547 1288 589 1311 cum
599 1277 681 1311 vestibus
690 1278 755 1322 quibus
766 1276 837 1320 sepulta

135 1332 199 1373 fuerat,
211 1331 235 1364 ita
247 1331 352 1373 incorrupta
365 1335 383 1363 et
396 1330 449 1364 illesa
462 1335 481 1364 et
494 1330 565 1373 integra
578 1335 606 1364 est
619 1336 692 1374 reperta
704 1341 725 1364 ac
739 1329 837 1364 dormienti

135 1383 233 1425 simillima,
244 1395 264 1416 ac
275 1382 291 1417 si
301 1383 366 1416 eadem
376 1382 406 1416 die
415 1382 479 1416 fuisset
490 1382 566 1425 sepulta.
589 1383 658 1416 Tumor
668 1388 728 1417 autem
741 1382 781 1416 colli
792 1382 837 1424 eius,

136 1438 176 1470 sola
187 1435 269 1469 cicatrice
281 1435 373 1467 incisure⁴
385 1441 497 1476 remanente,
510 1446 566 1468 sanus
580 1436 677 1479 reperitur.
700 1436 760 1468 Locus
776 1440 837 1469 autem

109 1502 127 1533 25
135 1489 166 1524 ille
179 1488 219 1523 siue
232 1487 334 1529 cenobium,
347 1498 358 1521 a
370 1487 423 1531 copia
438 1488 558 1532 anguillarum
571 1499 607 1532 que
622 1488 641 1522 in
657 1488 728 1523 eisdem
741 1487 838 1532 paludibus

136 1542 234 1586 sepissime
253 1541 354 1585 capiuntur,
370 1541 392 1573 ab
408 1541 472 1574 incolis
488 1541 534 1583 Elge
548 1542 653 1584 vocabatur,
669 1543 702 1575 sed
718 1553 728 1575 a
744 1541 838 1575 modernis

137 1599 206 1629 mutato
222 1594 302 1635 nomine,
318 1593 369 1637 Hely
384 1594 438 1626 modo
454 1587 677 1636 nuncupatum—Anno
692 1600 754 1628 autem
769 1593 838 1627 domini

138 1647 279 1692 nongentesimo
294 1647 436 1690 septuagesimo,
449 1652 467 1680 et
479 1658 503 1681 ex
515 1657 551 1690 quo
567 1651 630 1680 sancta
643 1647 755 1681 Etheldreda
766 1647 786 1681 in
799 1648 838 1681 loco

137 1701 168 1735 illo
180 1700 312 1733 monasterium
326 1699 420 1732 fabricauit
436 1699 562 1733 ducentesimo
577 1700 781 1744 nonagesimoseptimo‚
795 1706 813 1734 et
828 1712 839 1734 a

110 1752 262 1796 30deuastauone
273 1763 307 1795 per
317 1751 418 1794 iniquitatis
434 1751 481 1784 filios
493 1752 569 1794 Ynguar
582 1757 600 1784 et
613 1752 680 1786 Hubba
692 1759 710 1786 et
721 1753 756 1785 loci
769 1754 838 1786 desola-

137 1807 186 1842 tione
197 1806 243 1840 sacta
253 1816 301 1840 anno
313 1805 418 1848 centesimo,
430 1805 555 1840 Ethelwoldus
568 1805 666 1849 episcopus
680 1807 703 1841 de
717 1817 808 1841 consensu
821 1811 839 1841 et

137 1858 204 1894 auxilio
216 1858 266 1902 regis
279 1857 347 1901 Edgari
358 1858 418 1892 locum
430 1857 527 1901 reparauit,
535 1863 553 1891 et
562 1858 645 1901 expulsis
657 1858 727 1893 clericis
739 1858 840 1893 insolenter

137 1911 242 1947 uiuentibus
250 1911 350 1947 monachos
359 1910 464 1945 introduxit.
510 1903 557 1946 Erat
567 1910 616 1945 enim
626 1911 674 1945 inter
684 1912 747 1946 hostes
759 1912 839 1956 prefatos

138 1966 247 2010 nephandus
261 1965 341 2009 qnidam,
357 1965 409 1998 cuius
421 1965 473 1998 ‘feda
488 1971 564 1999 cruenta
578 1976 644 1999 manus
658 1967 733 2000 crebros
746 1971 840 2009 torquetur

111 2033 129 2063 35
138 2019 156 2052 in
170 2019 222 2061 ictus,
238 2018 306 2052 lctibus
319 2022 336 2051 et
350 2017 419 2051 crebris
433 2019 515 2051 tumbam
528 2018 569 2051 ferit
579 2018 620 2062 ipsa
632 2018 731 2062 bipennis;
747 2018 807 2052 Efficit
823 2024 840 2053 et

138 2072 213 2105 tandem
221 2072 286 2105 crebro
295 2070 377 2104 feriendo
386 2070 479 2112 foramen,’
488 2072 537 2114 quod
544 2081 603 2114 vsque
611 2071 665 2104 hodie
676 2071 745 2105 cunctis
756 2071 840 2105 intuenti·

139 2126 174 2159 bus
184 2130 266 2168 apparet.
289 2123 330 2165 Quo
340 2123 392 2165 facto,
405 2124 455 2156 nulla
466 2123 539 2157 celestis
548 2123 678 2167 indignationis
688 2124 720 2158 fuit
730 2124 796 2167 dilatio,
807 2126 840 2159 sed

139 2188 183 2212 mox
191 2187 233 2211 cum
241 2176 356 2210 intollerabili
364 2176 427 2210 dolore
435 2181 511 2220 Vtroque
519 2176 602 2219 priuatus
610 2182 639 2211 est
646 2177 721 2221 lumine,
730 2182 748 2210 et
756 2177 841 2222 spiritum

140 2231 268 2265 miserabiliter
282 2229 361 2273 maligno
374 2229 402 2263 cui
419 2229 508 2263 seruierat
524 2229 589 2263 emisit.
635 2223 764 2264 Ethelwoldus
780 2238 841 2265 autem

112 2299 132 2330 40
140 2285 239 2329 episcopus
255 2284 383 2324 Brithnodum‚
399 2282 514 2326 prepositum
532 2293 590 2324 suum,
606 2283 685 2327 primum
702 2285 786 2318 abbatem
801 2286 841 2318 loco

140 2338 166 2372 illi
179 2337 274 2371 ordinauit.
298 2336 365 2371 Multas
378 2342 437 2370 terras
450 2341 487 2370 tam
500 2346 534 2380 per
547 2346 568 2370 se
580 2347 591 2370 a
602 2347 646 2381 rege
660 2342 737 2381 emptas,
751 2348 806 2381 quam
819 2338 841 2372 ab

141 2392 182 2435 ipso
196 2402 239 2434 rege
252 2391 309 2434 gratis
323 2391 379 2430 datas,
391 2391 426 2423 deo
438 2395 457 2423 et
469 2394 531 2424 sancte
544 2389 610 2433 virgini
622 2391 702 2431 contulit,
715 2397 733 2425 et
745 2392 819 2425 tandem
832 2402 842 2425 a

142 2455 186 2488 rege
198 2444 241 2477 emit
253 2443 338 2487 quicquid
350 2443 369 2476 in
381 2443 442 2477 insula
453 2442 535 2484 obtinuit,
550 2448 568 2476 et
583 2444 694 2477 monasterio
709 2448 772 2477 sancto
787 2444 842 2478 dedit.

143 2490 194 2531 Cum
208 2497 299 2540 presbiter
311 2496 386 2540 quidam
401 2501 444 2529 ante
457 2495 588 2529 monachorum
602 2496 734 2530 institutionem
747 2496 781 2530 loci
795 2497 842 2541 regi-

163 2560 169 2579 1
176 2559 193 2591 E.
199 2570 224 2589 me
230 2561 325 2590 reminiscor.
338 2560 367 2590 2Ε.
372 2560 460 2590 consueuit.
472 2559 477 2578 ³
484 2571 496 2591 r.
503 2559 601 2597 purulentus.
612 2559 616 2578 ⁴
623 2561 640 2591 Τ.
647 2561 733 2598 inscisure5
740 2560 758 2590 Ε.
763 2561 842 2591 incissnre.
