1762 2803
80 145 115 209 '38
181 224 183 227 1
281 153 360 206 nota
375 150 492 214 tanum
507 150 599 213 anulio.

88 274 141 316 uerit,
154 278 173 309 vt
185 273 329 309 innumerabiles
344 283 457 317 paganorum
472 274 495 308 ad
507 274 562 308 deum
576 272 692 315 conuerterit,
705 271 789 307 miserias

88 327 155 361 multas
169 326 274 360 hominun1¹
286 327 361 368 orando,
373 326 485 361 consolando
497 326 612 366 releuauerit‚
624 330 642 360 et
654 330 691 360 tota
701 324 738 361 vita
750 325 789 359 eius

88 381 141 424 quasi
153 381 249 424 speculum
262 391 339 415 cernere
350 379 467 424 cupientibus
479 379 618 424 resplenduerit.
642 379 681 414 Sibi
693 389 759 423 parcus
772 384 790 414 et

89 433 158 467 Christi
169 433 282 477 pauperibus
290 434 358 477 largus,
366 433 450 468 seruiens
462 433 536 467 domino
547 432 566 466 in
577 431 642 477 spiritu
654 431 762 467 humilitatis
772 437 791 466 et

71 498 80 527 5
90 487 150 520 officio
157 487 213 520 totius
221 486 318 527 charitatis,
327 487 408 520 certabat
416 486 464 519 inter
472 486 513 520 illos
521 484 638 519 annumerari
647 496 693 528 quos
701 484 791 519 beatificat

90 539 181 574 sententia
189 538 269 573 Christi:
282 539 350 581 ‘Beati
361 539 424 583 inquit,
436 549 527 583 pauperes
537 538 606 582 spiritu,
615 538 701 582 quoniam
709 538 791 581 ipsorum

90 598 118 626 est
130 602 208 634 regnum
221 592 312 626 celorum.¹
335 592 424 626 Studebat
439 591 473 625 sibi
488 596 506 625 et
521 591 606 625 omnibus
617 590 704 634 vigilare;
716 591 791 631 orando,

91 645 193 689 psallendo,
201 644 303 688 excitando,
311 655 376 679 omnes
388 655 452 679 secum
464 644 483 678 in
497 654 593 679 occursum
605 643 674 679 domini
687 654 791 688 preparare.

92 698 159 742 Sicque
167 699 190 731 de
199 698 252 731 huius
260 699 324 731 mundi
335 699 426 741 ergastulo
434 698 457 730 ad
465 698 544 741 patriam
555 696 641 731 claritatis
651 702 715 731 eterne
726 696 792 730 transi-

63 763 82 783 10
91 751 122 791 uit,
135 749 194 794 pridie
207 751 242 783 kal.
254 751 339 790 octobris,
350 761 399 782 anno
411 749 480 782 domini
492 749 628 782 sexcentesimo
640 747 792 792 quinquagesimo

91 804 150 844 tertio,
157 807 175 836 ct
183 803 202 836 in
211 803 321 836 monasterio
333 803 457 846 apostolorum
467 802 516 836 Petri
524 807 542 835 et
551 801 602 835 Pauli
610 812 652 835 curn
660 802 742 845 patribus
754 801 792 835 suis

92 854 186 899 sepelitur.
232 848 308 898 Elapsis
324 859 365 898 post
379 855 413 888 hec
426 855 489 888 multis
502 854 561 894 annis,
575 864 616 888 curn
629 853 668 887 eius
682 853 758 896 reliquie
769 854 792 886 de

92 913 141 943 terra
149 907 271 950 eleuarentur,
280 908 325 941 hora
333 918 368 951 qua
377 907 416 942 eius
424 906 482 951 cripta
492 917 534 941 cum
542 906 639 940 effodiente
650 907 722 940 sarculo
730 911 793 950 aperta

92 966 126 1004 est,
138 965 176 994 tam
191 960 257 1004 ingens
270 961 332 995 odoris
346 959 451 994 suauissimi
466 959 568 1004 fragrancia
584 960 632 994 illico
647 960 712 1003 erupit,
723 964 742 993 vt
754 959 793 1002 qui-

65 1028 83 1057 ¹5
92 1024 165 1058 cunque
172 1018 216 1047 tunc
224 1019 287 1047 sancto
298 1014 324 1047 illi
336 1013 397 1046 officio
409 1018 506 1057 presentes
518 1013 599 1055 aderant,
608 1013 664 1046 odore
674 1012 705 1046 illo
713 1012 794 1056 respersi

93 1077 134 1100 cum
143 1076 210 1109 magna
217 1067 278 1100 cordis
286 1066 383 1100 deuotione
390 1066 454 1100 laudes
461 1066 495 1099 deo
502 1065 641 1110 proclamarent.
686 1058 794 1109 Derogabat

93 1119 167 1161 quidam
174 1119 245 1151 emulus
251 1118 293 1152 huic
301 1123 369 1159 sancto,
375 1119 472 1161 preferens
477 1118 503 1151 illi
508 1119 600 1161 quendam
606 1118 693 1152 secularis
701 1117 794 1160 opulentie

92 1170 199 1214 episcopum
207 1171 238 1214 qui
247 1170 345 1204 ecclesiam
357 1170 387 1203 dei
399 1169 463 1205 multis
473 1171 539 1215 opibus
549 1175 567 1203 et
578 1169 672 1204 ornatibus
682 1175 794 1212 extruxerat,

92 1234 134 1258 cum
142 1223 209 1257 istum²
216 1223 252 1257 tale
260 1224 327 1268 aliquid
335 1223 417 1258 Vtilitatis
429 1223 448 1256 in
456 1223 493 1257 vita
504 1233 538 1258 sua
546 1223 612 1257 iecisse
620 1224 692 1257 nullum
698 1223 795 1268 vestigium

65 1290 83 1311 zo
92 1277 121 1311 sit.
144 1276 198 1317 Quod
205 1276 236 1311 vbi
244 1276 284 1310 eius
292 1277 327 1311 loci
334 1277 385 1320 prior
391 1276 497 1310 nunciatum
504 1287 548 1321 egre
556 1276 618 1319 ferret,
624 1282 677 1310 nocte
683 1278 795 1320 subsequuta

93 1329 165 1363 cuidam
174 1328 243 1362 seniori
251 1329 325 1372 quidam
333 1329 443 1363 venerabilis
454 1330 473 1363 in
481 1329 522 1364 visu
535 1329 597 1372 astitit,
605 1329 630 1363 ita
638 1329 721 1372 preclare
731 1329 795 1363 lucens

93 1382 140 1416 sicut
152 1381 185 1423 sol,
194 1382 268 1415 dicens:
281 1382 354 1423 ‘Quare
362 1382 392 1415 ille
400 1381 441 1415 talis
453 1382 540 1416 hesterno
551 1382 581 1416 die
593 1387 678 1416 sanctum
690 1381 796 1416 dominum³

95 1434 199 1468 Honorium
213 1434 289 1468 abusiua
304 1435 385 1468 lacerare
398 1434 455 1468 voluit
469 1433 581 1467 detractione
593 1435 612 1467 in
625 1433 716 1476 pontificis
728 1433 796 1467 laudati

94 1484 208 1530 prelatione?
228 1484 265 1520 Cur
273 1485 309 1520 hiis
317 1485 380 1519 relatis
389 1486 440 1530 prior
449 1497 473 1520 ex
481 1497 534 1520 sacro
542 1486 636 1530 euangelio
644 1497 681 1519 non
689 1486 795 1529 respondit:

67 1552 85 1582 25
95 1539 137 1584 quia
142 1538 228 1572 omnibus
233 1538 359 1582 largitionibus
366 1539 442 1573 diuitum
448 1539 527 1583 copiosis
534 1539 575 1583 plus
584 1540 619 1574 due
626 1539 694 1573 minute
700 1539 796 1574 valuerunt

95 1592 201 1634 euangelice
211 1593 323 1635 paupercule
333 1593 381 1635 apud
390 1592 469 1626 iudicem
480 1592 570 1627 iustum?‘
595 1592 656 1627 Hinc⁴
664 1592 722 1636 [ergo]
729 1592 736 1611 ⁵
744 1593 797 1627 datur

94 1644 176 1688 intelligi,
186 1644 240 1678 huius
249 1651 349 1688 paupertas
360 1650 428 1688 quanto
438 1645 539 1689 preciosior
546 1645 600 1679 fuerit
608 1644 676 1680 diuitiis
684 1645 740 1680 seculi
748 1647 796 1690 apud

95 1697 196 1739 dominum,
209 1708 246 1731 non
259 1698 298 1731 auri
311 1698 427 1741 probatorem
441 1699 474 1732 sed
486 1698 534 1732 fidei.
558 1698 594 1732 Hic
608 1698 732 1732 transitoriam
742 1699 796 1733 huius

96 1749 160 1784 mundi
166 1760 253 1793 pompam
258 1760 352 1793 respuens,
360 1755 378 1783 et
384 1750 457 1784 celestis
462 1751 514 1794 regni
520 1750 596 1793 gloriam
603 1761 678 1794 semper
684 1750 796 1794 desiderans,

69 1814 87 1842 30
96 1813 145 1837 nunc
156 1813 198 1835 cum
210 1802 284 1836 domino
296 1813 381 1846 regnans,
392 1802 486 1837 dominum
497 1803 550 1837 nobis
561 1803 660 1846 propitium
672 1803 691 1836 in
700 1804 734 1836 hoc
744 1804 798 1838 esse⁶

96 1853 158 1889 seculo
167 1864 242 1898 semper
249 1859 312 1888 exorat
317 1854 328 1889 ⁷.

373 1898 395 1942 [tl
406 1898 515 1942 Narratut]

118 1949 177 1990 Anno
183 1956 240 1999 gratie
247 1956 344 1990 millesimo
350 1957 450 1990 centesimo
457 1957 581 2002 octuagesimo
586 1957 646 2002 primo
654 1958 702 2001 apud
711 1956 797 2000 Rotharn,

95 2010 198 2052 secundum
206 2010 329 2053 Vincendum,
338 2010 423 2044 monachi
435 2010 459 2045 de
471 2010 548 2046 ecclesia
560 2010 613 2045 beate
626 2010 684 2045 Marie
697 2021 707 2044 a
719 2012 798 2054 quodam

96 2065 188 2107 burgense
202 2062 279 2106 pecunia
293 2068 368 2105 accepta
381 2068 449 2104 mutuo,
464 2063 524 2097 eidem
537 2065 612 2096 nomine
624 2063 707 2105 pignoris
719 2064 798 2098 cortinas
834 2094 836 2098 Α

69 2133 87 2161 35
97 2113 174 2150 ecclesie
185 2114 305 2147 tradiderunt.
330 2114 411 2148 Instante
418 2126 462 2149 vero
474 2121 539 2158 postea
550 2115 649 2149 festiuitate
660 2116 724 2148 sancte
735 2115 798 2157 Marie,

97 2179 120 2201 ne
130 2167 207 2201 ecclesia
215 2166 345 2200 destitueretur
356 2177 389 2200 suo
398 2173 467 2209 ornatu,
475 2169 564 2212 rogabant
570 2167 654 2201 monachi
660 2168 771 2211 burgensem
780 2174 799 2204 vt

97 2221 176 2255 cortinas
186 2219 226 2254 eius
238 2220 352 2262 concederet,
363 2219 497 2255 restituendasl
506 2219 568 2255 statim
578 2225 621 2264 post
631 2219 703 2255 festum.
727 2220 762 2262 Qui
770 2232 799 2256 re·

97 2272 171 2317 spondit
179 2273 227 2315 quod
235 2271 267 2305 ille
275 2272 344 2306 cortine
355 2272 402 2306 circa
409 2273 477 2307 lectum
484 2274 547 2307 vxoris
558 2273 577 2306 in
585 2273 684 2317 puerperio
692 2274 799 2310 decubantis

96 2325 225 2368 tendebantur,
234 2334 268 2358 nec
276 2325 319 2358 inde
327 2330 403 2368 possent
411 2325 526 2369 aliquatenus
533 2325 620 2359 amoueri.
637 2325 737 2360 Transacta
745 2325 799 2370 igitur

69 2395 89 2424 4⁰
97 2377 202 2420 festiuitate,
211 2382 264 2412 nocte
276 2378 360 2421 proxima
372 2378 425 2413 beata
433 2378 486 2422 virgo
494 2379 547 2413 vxori
559 2389 592 2412 sue
604 2389 696 2422 apparens
707 2378 743 2413 ait:
756 2379 800 2415 ‘Vir

97 2438 139 2466 tuus
147 2436 243 2474 peccatum
251 2432 320 2474 grande
328 2431 424 2475 commisit,
433 2442 467 2465 nec
475 2431 575 2476 impietatis
583 2442 616 2465 sue
624 2442 713 2465 excessus
721 2431 799 2477 relinqui

97 2483 164 2529 poterit
172 2482 280 2528 impunitus.
303 2483 366 2518 Tertia
373 2484 435 2529 itaque
445 2484 474 2518 die
484 2483 573 2518 morietur
583 2484 631 2518 filius
641 2488 688 2526 tuus,
697 2489 715 2519 et
722 2484 750 2518 vir
758 2490 800 2521 tuus

117 2551 307 2582 1T„h0minummuttas.
328 2551 364 2582 1Ε.
372 2553 433 2583 iustum.
460 2552 494 2583 3Τ.
503 2552 566 2583 domini.
593 2552 682 2583 ΔΕ.Ηιιὶε.
707 2552 740 2583 ⁵13.
748 2553 799 2592 igitur.

98 2590 244 2622 ⁶G.etinsuturo.
275 2592 378 2623 ⁷G.exoret.
409 2593 571 2622 ³Fron1Vinc.Bell.
603 2592 754 2623 ⁹T.restituandas.
