1762 2803
230 75 276 130 ΕΒ
290 72 391 127 &antid
407 72 535 131 &utillum

319 224 334 258 il
345 222 446 257 Narrabo&

55 286 134 340 Legitur
140 293 189 329 enim
195 295 213 329 in
220 295 299 342 quodam
305 295 351 331 libro
357 295 381 331 de
387 294 478 331 miraculis
486 292 656 338 sanctorum¹quod
661 291 734 337 quidam

32 349 119 393 magister
130 349 196 383 testum
208 350 266 384 sancti
274 349 397 384 Bartholomei
408 349 426 383 in
438 348 489 383 omni
498 358 547 383 anno
558 346 677 391 solempniter
688 346 735 381 cele·

32 402 101 436 brabat.
123 402 157 436 Cui
164 402 265 447 predicanti
272 402 354 437 diabolus
361 402 380 436 in
388 402 450 446 specie
460 401 553 436 cuiusdam
565 401 625 445 puelle
637 400 735 435 admodum

32 454 115 499 speciose
123 456 211 500 apparuit.
235 456 281 499 Qud
288 456 358 491 iniectis
366 455 384 490 in
394 465 435 490 eam
443 455 505 498 oculis,
513 455 536 489 ad
543 453 641 499 prandium
648 452 736 487 inuitauit.

33 508 68 550 Qui
76 510 145 542 durnin
154 520 218 543 mensa
226 510 352 551 consisterent,
360 514 378 543 et
385 509 416 542 illa
423 508 442 542 in
450 518 533 542 amorem
544 518 598 542 suum
609 518 652 541 eum
664 506 735 540 allicere
745 517 754 547 5

32 560 126 603 niteretur,
132 562 196 596 beatus
205 562 345 597 Bartholomeus
352 562 371 595 in
382 561 444 605 specie
454 559 545 605 peregrini
558 571 592 604 pre
604 559 672 594 son'bus
680 558 736 600 affuit,

33 618 51 648 et
63 620 83 649 vt
94 625 157 649 amore
171 615 229 649 sancti
244 614 369 650 Bartholomei
384 615 536 655 introduceretur,
546 612 630 647 obnixius
644 611 735 656 ssagitauit.

34 666 67 700 Cui
81 678 122 700 cum
138 667 191 710 panis
204 668 311 710 mitteretur,
323 668 353 703 ille
370 667 418 701 hunc
432 666 515 711 accipere
531 666 627 701 recusauit.
657 664 736 709 Rogauit

33 719 106 754 tamen³
114 720 222 765 magistrum
229 732 264 767 per
272 721 359 756 nuncium
366 726 385 756 vt
397 719 431 755 sibi
441 720 510 755 diceret
518 719 561 764 quid
569 718 627 764 magis
635 718 653 753 in
662 718 736 754 homine

33 774 129 818 proprium
144 785 186 809 esse
199 780 276 819 putaret.
299 774 364 817 Quod⁴
375 785 417 809 cum
428 773 458 808 ille
469 773 538 808 risibile
549 773 624 814 diceret,
635 773 697 817 puella
707 783 736 807 re·
746 783 764 805 10

33 827 116 870 spondit:
129 827 199 862 ‘Immo
210 833 304 872 peccatum
315 838 357 862 cum
368 838 404 871 quo
414 828 468 861 homo
478 826 584 870 concipitur,
591 826 672 860 nascitur
682 831 737 870 atque

33 879 87 914 uiuit!
110 880 143 914 Cui
152 881 390 925 Bartholomeusrespondit
398 881 447 924 quod
453 880 483 914 ille
491 880 538 914 bene
544 879 603 914 intulit
612 892 616 915 :
630 880 663 914 sed
671 880 737 914 mulier

34 933 142 977 profundius
156 934 254 978 indagauit.
283 934 369 969 Secundo
383 933 493 978 peregrinus
507 932 593 977 magistro
608 933 657 967 misit
668 937 687 967 vt
702 932 737 967 sibi

36 986 105 1029 diceret
113 986 153 1029 quis
164 987 215 1020 locus
222 987 276 1021 vnius
287 987 340 1030 pedis
348 991 398 1020 esset
405 986 435 1019 vbi
447 987 492 1020 deus
504 985 572 1019 maiora
582 985 668 1019 miracula
676 990 737 1019 osten·

34 1037 97 1071 disset.
119 1039 152 1072 Cui
167 1049 209 1073 cum
223 1039 254 1074 ille
266 1039 347 1074 diceret:
363 1039 425 1073 ‘locus
438 1038 498 1074 crucis
509 1038 528 1073 in
541 1048 577 1082 quo
589 1038 635 1073 deus
650 1037 738 1072 mirabilia
747 1046 764 1077 ¹5

34 1097 120 1135 operatus
132 1092 170 1133 est,¹
182 1092 212 1126 illa
224 1092 258 1127 ait:
275 1092 346 1126 ‘Immo
358 1096 412 1136 caput
423 1090 508 1133 hominis,
520 1089 586 1135 inquo
599 1089 665 1135 [quasi]
677 1090 738 1125 minor

36 1144 116 1178 mundus
134 1144 206 1180 existit!
236 1145 359 1189 Vtrorumque
382 1144 492 1180 sententiam
511 1145 604 1188 apostolus
623 1143 738 1189 approbauit.

37 1197 99 1231 Tertio
107 1197 184 1241 quesiuit
192 1203 259 1242 quanta
270 1198 356 1233 distantia
366 1204 416 1233 esset
427 1209 438 1232 a
448 1208 520 1233 summo
532 1197 583 1232 celo⁵
590 1208 648 1241 vsque
660 1199 683 1231 ad
694 1208 737 1241 pro·

37 1250 113 1284 fundum
121 1250 194 1285 interni.
217 1251 249 1286 Cui
255 1261 295 1286 cum
303 1251 391 1296 magister
398 1250 495 1286 senescire
503 1250 577 1293 diceret,
585 1249 615 1285 illo
623 1250 659 1285 ait:
671 1249 738 1285 ‘Modo

36 1303 90 1338 uideo
98 1305 146 1348 quod
158 1304 267 1349 precipitor;
280 1305 313 1340 sed
325 1316 359 1349 ego
371 1305 405 1340 hoc
416 1305 465 1347 noui,
473 1304 515 1349 quia
528 1305 551 1339 de
562 1304 619 1339 altero
629 1305 652 1339 ad
660 1304 737 1339 alterurn
747 1316 766 1338 ro

37 1357 105 1391 decidi?
129 1358 204 1391 Etcum
216 1369 282 1401 magno
290 1358 356 1393 eiulatu
368 1369 389 1392 se
400 1358 420 1392 ln
429 1358 510 1392 abissum
521 1356 641 1401 precipitauit.
662 1357 738 1391 Etcum

36 1415 134 1452 quererent
145 1410 269 1455 peregrinum,
283 1410 358 1446 minime
371 1410 485 1445 inuenerunt.
530 1402 648 1454 ‘Episcopus
659 1408 739 1454 quidam,

38 1463 141 1506 religiosam
154 1474 211 1507 agens
222 1464 283 1506 vitam,
296 1464 369 1498 beatum
380 1465 474 1498 Andream
487 1473 543 1507 supra
552 1469 624 1497 ceteros
635 1468 708 1497 sanctos
718 1463 738 1497 in

37 1515 154 1551 veneratione
166 1516 250 1559 habebat,
261 1517 286 1551 ita
293 1518 341 1561 quod
353 1518 372 1551 in
384 1517 453 1551 cunctis
465 1515 504 1550 suis
515 1515 601 1560 operibus
609 1516 657 1550 hunc
664 1526 740 1560 semper

37 1567 108 1601 titulum
120 1570 246 1612 preponebat:
259 1570 298 1603 ‘Ad
309 1570 398 1603 honorem
411 1569 440 1602 dei
452 1575 470 1602 et
485 1568 533 1602 beati
541 1569 628 1602 Andree.'
651 1568 739 1603 Inuidens
747 1579 766 1611 ²5

37 1619 90 1663 igitur
98 1627 161 1656 sancto
168 1622 207 1656 viro
215 1623 273 1657 hostis
280 1622 370 1667 antiquus,
378 1622 400 1657 ad
408 1632 451 1657 eum
459 1621 586 1665 decipiendum
598 1626 635 1656 tota
643 1621 739 1656 calliditate

37 1679 57 1704 sc
73 1672 158 1707 contulit:
176 1683 234 1716 seque
246 1672 265 1707 in
276 1672 353 1707 sormam
364 1671 447 1707 mulieris
460 1672 584 1717 pulcherrime
598 1671 739 1707 transsonnauit.

37 1722 91 1759 Venit
102 1736 145 1771 ergo
157 1727 181 1760 ad
193 1726 279 1771 palatium
290 1726 376 1772 episcopi,
388 1737 474 1761 asserens
486 1737 507 1761 se
518 1727 566 1761 velle
579 1726 662 1762 confiteri
673 1726 739 1762 eidem.

39 1776 113 1812 Mandat
122 1779 220 1824 episcopus
229 1785 248 1814 vt
260 1790 293 1814 suo
305 1780 432 1824 penitentiario
444 1780 556 1822 confiteatur,
567 1779 595 1813 cui
607 1779 739 1824 plenitudinem

38 1830 137 1866 tradiderat
148 1833 249 1876 potestatis.
278 1833 381 1868 Renunciat
394 1833 425 1867 illa
436 1834 484 1877 quod
495 1833 540 1867 nulli
552 1832 646 1867 hominum
658 1832 693 1867 nisi
704 1832 739 1867 sibi
747 1845 767 1875 ³0

40 1889 110 1918 secreta
121 1896 155 1919 sue
166 1886 277 1920 conscientie
288 1887 384 1920 reuelaret.
406 1887 474 1930 Sitque
483 1886 542 1920 victus
553 1886 651 1929 episcopus
662 1896 703 1920 eam
716 1887 739 1920 ad

38 1944 58 1969 se
64 1937 128 1971 venire
135 1938 223 1982 precepit.
246 1938 280 1973 Cui
287 1938 327 1973 illa:
341 1939 345 1956 ⁴
353 1937 441 1980 Obsecro,
450 1938 530 1979 domine,
538 1937 627 1972 miserere
635 1938 677 1971 mei.
700 1938 740 1982 Ego

39 1987 87 2022 enim
99 1989 117 2022 in
126 1991 179 2024 annis
187 1991 330 2035 puellaribus,vt
337 1990 417 2034 cernitis,
423 1991 525 2033 constituta,
533 1997 568 2025 eta
575 1990 656 2036 puericia
663 1991 740 2026 delicate

39 2041 111 2085 nutrita,
123 2055 194 2079 necnon
207 2051 226 2079 et
239 2045 290 2089 regia
301 2045 358 2089 stirpe
374 2044 474 2090 progenita,
486 2045 522 2080 huc
534 2044 553 2080 in
566 2044 664 2089 peregrino
677 2045 740 2080 habitu

39 2095 132 2131 sclaveni.
156 2098 203 2132 Nam
212 2104 265 2142 pater
272 2109 325 2133 meus
332 2109 372 2140 rex,
379 2098 441 2143 vtique
448 2098 502 2133 valde
514 2103 586 2143 potens,
594 2098 665 2131 cuidam
673 2109 740 2143 magno
749 2110 767 2141 35

39 2147 116 2193 principi
125 2161 155 2185 me
162 2151 235 2187 volebat
243 2151 262 2186 in
270 2151 373 2196 coniugium
381 2152 462 2187 sociare:
474 2151 503 2187 cui
511 2151 598 2196 respondi
605 2152 654 2196 quod
665 2162 740 2186 omnem

40 2199 112 2236 thorum
120 2203 250 2238 abhominarer
259 2205 367 2247 maritalem,
375 2205 417 2250 quia
424 2205 547 2249 virginitatem
559 2215 619 2239 meam
628 2205 701 2239 Christo
713 2204 740 2239 in-

39 2281 129 2323 Guthlacus,
136 2296 182 2324 quem
189 2289 242 2327 (mane
248 2290 271 2326 et)
278 2289 359 2328 uespe<re)
366 2289 448 2319 consueuit
454 2287 519 2326 angelus
525 2288 637 2327 ui(sere,cum)
643 2298 675 2325 quo
680 2288 740 2327 mulce)

38 2322 106 2389 giscens
113 2327 213 2395 colloquium,
219 2329 312 2368 iuturlorum
319 2331 342 2367 te)
349 2329 386 2359 iecit
393 2329 470 2366 prescium
476 2328 565 2366 secretique
571 2328 634 2358 celestis
639 2329 741 2367 contactum).

54 2371 164 2400 mmmm

59 2404 106 2442 Deus
113 2413 139 2450 qui
147 2414 216 2452 glorioso
223 2416 309 2446 consessori
315 2420 342 2447 tuo
347 2420 394 2454 atque
399 2416 477 2446 sacerdoti
484 2414 561 2446 Guthlaco
567 2414 645 2446 cotidiana
650 2415 741 2445 uisitacionc

38 2451 113 2488 angelica,
121 2458 176 2484 eterna
182 2456 207 2485 sui
213 2456 272 2486 laboris
278 2457 337 2494 premia
343 2457 415 2486 reuelare
422 2457 495 2494 dignatus
505 2466 527 2493 es,
535 2461 587 2494 presta
597 2465 681 2494 quesumus
689 2460 716 2485 ut.
725 2478 729 2485 .
737 2477 742 2486 .

58 2490 99 2536 {Ex
107 2492 144 2531 Leg.
152 2494 210 2532 Aurea,
218 2505 275 2533 p.545.
320 2496 379 2527 ²L.A.
387 2506 438 2534 quam.
485 2496 591 2526 ³L.A.tum.
636 2495 697 2525 ⁴LA.
706 2496 740 2526 Cui.

39 2536 52 2555 c.
60 2539 69 2558 r.
78 2531 106 2560 die.
114 2533 177 2563 risibile.
218 2537 225 2553 ⁵
236 2536 252 2566 L.
261 2536 281 2566 Α.
289 2536 323 2567 celi.
364 2535 370 2553 ⁰
380 2537 404 2567 cs.
412 2536 487 2574 Legenda
493 2536 551 2574 Aurea,
560 2535 576 2566 S.
584 2535 663 2571 Andreas,
670 2544 686 2574 p.
696 2544 719 2574 ¹9·
