1762 2803
128 116 185 181 '450
333 123 413 174 nauta
429 120 545 182 bromos
560 122 652 183 unctio.

141 245 202 288 gentia
213 249 336 288 preparatum.
380 235 461 279 Cuidam
469 243 554 288 religioso
564 243 653 288 discipulo
663 244 722 279 sancti
729 243 763 279 viri
771 243 844 288 longius

140 299 200 341 posito
208 297 268 331 obitus
275 297 324 331 illius
331 296 419 330 diuinitus
429 297 521 331 reuelatus
531 302 565 332 est.
587 297 636 331 Vidit
646 297 696 332 enim
704 298 784 332 animam
792 307 844 332 sanc-

141 350 207 385 tissimi
220 352 277 394 patris
289 361 331 385 cum
344 361 411 393 magna
423 350 498 384 luminis
511 350 592 385 claritate
604 356 623 385 et
636 351 690 385 laude
703 352 726 385 ab
738 350 845 394 angelorum

142 403 222 437 exercitu
239 404 352 436 subleuatam
367 413 425 445 regna
439 403 548 446 penetrare¹
563 403 641 436 celestia.
688 396 726 437 Per
740 402 845 437 motionem

125 466 214 501 5quoque
226 455 261 488 olei
272 456 320 500 quod
333 465 388 499 supra
402 465 469 500 corpus
482 455 540 491 sancti
554 456 615 490 lucere
628 456 703 496 solebat,
712 455 763 491 multi
777 455 845 490 infirmi

142 508 199 544 curati
213 514 267 551 sunt;
286 508 364 544 vinculis
378 508 442 543 ferreis
457 509 526 545 astricti
544 509 613 544 meritis
628 511 668 544 eius
683 510 742 553 soluti,
757 508 845 553 paralitici

142 562 208 604 curati;
221 568 239 596 et
246 562 276 596 alii
283 562 375 596 innumeri
387 563 426 597 eius
438 570 535 607 poscentes
544 563 629 607 suffragia
640 563 732 608 petitionis
740 574 773 597 sue
781 573 845 596 conse-

142 620 222 658 quuntur
240 615 512 659 effectum—[Incidendat]
550 609 620 650 Narrat
637 617 687 650 enim
703 616 811 650 Vincentius
825 615 845 649 in

142 668 222 713 Speculo
231 667 325 702 Historiali
336 669 360 702 de
371 670 454 712 predicto
465 681 510 713 rege
522 670 619 703 Frisonum
632 670 734 710 Rathbodo,
742 670 791 712 quod
803 680 845 702 cum

115 731 134 753 10
143 721 266 765 predicatione
273 721 366 756 Wlsranni
374 722 456 767 episcopi
464 725 487 757 ad
495 724 529 757 hoc
537 724 622 757 inductus
633 728 682 757 esset
690 728 709 757 vt
717 722 845 766 baptizaretur,

143 786 184 809 curn
192 785 249 809 vnum
259 776 328 819 pedem
338 775 357 808 in
368 776 453 810 lauachro
463 776 571 818 intinxisset,
580 776 657 810 alterum
670 777 737 820 pedem
749 776 846 809 retrahens

143 827 263 871 interrogauit
267 827 342 862 vbinam
350 827 413 871 plures
421 839 496 862 suorum
505 827 680 869 maiorumtessem,
688 828 707 862 in
715 827 787 862 inferno
794 839 818 861 an
826 828 845 862 in

143 880 239 923 paradiso3
255 885 273 913 et
283 879 360 913 audiens
371 880 435 922 plures
446 891 488 914 esse
500 881 518 913 in
530 880 607 922 inferno,
619 881 653 914 ait:
670 880 776 914 ‘Sanctius⁴
787 885 816 913 est
827 886 846 913 vt

102 931 104 936 '
144 933 207 977 plures
215 943 270 977 quam
278 932 374 977 pauciores
383 934 461 977 sequar!
485 933 508 967 Et
518 944 560 969 cunr
570 935 621 967 esset
632 933 651 967 in
662 934 718 967 multa
728 932 845 976 dubitatione,

117 994 134 1024 15
144 986 192 1022 misit
204 987 226 1019 ad
238 986 311 1020 beatum
319 985 464 1029 Willibrordum,
473 987 571 1021 consulens
583 986 599 1020 si
611 987 686 1021 deberet
696 987 788 1031 baptizari
812 986 846 1020 Cui

143 1040 173 1073 ille
188 1039 296 1083 respondit:
315 1038 421 1080 ‘Quomodo
440 1039 485 1073 mihi
504 1040 566 1074 credet
585 1040 615 1084 qui
634 1045 697 1074 sancto
713 1039 763 1074 fratri
782 1045 846 1073 nostro

143 1093 240 1127 Wlsranno
248 1103 285 1125 non
294 1091 363 1126 credit?
385 1092 430 1136 Ego,
439 1093 502 1136 inquit,
509 1094 543 1127 hac
551 1099 604 1127 nocte
611 1094 649 1127 vidi
656 1104 699 1127 eum
707 1093 785 1127 cathena
792 1092 846 1136 ignea

143 1145 223 1188 ligatum,
236 1146 285 1177 vnde
298 1149 369 1177 constat
382 1155 424 1177 eum
437 1144 487 1188 [iam]
500 1152 583 1179 eternam
599 1146 748 1189 dampnationem
763 1144 846 1179 subisse!

144 1190 245 1242 Quomodo
255 1201 316 1231 autem
328 1196 437 1232 Rathbodus
448 1197 478 1232 ille
489 1198 578 1241 deceptus
585 1197 643 1232 luerat
651 1209 662 1232 a
670 1198 741 1233 diabolo
748 1196 770 1241 in
779 1198 846 1233 eodem

116 1264 135 1284 ao
144 1250 223 1294 Speculo
228 1250 289 1294 liquet.
300 1249 391 1293 Apparuit
395 1250 491 1294 [enim]⁶ei
497 1251 579 1285 diabolus
584 1251 603 1285 in
609 1252 695 1296 angelum
700 1251 846 1294 transfiguratus,

144 1310 197 1348 caput
205 1309 289 1347 opertum
298 1304 399 1337 diademate
408 1315 463 1338 aureo
472 1316 513 1339 cum
521 1304 604 1349 gemmis,
613 1310 630 1339 et
638 1311 690 1339 veste
698 1316 742 1339 auro
750 1310 805 1338 texta.
825 1305 846 1339 In

144 1367 199 1400 quem
207 1367 248 1389 cum
257 1357 365 1389 Rathbodus
373 1357 481 1399 intenderet,
490 1358 545 1391 dixit:
558 1357 653 1390 ‘Virorum
664 1357 769 1398 fortissime,
777 1356 818 1400 quis
828 1362 847 1390 te

144 1410 168 1443 ita
176 1409 250 1443 seduxit
257 1413 277 1443 vt
284 1420 295 1442 a
302 1408 372 1442 cultura
380 1409 457 1443 deorum
464 1410 512 1443 velis
522 1410 621 1444 recedere?
644 1410 685 1443 Noli
695 1410 729 1443 hoc
740 1410 805 1449 lacere,
813 1410 846 1443 sed

144 1472 198 1497 mane
210 1461 229 1495 in
243 1461 279 1496 hiis
292 1471 329 1506 que
342 1460 424 1504 didicisti,
438 1466 457 1495 et
469 1463 533 1497 venies
546 1462 581 1496 adB
594 1462 658 1496 domos
674 1472 739 1496 aureas
754 1471 800 1505 quas
815 1461 846 1495 tibi

118 1526 135 1557 ²5
145 1515 250 1550 eternaliter
261 1515 280 1549 in
291 1514 375 1559 proximo
386 1525 427 1549 sum
437 1516 518 1551 daturus.
541 1515 586 1550 Cras
598 1526 642 1560 ergo
653 1516 721 1550 accersi
727 1514 846 1550 Wlfrannum

145 1571 239 1603 doctorem
254 1567 400 1610 christianorum,
412 1573 430 1602 et
446 1570 468 1602 ab
483 1580 511 1610 eo,
523 1579 603 1612 quenam
618 1569 641 1603 sit
656 1569 687 1603 illa
700 1568 771 1603 mansio
783 1574 846 1603 eterne

145 1621 231 1655 claritatis
239 1632 294 1664 quam
301 1620 401 1664 pollicetur,
409 1622 507 1665 interroga.
530 1621 589 1663 Quam
597 1633 639 1655 cum
647 1623 774 1655 demonstrare
782 1622 847 1665 nequi*

145 1674 197 1715 uerit,
208 1674 304 1716 utriusque
316 1672 374 1716 partis
387 1674 481 1707 mittantur
494 1673 554 1717 legati,
568 1678 586 1707 et
602 1685 636 1717 ego
649 1685 680 1708 ero
694 1674 732 1708 dux
746 1673 816 1707 itineris
829 1678 848 1707 et

145 1726 275 1761 demonstrabo
283 1725 319 1759 illis
327 1726 402 1759 domum
410 1737 484 1760 auream
492 1732 510 1760 ct
518 1727 632 1760 mansionem
640 1726 783 1771 pulcherrimam
792 1738 847 1771 quam

116 1795 136 1823 30
145 1781 177 1815 tibi
184 1780 280 1826 promitto)
297 1780 391 1824 Euigilans
397 1780 506 1816 Rathbodus
514 1780 594 1815 narrauit
602 1786 666 1816 cuncta
675 1785 738 1816 sancto
744 1780 847 1815 Wlsranno

145 1825 181 1875 Qu'i
193 1833 255 1867 dicens
261 1833 273 1875 ⁷,
281 1833 348 1867 etiam⁸
356 1833 450 1867 illusorem
461 1833 553 1868 diabolum
562 1833 596 1867 sibi
607 1834 655 1868 velle
663 1834 744 1876 illudere,
752 1833 847 1877 respondit

144 1889 182 1920 dux
197 1897 218 1919 se
233 1886 314 1919 futurum
329 1886 454 1928 christianum,
470 1886 485 1919 si
499 1888 529 1920 illa
542 1887 618 1928 pulchra
633 1887 705 1920 mansio
718 1897 755 1920 non
771 1888 847 1919 demon-

144 1944 233 1973 straretur
251 1938 286 1973 sihi
305 1949 316 1973 a
334 1939 369 1972 deo
386 1949 425 1973 suo.
454 1938 531 1973 Mittitur
548 1949 591 1983 ergo
608 1939 669 1973 statim
685 1939 738 1973 Friso
755 1949 780 1973 ex
795 1944 847 1983 parte

144 1995 201 2034 ducis,
217 1998 235 2026 et
250 1993 324 2036 quidanr
340 1993 427 2026 diaconus
443 1998 533 2036 exparte
552 1993 610 2026 sancti
625 1993 723 2027 Wlsranni.
754 1992 789 2033 Qui
804 2003 847 2029 cum

116 2046 249 2090 35paululum⁰
264 2047 287 2079 ab
302 2045 390 2089 oppid0¹¹
408 2046 548 2089 processissent,
564 2046 638 2079 obuium
656 2046 758 2079 habuerunt
777 2045 847 2079 itineris

145 2100 235 2141 comitem,
251 2098 282 2142 qui
301 2098 347 2132 dixit
364 2098 401 2133 eis:
419 2099 530 2141 ‘Properate
550 2098 591 2140 cito,
608 2110 651 2132 nam
670 2099 776 2133 monstrabo
794 2099 847 2133 vobis

146 2151 288 2194 pulcherrimam
301 2150 416 2183 mansionem
428 2151 525 2184 Rathbodo
541 2152 580 2193 regi
595 2152 721 2194 preparatam.¹
746 2151 773 2183 Illi
786 2156 848 2184 autem

146 2208 245 2248 pergentes
250 2214 284 2247 per
291 2204 339 2238 viam
347 2203 454 2237 latissimam
462 2209 481 2238 et
489 2204 528 2238 loca
535 2202 602 2247 ignota,
607 2202 692 2237 viderunt
700 2203 792 2247 quandam
799 2203 848 2238 viam

146 2258 225 2291 diuersis
236 2257 334 2300 generibus
342 2268 453 2290 marmorum
462 2257 518 2301 polito
524 2256 536 2276 ¹¹
544 2268 600 2299 opere
609 2257 719 2300 decoratam,
727 2257 847 2301 videruntque

116 2322 156 2351 qua
168 2311 222 2354 longe
234 2311 308 2343 domurn
320 2310 372 2353 quasi
383 2320 462 2353 auream,
471 2316 489 2344 et
496 2314 621 2354 peruenerunt
633 2310 655 2343 ad
667 2310 747 2354 plateam
759 2320 794 2354 que
806 2315 848 2344 ante

147 2366 222 2398 domum
233 2368 272 2397 erat
282 2363 334 2406 quasi
342 2373 386 2396 auro
397 2369 415 2397 et
422 2363 501 2406 gemmis
510 2367 567 2397 strata
572 2362 595 2397 ¹²:
608 2362 733 2407 intrantesque
742 2364 761 2397 in
772 2364 847 2397 domum

166 2463 170 2480 ¹
182 2463 199 2493 E.
207 2462 292 2499 penitrare.
352 2461 358 2479 ²
367 2470 385 2491 so
393 2461 410 2492 T.
432 2461 455 2492 Ci.
463 2461 507 2492 Vino.
516 2461 555 2492 Bell,
564 2461 625 2491 XXlll.
635 2470 667 2500 145.
730 2462 735 2480 ³
746 2462 763 2492 E.
772 2462 847 2492 maiorum

144 2512 214 2533 suorum*
273 2501 323 2532 ¹VB.
331 2501 388 2532 Satius.
447 2501 482 2532 ⁵13.
490 2505 546 2532 autem.
604 2501 658 2533 ⁶T.a.
716 2502 750 2534 7Τ.
759 2502 776 2532 Ε.
784 2502 848 2535 dicens;

145 2543 261 2613 Χῐέἀείἷιὲωω
277 2542 389 2572 ⁸ou1.inVB.
436 2541 469 2572 ⁹T.
478 2542 546 2580 paulum.
594 2541 605 2560 ¹⁰
616 2543 633 2572 E.
641 2543 694 2580 opido.
741 2542 752 2560 ²¹
763 2543 781 2572 T.
788 2542 847 2580 pollito.
