<?xml version="1.0" encoding="UTF-8"?>
<!DOCTYPE html PUBLIC "-//W3C//DTD XHTML 1.0 Transitional//EN"
    "http://www.w3.org/TR/xhtml1/DTD/xhtml1-transitional.dtd">
<html xmlns="http://www.w3.org/1999/xhtml" xml:lang="en" lang="en">
 <head>
  <title>
</title>
<meta http-equiv="Content-Type" content="text/html;charset=utf-8" />
  <meta name='ocr-system' content='tesseract 3.04.00' />
  <meta name='ocr-capabilities' content='ocr_page ocr_carea ocr_par ocr_line ocrx_word'/>
</head>
<body>
  <div class='ocr_page' id='page_1' title='image "./MN5111ucmf_0/MN5111ucmf_0_0128.png"; bbox 0 0 1762 2803; ppageno 0'>
   <div class='ocr_carea' id='block_1_1' title="bbox 145 191 653 255">
    <p class='ocr_par' dir='ltr' id='par_1_1' title="bbox 145 191 653 255">
     <span class='ocr_line' id='line_1_1' title="bbox 145 191 653 255; baseline -0.02 -3"><span class='ocrx_word' id='word_1_1' title='bbox 145 198 173 252; x_wconf 77' lang='lat'>38</span> <span class='ocrx_word' id='word_1_2' title='bbox 334 196 414 248; x_wconf 68' lang='lat' dir='ltr'>titum</span> <span class='ocrx_word' id='word_1_3' title='bbox 430 192 545 255; x_wconf 69' lang='lat' dir='ltr'>lectona</span> <span class='ocrx_word' id='word_1_4' title='bbox 560 191 653 253; x_wconf 66' lang='lat' dir='ltr'>antlia</span> 
     </span>
    </p>
   </div>
   <div class='ocr_carea' id='block_1_2' title="bbox 144 311 846 466">
    <p class='ocr_par' dir='ltr' id='par_1_2' title="bbox 144 311 846 466">
     <span class='ocr_line' id='line_1_2' title="bbox 144 311 846 359; baseline -0.009 -9"><span class='ocrx_word' id='word_1_5' title='bbox 144 317 234 359; x_wconf 88' lang='lat' dir='ltr'>infimum,</span> <span class='ocrx_word' id='word_1_6' title='bbox 240 327 305 350; x_wconf 90' lang='lat' dir='ltr'>verum</span> <span class='ocrx_word' id='word_1_7' title='bbox 312 315 367 350; x_wconf 86' lang='lat' dir='ltr'>etiam</span> <span class='ocrx_word' id='word_1_8' title='bbox 373 316 445 359; x_wconf 89' lang='lat' dir='ltr'>longius</span> <span class='ocrx_word' id='word_1_9' title='bbox 453 314 471 348; x_wconf 89' lang='lat' dir='ltr'>in</span> <span class='ocrx_word' id='word_1_10' title='bbox 476 314 582 358; x_wconf 88' lang='lat' dir='ltr'>pauimento</span> <span class='ocrx_word' id='word_1_11' title='bbox 588 314 721 348; x_wconf 86' lang='lat' dir='ltr'>deuolueretur.</span> <span class='ocrx_word' id='word_1_12' title='bbox 737 311 773 346; x_wconf 91' lang='lat' dir='ltr'>Pre</span> <span class='ocrx_word' id='word_1_13' title='bbox 781 311 846 345; x_wconf 90' lang='lat' dir='ltr'>timore</span> 
     </span>
     <span class='ocr_line' id='line_1_3' title="bbox 145 365 846 412; baseline -0.009 -8"><span class='ocrx_word' id='word_1_14' title='bbox 145 376 206 405; x_wconf 87' lang='lat' dir='ltr'>autem</span> <span class='ocrx_word' id='word_1_15' title='bbox 214 369 317 412; x_wconf 87' lang='lat' dir='ltr'>exterritus,</span> <span class='ocrx_word' id='word_1_16' title='bbox 325 368 392 403; x_wconf 87' lang='lat' dir='ltr'>relictis</span> <span class='ocrx_word' id='word_1_17' title='bbox 400 379 436 412; x_wconf 88' lang='lat' dir='ltr'>que</span> <span class='ocrx_word' id='word_1_18' title='bbox 443 367 462 401; x_wconf 93' lang='lat' dir='ltr'>in</span> <span class='ocrx_word' id='word_1_19' title='bbox 470 367 555 402; x_wconf 91' lang='lat' dir='ltr'>manibus</span> <span class='ocrx_word' id='word_1_20' title='bbox 563 367 656 409; x_wconf 84' lang='lat' dir='ltr'>habuerat,</span> <span class='ocrx_word' id='word_1_21' title='bbox 664 366 687 400; x_wconf 95' lang='lat' dir='ltr'>de</span> <span class='ocrx_word' id='word_1_22' title='bbox 696 365 773 400; x_wconf 90' lang='lat' dir='ltr'>ecclesia</span> <span class='ocrx_word' id='word_1_23' title='bbox 783 374 846 409; x_wconf 89' lang='lat' dir='ltr'>quam·</span> 
     </span>
     <span class='ocr_line' id='line_1_4' title="bbox 144 422 292 466; baseline 0 -10"><span class='ocrx_word' id='word_1_24' title='bbox 144 423 200 457; x_wconf 89' lang='lat' dir='ltr'>totius</span> <span class='ocrx_word' id='word_1_25' title='bbox 208 422 276 466; x_wconf 83' lang='lat' dir='ltr'>aufugit</span> <span class='ocrx_word' id='word_1_26' title='bbox 281 422 292 456; x_wconf 78' lang='lat'>¹.</span> 
     </span>
    </p>
   </div>
   <div class='ocr_carea' id='block_1_3' title="bbox 232 527 757 573">
    <p class='ocr_par' dir='ltr' id='par_1_3' title="bbox 232 527 757 573">
     <span class='ocr_line' id='line_1_5' title="bbox 232 527 757 573; baseline -0.006 -3"><span class='ocrx_word' id='word_1_27' title='bbox 232 537 247 573; x_wconf 61' lang='grc' dir='ltr'>ἹῘ</span> <span class='ocrx_word' id='word_1_28' title='bbox 259 528 292 570; x_wconf 77' lang='lat' dir='ltr'>DE</span> <span class='ocrx_word' id='word_1_29' title='bbox 304 545 374 569; x_wconf 81' lang='lat' dir='ltr'>SANCTO</span> <span class='ocrx_word' id='word_1_30' title='bbox 385 527 480 568; x_wconf 80' lang='lat' dir='ltr'>ALDELMO</span> <span class='ocrx_word' id='word_1_31' title='bbox 492 545 578 568; x_wconf 82' lang='lat' dir='ltr'>EPISCOPO</span> <span class='ocrx_word' id='word_1_32' title='bbox 590 544 613 567; x_wconf 85' lang='lat' dir='ltr'>ET</span> <span class='ocrx_word' id='word_1_33' title='bbox 624 533 757 568; x_wconf 61' lang='lat' dir='ltr'>coxrnssoxffl.</span> 
     </span>
    </p>
   </div>
   <div class='ocr_carea' id='block_1_4' title="bbox 120 615 853 2246">
    <p class='ocr_par' dir='ltr' id='par_1_4' title="bbox 184 615 848 661">
     <span class='ocr_line' id='line_1_6' title="bbox 184 615 848 661; baseline -0.005 -9"><span class='ocrx_word' id='word_1_34' title='bbox 184 617 239 652; x_wconf 91' lang='lat' dir='ltr'>Eatus</span> <span class='ocrx_word' id='word_1_35' title='bbox 255 618 357 659; x_wconf 87' lang='lat' dir='ltr'>Aldelmus,</span> <span class='ocrx_word' id='word_1_36' title='bbox 373 616 524 661; x_wconf 90' lang='lat' dir='ltr'>splendidissimo</span> <span class='ocrx_word' id='word_1_37' title='bbox 543 616 646 661; x_wconf 85' lang='lat' dir='ltr'>Anglorum</span> <span class='ocrx_word' id='word_1_38' title='bbox 664 627 733 660; x_wconf 85' lang='lat' dir='ltr'>genere</span> <span class='ocrx_word' id='word_1_39' title='bbox 753 615 848 657; x_wconf 88' lang='lat' dir='ltr'>oriundus,</span> 
     </span>
    </p>

    <p class='ocr_par' dir='ltr' id='par_1_5' title="bbox 120 668 853 2246">
     <span class='ocr_line' id='line_1_7' title="bbox 129 668 848 714; baseline -0.006 -8"><span class='ocrx_word' id='word_1_40' title='bbox 129 683 137 713; x_wconf 86' lang='lat'>5</span> <span class='ocrx_word' id='word_1_41' title='bbox 204 671 270 706; x_wconf 88' lang='lat' dir='ltr'>attauis</span> <span class='ocrx_word' id='word_1_42' title='bbox 281 671 336 705; x_wconf 90' lang='lat' dir='ltr'>etiam</span> <span class='ocrx_word' id='word_1_43' title='bbox 345 670 419 714; x_wconf 85' lang='lat' dir='ltr'>regibus</span> <span class='ocrx_word' id='word_1_44' title='bbox 430 675 458 703; x_wconf 87' lang='lat' dir='ltr'>est</span> <span class='ocrx_word' id='word_1_45' title='bbox 467 670 532 703; x_wconf 89' lang='lat' dir='ltr'>editus.</span> <span class='ocrx_word' id='word_1_46' title='bbox 556 670 610 703; x_wconf 91' lang='lat' dir='ltr'>Pater</span> <span class='ocrx_word' id='word_1_47' title='bbox 620 669 711 713; x_wconf 83' lang='lat' dir='ltr'>siquidem</span> <span class='ocrx_word' id='word_1_48' title='bbox 722 668 762 703; x_wconf 91' lang='lat' dir='ltr'>eius</span> <span class='ocrx_word' id='word_1_49' title='bbox 773 669 848 702; x_wconf 82' lang='lat' dir='ltr'>nomine</span> 
     </span>
     <span class='ocr_line' id='line_1_8' title="bbox 147 722 848 767; baseline -0.003 -8"><span class='ocrx_word' id='word_1_50' title='bbox 147 726 249 767; x_wconf 89' lang='lat' dir='ltr'>Kentcnus‚</span> <span class='ocrx_word' id='word_1_51' title='bbox 257 725 286 758; x_wconf 91' lang='lat' dir='ltr'>vir</span> <span class='ocrx_word' id='word_1_52' title='bbox 293 725 328 758; x_wconf 87' lang='lat' dir='ltr'>deo</span> <span class='ocrx_word' id='word_1_53' title='bbox 338 725 420 764; x_wconf 89' lang='lat' dir='ltr'>deuotus,</span> <span class='ocrx_word' id='word_1_54' title='bbox 428 722 481 756; x_wconf 84' lang='lat' dir='ltr'>Yne³</span> <span class='ocrx_word' id='word_1_55' title='bbox 489 722 538 766; x_wconf 90' lang='lat' dir='ltr'>regis</span> <span class='ocrx_word' id='word_1_56' title='bbox 545 722 691 756; x_wconf 87' lang='lat' dir='ltr'>Westsaxonum</span> <span class='ocrx_word' id='word_1_57' title='bbox 700 722 733 756; x_wconf 89' lang='lat' dir='ltr'>fuit</span> <span class='ocrx_word' id='word_1_58' title='bbox 744 733 848 767; x_wconf 84' lang='lat' dir='ltr'>germanus.</span> 
     </span>
     <span class='ocr_line' id='line_1_9' title="bbox 147 775 848 821; baseline -0.004 -9"><span class='ocrx_word' id='word_1_59' title='bbox 147 779 183 812; x_wconf 91' lang='lat' dir='ltr'>Hic</span> <span class='ocrx_word' id='word_1_60' title='bbox 194 777 248 821; x_wconf 87' lang='lat' dir='ltr'>igitur</span> <span class='ocrx_word' id='word_1_61' title='bbox 257 777 354 811; x_wconf 86' lang='lat' dir='ltr'>Kentenus</span> <span class='ocrx_word' id='word_1_62' title='bbox 366 787 390 810; x_wconf 87' lang='lat' dir='ltr'>ex</span> <span class='ocrx_word' id='word_1_63' title='bbox 400 786 458 811; x_wconf 86' lang='lat' dir='ltr'>vxore</span> <span class='ocrx_word' id='word_1_64' title='bbox 469 785 503 809; x_wconf 85' lang='lat' dir='ltr'>sua</span> <span class='ocrx_word' id='word_1_65' title='bbox 514 775 572 809; x_wconf 85' lang='lat' dir='ltr'>filium</span> <span class='ocrx_word' id='word_1_66' title='bbox 581 776 644 819; x_wconf 85' lang='lat' dir='ltr'>genuit</span> <span class='ocrx_word' id='word_1_67' title='bbox 654 776 728 809; x_wconf 92' lang='lat' dir='ltr'>nomine</span> <span class='ocrx_word' id='word_1_68' title='bbox 736 775 848 809; x_wconf 89' lang='lat' dir='ltr'>Aldelmum.</span> 
     </span>
     <span class='ocr_line' id='line_1_10' title="bbox 146 828 849 874; baseline -0.004 -9"><span class='ocrx_word' id='word_1_69' title='bbox 146 831 244 865; x_wconf 86' lang='lat' dir='ltr'>Aldelmus</span> <span class='ocrx_word' id='word_1_70' title='bbox 252 830 301 864; x_wconf 92' lang='lat' dir='ltr'>enim</span> <span class='ocrx_word' id='word_1_71' title='bbox 309 830 385 874; x_wconf 82' lang='lat' dir='ltr'>anglice,</span> <span class='ocrx_word' id='word_1_72' title='bbox 393 829 449 863; x_wconf 91' lang='lat' dir='ltr'>latine</span> <span class='ocrx_word' id='word_1_73' title='bbox 457 830 519 862; x_wconf 87' lang='lat' dir='ltr'>‘vetus</span> <span class='ocrx_word' id='word_1_74' title='bbox 527 829 588 872; x_wconf 87' lang='lat' dir='ltr'>galea’</span> <span class='ocrx_word' id='word_1_75' title='bbox 597 828 738 872; x_wconf 86' lang='lat' dir='ltr'>interpretatur:</span> <span class='ocrx_word' id='word_1_76' title='bbox 747 828 789 872; x_wconf 90' lang='lat' dir='ltr'>quia</span> <span class='ocrx_word' id='word_1_77' title='bbox 796 829 849 872; x_wconf 83' lang='lat' dir='ltr'>galea</span> 
     </span>
     <span class='ocr_line' id='line_1_11' title="bbox 146 880 849 927; baseline -0.007 -8"><span class='ocrx_word' id='word_1_78' title='bbox 146 883 210 919; x_wconf 82' lang='lat' dir='ltr'>salutis</span> <span class='ocrx_word' id='word_1_79' title='bbox 218 887 272 927; x_wconf 90' lang='lat' dir='ltr'>caput</span> <span class='ocrx_word' id='word_1_80' title='bbox 280 888 378 927; x_wconf 89' lang='lat' dir='ltr'>protectus,</span> <span class='ocrx_word' id='word_1_81' title='bbox 387 881 475 926; x_wconf 84' lang='lat' dir='ltr'>optimam</span> <span class='ocrx_word' id='word_1_82' title='bbox 483 882 506 915; x_wconf 89' lang='lat' dir='ltr'>de</span> <span class='ocrx_word' id='word_1_83' title='bbox 514 881 567 915; x_wconf 88' lang='lat' dir='ltr'>hoste</span> <span class='ocrx_word' id='word_1_84' title='bbox 574 881 594 914; x_wconf 91' lang='lat' dir='ltr'>in</span> <span class='ocrx_word' id='word_1_85' title='bbox 602 881 661 914; x_wconf 84' lang='lat' dir='ltr'>celum</span> <span class='ocrx_word' id='word_1_86' title='bbox 669 881 741 915; x_wconf 88' lang='lat' dir='ltr'>reuexit</span> <span class='ocrx_word' id='word_1_87' title='bbox 748 880 849 915; x_wconf 88' lang='lat' dir='ltr'>victoriam.</span> 
     </span>
     <span class='ocr_line' id='line_1_12' title="bbox 120 934 849 980; baseline 0 -12"><span class='ocrx_word' id='word_1_88' title='bbox 120 947 139 970; x_wconf 89' lang='lat'>10</span> <span class='ocrx_word' id='word_1_89' title='bbox 147 936 251 972; x_wconf 88' lang='lat' dir='ltr'>Puerilibus</span> <span class='ocrx_word' id='word_1_90' title='bbox 259 935 327 980; x_wconf 83' lang='lat' dir='ltr'>elapsis</span> <span class='ocrx_word' id='word_1_91' title='bbox 338 934 397 976; x_wconf 85' lang='lat' dir='ltr'>annis,</span> <span class='ocrx_word' id='word_1_92' title='bbox 405 934 510 969; x_wconf 88' lang='lat' dir='ltr'>liberalibus</span> <span class='ocrx_word' id='word_1_93' title='bbox 522 934 588 969; x_wconf 90' lang='lat' dir='ltr'>studiis</span> <span class='ocrx_word' id='word_1_94' title='bbox 595 934 672 969; x_wconf 89' lang='lat' dir='ltr'>traditus</span> <span class='ocrx_word' id='word_1_95' title='bbox 684 939 723 977; x_wconf 75' lang='lat' dir='ltr'>est,</span> <span class='ocrx_word' id='word_1_96' title='bbox 734 935 765 969; x_wconf 90' lang='lat' dir='ltr'>vbi</span> <span class='ocrx_word' id='word_1_97' title='bbox 776 935 822 969; x_wconf 88' lang='lat' dir='ltr'>adeo</span> <span class='ocrx_word' id='word_1_98' title='bbox 830 934 849 968; x_wconf 91' lang='lat' dir='ltr'>in</span> 
     </span>
     <span class='ocr_line' id='line_1_13' title="bbox 147 987 849 1032; baseline -0.004 -8"><span class='ocrx_word' id='word_1_99' title='bbox 147 989 199 1025; x_wconf 90' lang='lat' dir='ltr'>breui</span> <span class='ocrx_word' id='word_1_100' title='bbox 213 989 300 1030; x_wconf 89' lang='lat' dir='ltr'>refloruit,</span> <span class='ocrx_word' id='word_1_101' title='bbox 312 994 331 1023; x_wconf 92' lang='lat' dir='ltr'>vt</span> <span class='ocrx_word' id='word_1_102' title='bbox 343 988 453 1031; x_wconf 86' lang='lat' dir='ltr'>doctoribus,</span> <span class='ocrx_word' id='word_1_103' title='bbox 465 998 511 1032; x_wconf 89' lang='lat' dir='ltr'>quos</span> <span class='ocrx_word' id='word_1_104' title='bbox 523 998 588 1031; x_wconf 89' lang='lat' dir='ltr'>grecos</span> <span class='ocrx_word' id='word_1_105' title='bbox 601 993 619 1021; x_wconf 90' lang='lat' dir='ltr'>et</span> <span class='ocrx_word' id='word_1_106' title='bbox 632 987 698 1021; x_wconf 87' lang='lat' dir='ltr'>latinos</span> <span class='ocrx_word' id='word_1_107' title='bbox 712 988 796 1029; x_wconf 86' lang='lat' dir='ltr'>habebat,</span> <span class='ocrx_word' id='word_1_108' title='bbox 807 998 849 1031; x_wconf 91' lang='lat' dir='ltr'>pre-</span> 
     </span>
     <span class='ocr_line' id='line_1_14' title="bbox 148 1040 849 1082; baseline -0.004 -6"><span class='ocrx_word' id='word_1_109' title='bbox 148 1043 235 1077; x_wconf 89' lang='lat' dir='ltr'>ferendus</span> <span class='ocrx_word' id='word_1_110' title='bbox 253 1042 373 1075; x_wconf 85' lang='lat' dir='ltr'>estimaretur.</span> <span class='ocrx_word' id='word_1_111' title='bbox 396 1040 417 1074; x_wconf 86' lang='lat' dir='ltr'>In</span> <span class='ocrx_word' id='word_1_112' title='bbox 435 1041 551 1074; x_wconf 80' lang='lat' dir='ltr'>meldunensi</span> <span class='ocrx_word' id='word_1_113' title='bbox 571 1041 645 1073; x_wconf 91' lang='lat' dir='ltr'>demum</span> <span class='ocrx_word' id='word_1_114' title='bbox 662 1041 779 1082; x_wconf 87' lang='lat' dir='ltr'>monasterio,</span> <span class='ocrx_word' id='word_1_115' title='bbox 795 1041 849 1074; x_wconf 89' lang='lat' dir='ltr'>modo</span> 
     </span>
     <span class='ocr_line' id='line_1_15' title="bbox 149 1092 849 1137; baseline -0.003 -9"><span class='ocrx_word' id='word_1_116' title='bbox 149 1094 274 1129; x_wconf 88' lang='lat' dir='ltr'>Malmesbiria</span> <span class='ocrx_word' id='word_1_117' title='bbox 287 1098 355 1136; x_wconf 87' lang='lat' dir='ltr'>vocato,</span> <span class='ocrx_word' id='word_1_118' title='bbox 367 1092 427 1137; x_wconf 92' lang='lat' dir='ltr'>primo</span> <span class='ocrx_word' id='word_1_119' title='bbox 442 1092 549 1136; x_wconf 86' lang='lat' dir='ltr'>monachus,</span> <span class='ocrx_word' id='word_1_120' title='bbox 563 1092 629 1127; x_wconf 90' lang='lat' dir='ltr'>dehinc</span> <span class='ocrx_word' id='word_1_121' title='bbox 644 1093 747 1137; x_wconf 88' lang='lat' dir='ltr'>presbyter,</span> <span class='ocrx_word' id='word_1_122' title='bbox 763 1097 781 1126; x_wconf 95' lang='lat' dir='ltr'>et</span> <span class='ocrx_word' id='word_1_123' title='bbox 792 1092 849 1126; x_wconf 89' lang='lat' dir='ltr'>abbas</span> 
     </span>
     <span class='ocr_line' id='line_1_16' title="bbox 149 1145 850 1189; baseline -0.003 -9"><span class='ocrx_word' id='word_1_124' title='bbox 149 1148 236 1186; x_wconf 81' lang='lat' dir='ltr'>effectus3</span> <span class='ocrx_word' id='word_1_125' title='bbox 255 1146 291 1180; x_wconf 89' lang='lat' dir='ltr'>cibi</span> <span class='ocrx_word' id='word_1_126' title='bbox 308 1151 399 1188; x_wconf 85' lang='lat' dir='ltr'>potusque</span> <span class='ocrx_word' id='word_1_127' title='bbox 414 1145 514 1186; x_wconf 86' lang='lat' dir='ltr'>abstinens,</span> <span class='ocrx_word' id='word_1_128' title='bbox 528 1145 595 1189; x_wconf 90' lang='lat' dir='ltr'>vigiliis</span> <span class='ocrx_word' id='word_1_129' title='bbox 610 1152 628 1180; x_wconf 92' lang='lat' dir='ltr'>et</span> <span class='ocrx_word' id='word_1_130' title='bbox 643 1145 755 1179; x_wconf 88' lang='lat' dir='ltr'>orationibus</span> <span class='ocrx_word' id='word_1_131' title='bbox 770 1146 850 1179; x_wconf 89' lang='lat' dir='ltr'>vacabat.</span> 
     </span>
     <span class='ocr_line' id='line_1_17' title="bbox 122 1196 850 1241; baseline 0.001 -12"><span class='ocrx_word' id='word_1_132' title='bbox 122 1210 139 1241; x_wconf 84' lang='lat'>15</span> <span class='ocrx_word' id='word_1_133' title='bbox 150 1200 205 1232; x_wconf 83' lang='lat' dir='ltr'>Fama</span> <span class='ocrx_word' id='word_1_134' title='bbox 212 1199 261 1231; x_wconf 90' lang='lat' dir='ltr'>enim</span> <span class='ocrx_word' id='word_1_135' title='bbox 269 1199 309 1232; x_wconf 91' lang='lat' dir='ltr'>eius</span> <span class='ocrx_word' id='word_1_136' title='bbox 314 1198 376 1230; x_wconf 88' lang='lat' dir='ltr'>multis</span> <span class='ocrx_word' id='word_1_137' title='bbox 381 1196 472 1240; x_wconf 89' lang='lat' dir='ltr'>preconiis</span> <span class='ocrx_word' id='word_1_138' title='bbox 478 1197 571 1237; x_wconf 88' lang='lat' dir='ltr'>illustrata,</span> <span class='ocrx_word' id='word_1_139' title='bbox 579 1196 615 1230; x_wconf 89' lang='lat' dir='ltr'>iam</span> <span class='ocrx_word' id='word_1_140' title='bbox 623 1208 674 1230; x_wconf 87' lang='lat' dir='ltr'>mare</span> <span class='ocrx_word' id='word_1_141' title='bbox 682 1197 784 1238; x_wconf 87' lang='lat' dir='ltr'>transierat,</span> <span class='ocrx_word' id='word_1_142' title='bbox 790 1196 850 1240; x_wconf 89' lang='lat' dir='ltr'>Alpes</span> 
     </span>
     <span class='ocr_line' id='line_1_18' title="bbox 148 1249 850 1294; baseline -0.001 -9"><span class='ocrx_word' id='word_1_143' title='bbox 148 1255 254 1286; x_wconf 78' lang='lat' dir='ltr'>excesserat</span> <span class='ocrx_word' id='word_1_144' title='bbox 267 1255 285 1285; x_wconf 96' lang='lat' dir='ltr'>et</span> <span class='ocrx_word' id='word_1_145' title='bbox 300 1250 379 1284; x_wconf 89' lang='lat' dir='ltr'>Romam</span> <span class='ocrx_word' id='word_1_146' title='bbox 392 1254 526 1293; x_wconf 87' lang='lat' dir='ltr'>penetrauerat.</span> <span class='ocrx_word' id='word_1_147' title='bbox 549 1250 590 1291; x_wconf 83' lang='lat' dir='ltr'>Qua</span> <span class='ocrx_word' id='word_1_148' title='bbox 604 1249 695 1292; x_wconf 90' lang='lat' dir='ltr'>incitatus,</span> <span class='ocrx_word' id='word_1_149' title='bbox 710 1260 759 1293; x_wconf 89' lang='lat' dir='ltr'>papa</span> <span class='ocrx_word' id='word_1_150' title='bbox 774 1250 850 1294; x_wconf 83' lang='lat' dir='ltr'>Sergius</span> 
     </span>
     <span class='ocr_line' id='line_1_19' title="bbox 148 1301 850 1348; baseline -0.003 -9"><span class='ocrx_word' id='word_1_151' title='bbox 148 1303 221 1348; x_wconf 90' lang='lat' dir='ltr'>scriptis</span> <span class='ocrx_word' id='word_1_152' title='bbox 233 1314 275 1338; x_wconf 89' lang='lat' dir='ltr'>eum</span> <span class='ocrx_word' id='word_1_153' title='bbox 287 1302 355 1346; x_wconf 88' lang='lat' dir='ltr'>asciuit,</span> <span class='ocrx_word' id='word_1_154' title='bbox 364 1307 382 1336; x_wconf 93' lang='lat' dir='ltr'>et</span> <span class='ocrx_word' id='word_1_155' title='bbox 393 1301 494 1337; x_wconf 86' lang='lat' dir='ltr'>honorifice</span> <span class='ocrx_word' id='word_1_156' title='bbox 506 1302 592 1347; x_wconf 82' lang='lat' dir='ltr'>suscepit.</span> <span class='ocrx_word' id='word_1_157' title='bbox 616 1303 664 1337; x_wconf 92' lang='lat' dir='ltr'>Dum</span> <span class='ocrx_word' id='word_1_158' title='bbox 675 1303 725 1338; x_wconf 91' lang='lat' dir='ltr'>enim</span> <span class='ocrx_word' id='word_1_159' title='bbox 733 1304 811 1347; x_wconf 88' lang='lat' dir='ltr'>quadarn</span> <span class='ocrx_word' id='word_1_160' title='bbox 820 1303 850 1338; x_wconf 88' lang='lat' dir='ltr'>die</span> 
     </span>
     <span class='ocr_line' id='line_1_20' title="bbox 148 1356 850 1400; baseline -0.003 -8"><span class='ocrx_word' id='word_1_161' title='bbox 148 1359 167 1392; x_wconf 91' lang='lat' dir='ltr'>in</span> <span class='ocrx_word' id='word_1_162' title='bbox 178 1357 289 1392; x_wconf 87' lang='lat' dir='ltr'>lateranensi</span> <span class='ocrx_word' id='word_1_163' title='bbox 300 1356 378 1390; x_wconf 88' lang='lat' dir='ltr'>ecclesia</span> <span class='ocrx_word' id='word_1_164' title='bbox 385 1356 462 1389; x_wconf 91' lang='lat' dir='ltr'>missam</span> <span class='ocrx_word' id='word_1_165' title='bbox 470 1356 586 1398; x_wconf 85' lang='lat' dir='ltr'>celebrasset,</span> <span class='ocrx_word' id='word_1_166' title='bbox 595 1361 613 1390; x_wconf 93' lang='lat' dir='ltr'>et</span> <span class='ocrx_word' id='word_1_167' title='bbox 622 1357 703 1390; x_wconf 87' lang='lat' dir='ltr'>casulam</span> <span class='ocrx_word' id='word_1_168' title='bbox 713 1357 800 1398; x_wconf 87' lang='lat' dir='ltr'>exuisset,</span> <span class='ocrx_word' id='word_1_169' title='bbox 808 1367 850 1400; x_wconf 89' lang='lat' dir='ltr'>por-</span> 
     </span>
     <span class='ocr_line' id='line_1_21' title="bbox 148 1408 850 1451; baseline -0.003 -6"><span class='ocrx_word' id='word_1_170' title='bbox 148 1410 196 1445; x_wconf 82' lang='lat' dir='ltr'>rexit</span> <span class='ocrx_word' id='word_1_171' title='bbox 211 1421 253 1444; x_wconf 90' lang='lat' dir='ltr'>eam</span> <span class='ocrx_word' id='word_1_172' title='bbox 268 1415 317 1444; x_wconf 92' lang='lat' dir='ltr'>retro</span> <span class='ocrx_word' id='word_1_173' title='bbox 330 1419 356 1451; x_wconf 89' lang='lat' dir='ltr'>se,</span> <span class='ocrx_word' id='word_1_174' title='bbox 372 1414 422 1443; x_wconf 88' lang='lat' dir='ltr'>ratus</span> <span class='ocrx_word' id='word_1_175' title='bbox 437 1408 490 1442; x_wconf 90' lang='lat' dir='ltr'>alicui</span> <span class='ocrx_word' id='word_1_176' title='bbox 505 1409 631 1443; x_wconf 89' lang='lat' dir='ltr'>ministrorum</span> <span class='ocrx_word' id='word_1_177' title='bbox 647 1409 696 1443; x_wconf 92' lang='lat' dir='ltr'>illam</span> <span class='ocrx_word' id='word_1_178' title='bbox 711 1410 789 1444; x_wconf 87' lang='lat' dir='ltr'>tradere.</span> <span class='ocrx_word' id='word_1_179' title='bbox 813 1411 850 1444; x_wconf 86' lang='lat' dir='ltr'>Sed</span> 
     </span>
     <span class='ocr_line' id='line_1_22' title="bbox 121 1461 850 1507; baseline -0.003 -9"><span class='ocrx_word' id='word_1_180' title='bbox 121 1465 190 1507; x_wconf 83' lang='lat' dir='ltr'>20quia</span> <span class='ocrx_word' id='word_1_181' title='bbox 205 1463 325 1497; x_wconf 88' lang='lat' dir='ltr'>seruientium</span> <span class='ocrx_word' id='word_1_182' title='bbox 340 1461 397 1495; x_wconf 90' lang='lat' dir='ltr'>defuit</span> <span class='ocrx_word' id='word_1_183' title='bbox 412 1461 507 1503; x_wconf 88' lang='lat' dir='ltr'>industria,</span> <span class='ocrx_word' id='word_1_184' title='bbox 524 1461 586 1495; x_wconf 92' lang='lat' dir='ltr'>diuina</span> <span class='ocrx_word' id='word_1_185' title='bbox 601 1473 644 1495; x_wconf 88' lang='lat' dir='ltr'>mox</span> <span class='ocrx_word' id='word_1_186' title='bbox 659 1462 710 1496; x_wconf 86' lang='lat' dir='ltr'>affuit</span> <span class='ocrx_word' id='word_1_187' title='bbox 724 1462 850 1506; x_wconf 84' lang='lat' dir='ltr'>prouidentia:</span> 
     </span>
     <span class='ocr_line' id='line_1_23' title="bbox 149 1513 850 1558; baseline -0.001 -8"><span class='ocrx_word' id='word_1_188' title='bbox 149 1515 250 1551; x_wconf 86' lang='lat' dir='ltr'>Confestim</span> <span class='ocrx_word' id='word_1_189' title='bbox 262 1525 341 1557; x_wconf 91' lang='lat' dir='ltr'>namque</span> <span class='ocrx_word' id='word_1_190' title='bbox 352 1513 414 1548; x_wconf 90' lang='lat' dir='ltr'>radius</span> <span class='ocrx_word' id='word_1_191' title='bbox 426 1514 491 1547; x_wconf 87' lang='lat' dir='ltr'>solaris</span> <span class='ocrx_word' id='word_1_192' title='bbox 501 1525 535 1557; x_wconf 84' lang='lat' dir='ltr'>per</span> <span class='ocrx_word' id='word_1_193' title='bbox 543 1515 643 1548; x_wconf 89' lang='lat' dir='ltr'>fenestram</span> <span class='ocrx_word' id='word_1_194' title='bbox 654 1514 759 1558; x_wconf 90' lang='lat' dir='ltr'>irrumpens</span> <span class='ocrx_word' id='word_1_195' title='bbox 770 1516 850 1549; x_wconf 88' lang='lat' dir='ltr'>casulam</span> 
     </span>
     <span class='ocr_line' id='line_1_24' title="bbox 148 1566 851 1612; baseline -0.003 -9"><span class='ocrx_word' id='word_1_196' title='bbox 148 1568 227 1612; x_wconf 76' lang='lat' dir='ltr'>excepit,</span> <span class='ocrx_word' id='word_1_197' title='bbox 239 1572 257 1601; x_wconf 93' lang='lat' dir='ltr'>et</span> <span class='ocrx_word' id='word_1_198' title='bbox 269 1578 310 1601; x_wconf 90' lang='lat' dir='ltr'>eam</span> <span class='ocrx_word' id='word_1_199' title='bbox 323 1566 354 1600; x_wconf 90' lang='lat' dir='ltr'>diu</span> <span class='ocrx_word' id='word_1_200' title='bbox 370 1566 461 1600; x_wconf 89' lang='lat' dir='ltr'>sustinuit.</span> <span class='ocrx_word' id='word_1_201' title='bbox 484 1566 550 1600; x_wconf 88' lang='lat' dir='ltr'>Casula</span> <span class='ocrx_word' id='word_1_202' title='bbox 563 1567 612 1601; x_wconf 89' lang='lat' dir='ltr'>enim</span> <span class='ocrx_word' id='word_1_203' title='bbox 627 1567 663 1609; x_wconf 88' lang='lat' dir='ltr'>illa,</span> <span class='ocrx_word' id='word_1_204' title='bbox 677 1569 700 1602; x_wconf 92' lang='lat' dir='ltr'>ad</span> <span class='ocrx_word' id='word_1_205' title='bbox 715 1566 798 1602; x_wconf 90' lang='lat' dir='ltr'>miraculi</span> <span class='ocrx_word' id='word_1_206' title='bbox 813 1577 851 1601; x_wconf 89' lang='lat' dir='ltr'>me-</span> 
     </span>
     <span class='ocr_line' id='line_1_25' title="bbox 149 1614 851 1663; baseline -0.003 -7"><span class='ocrx_word' id='word_1_207' title='bbox 149 1622 231 1663; x_wconf 85' lang='lat' dir='ltr'>moriam,</span> <span class='ocrx_word' id='word_1_208' title='bbox 243 1621 385 1654; x_wconf 90' lang='lat' dir='ltr'>meldunensem</span> <span class='ocrx_word' id='word_1_209' title='bbox 398 1620 486 1653; x_wconf 86' lang='lat' dir='ltr'>hactenus</span> <span class='ocrx_word' id='word_1_210' title='bbox 498 1620 591 1654; x_wconf 90' lang='lat' dir='ltr'>decorauit</span> <span class='ocrx_word' id='word_1_211' title='bbox 604 1620 705 1656; x_wconf 87' lang='lat' dir='ltr'>ecclesiam.</span> <span class='ocrx_word' id='word_1_212' title='bbox 750 1614 789 1655; x_wconf 87' lang='lat' dir='ltr'>Per</span> <span class='ocrx_word' id='word_1_213' title='bbox 802 1620 851 1655; x_wconf 91' lang='lat' dir='ltr'>idem</span> 
     </span>
     <span class='ocr_line' id='line_1_26' title="bbox 148 1671 851 1719; baseline -0.001 -9"><span class='ocrx_word' id='word_1_214' title='bbox 148 1682 223 1718; x_wconf 83' lang='lat' dir='ltr'>tempus</span> <span class='ocrx_word' id='word_1_215' title='bbox 232 1672 307 1717; x_wconf 73' lang='lat' dir='ltr'>[forte]⁴</span> <span class='ocrx_word' id='word_1_216' title='bbox 315 1671 390 1716; x_wconf 88' lang='lat' dir='ltr'>contigit</span> <span class='ocrx_word' id='word_1_217' title='bbox 401 1671 462 1706; x_wconf 89' lang='lat' dir='ltr'>Rome</span> <span class='ocrx_word' id='word_1_218' title='bbox 469 1677 489 1707; x_wconf 85' lang='lat' dir='ltr'>vt</span> <span class='ocrx_word' id='word_1_219' title='bbox 496 1683 547 1717; x_wconf 87' lang='lat' dir='ltr'>puer,</span> <span class='ocrx_word' id='word_1_220' title='bbox 560 1684 583 1708; x_wconf 93' lang='lat' dir='ltr'>ex</span> <span class='ocrx_word' id='word_1_221' title='bbox 595 1672 664 1708; x_wconf 88' lang='lat' dir='ltr'>incesta</span> <span class='ocrx_word' id='word_1_222' title='bbox 675 1678 734 1709; x_wconf 90' lang='lat' dir='ltr'>matre</span> <span class='ocrx_word' id='word_1_223' title='bbox 745 1673 851 1719; x_wconf 89' lang='lat' dir='ltr'>incestoque</span> 
     </span>
     <span class='ocr_line' id='line_1_27' title="bbox 122 1725 851 1776; baseline -0.001 -13"><span class='ocrx_word' id='word_1_224' title='bbox 122 1747 140 1776; x_wconf 80' lang='lat'>25</span> <span class='ocrx_word' id='word_1_225' title='bbox 149 1734 201 1772; x_wconf 91' lang='lat' dir='ltr'>patre</span> <span class='ocrx_word' id='word_1_226' title='bbox 217 1727 282 1769; x_wconf 91' lang='lat' dir='ltr'>editus,</span> <span class='ocrx_word' id='word_1_227' title='bbox 296 1726 363 1759; x_wconf 88' lang='lat' dir='ltr'>famam</span> <span class='ocrx_word' id='word_1_228' title='bbox 378 1725 473 1768; x_wconf 91' lang='lat' dir='ltr'>apostolici</span> <span class='ocrx_word' id='word_1_229' title='bbox 488 1726 563 1769; x_wconf 91' lang='lat' dir='ltr'>lederet,</span> <span class='ocrx_word' id='word_1_230' title='bbox 579 1728 627 1770; x_wconf 91' lang='lat' dir='ltr'>quod</span> <span class='ocrx_word' id='word_1_231' title='bbox 642 1738 690 1771; x_wconf 89' lang='lat' dir='ltr'>eum,</span> <span class='ocrx_word' id='word_1_232' title='bbox 705 1733 724 1762; x_wconf 93' lang='lat' dir='ltr'>vt</span> <span class='ocrx_word' id='word_1_233' title='bbox 739 1727 779 1762; x_wconf 86' lang='lat' dir='ltr'>fieri</span> <span class='ocrx_word' id='word_1_234' title='bbox 798 1728 851 1770; x_wconf 90' lang='lat' dir='ltr'>solet,</span> 
     </span>
     <span class='ocr_line' id='line_1_28' title="bbox 149 1778 851 1824; baseline -0.003 -8"><span class='ocrx_word' id='word_1_235' title='bbox 149 1781 229 1824; x_wconf 83' lang='lat' dir='ltr'>vulgaris</span> <span class='ocrx_word' id='word_1_236' title='bbox 242 1779 304 1823; x_wconf 89' lang='lat' dir='ltr'>opinio</span> <span class='ocrx_word' id='word_1_237' title='bbox 320 1790 344 1813; x_wconf 86' lang='lat' dir='ltr'>ex</span> <span class='ocrx_word' id='word_1_238' title='bbox 358 1778 444 1823; x_wconf 88' lang='lat' dir='ltr'>pontifice</span> <span class='ocrx_word' id='word_1_239' title='bbox 457 1779 539 1822; x_wconf 87' lang='lat' dir='ltr'>genitum</span> <span class='ocrx_word' id='word_1_240' title='bbox 553 1781 641 1814; x_wconf 84' lang='lat' dir='ltr'>crederet.</span> <span class='ocrx_word' id='word_1_241' title='bbox 663 1780 737 1814; x_wconf 84' lang='lat' dir='ltr'>Anxius</span> <span class='ocrx_word' id='word_1_242' title='bbox 749 1780 851 1822; x_wconf 89' lang='lat' dir='ltr'>Aldelmus,</span> 
     </span>
     <span class='ocr_line' id='line_1_29' title="bbox 149 1832 851 1878; baseline 0 -10"><span class='ocrx_word' id='word_1_243' title='bbox 149 1834 207 1869; x_wconf 88' lang='lat' dir='ltr'>multa</span> <span class='ocrx_word' id='word_1_244' title='bbox 218 1832 298 1867; x_wconf 89' lang='lat' dir='ltr'>amicitia</span> <span class='ocrx_word' id='word_1_245' title='bbox 309 1832 410 1867; x_wconf 91' lang='lat' dir='ltr'>federatum</span> <span class='ocrx_word' id='word_1_246' title='bbox 422 1832 457 1866; x_wconf 93' lang='lat' dir='ltr'>sibi</span> <span class='ocrx_word' id='word_1_247' title='bbox 468 1833 562 1876; x_wconf 87' lang='lat' dir='ltr'>presulem</span> <span class='ocrx_word' id='word_1_248' title='bbox 573 1833 604 1868; x_wconf 88' lang='lat' dir='ltr'>tali</span> <span class='ocrx_word' id='word_1_249' title='bbox 616 1834 674 1868; x_wconf 89' lang='lat' dir='ltr'>fedari</span> <span class='ocrx_word' id='word_1_250' title='bbox 686 1833 765 1875; x_wconf 88' lang='lat' dir='ltr'>infamia,</span> <span class='ocrx_word' id='word_1_251' title='bbox 773 1844 851 1878; x_wconf 91' lang='lat' dir='ltr'>puerum</span> 
     </span>
     <span class='ocr_line' id='line_1_30' title="bbox 149 1884 851 1930; baseline -0.001 -9"><span class='ocrx_word' id='word_1_252' title='bbox 149 1897 217 1921; x_wconf 86' lang='lat' dir='ltr'>nouem</span> <span class='ocrx_word' id='word_1_253' title='bbox 229 1885 268 1919; x_wconf 90' lang='lat' dir='ltr'>dies</span> <span class='ocrx_word' id='word_1_254' title='bbox 279 1896 290 1919; x_wconf 91' lang='lat' dir='ltr'>a</span> <span class='ocrx_word' id='word_1_255' title='bbox 301 1884 394 1918; x_wconf 91' lang='lat' dir='ltr'>natiuitate</span> <span class='ocrx_word' id='word_1_256' title='bbox 406 1885 504 1919; x_wconf 91' lang='lat' dir='ltr'>habentem</span> <span class='ocrx_word' id='word_1_257' title='bbox 517 1885 600 1920; x_wconf 81' lang='lat' dir='ltr'>exhiberi</span> <span class='ocrx_word' id='word_1_258' title='bbox 611 1886 699 1930; x_wconf 89' lang='lat' dir='ltr'>precepit,</span> <span class='ocrx_word' id='word_1_259' title='bbox 707 1886 821 1930; x_wconf 87' lang='lat' dir='ltr'>imperatque</span> <span class='ocrx_word' id='word_1_260' title='bbox 832 1887 851 1920; x_wconf 94' lang='lat' dir='ltr'>in</span> 
     </span>
     <span class='ocr_line' id='line_1_31' title="bbox 148 1938 851 1983; baseline 0 -9"><span class='ocrx_word' id='word_1_261' title='bbox 148 1940 215 1974; x_wconf 89' lang='lat' dir='ltr'>virtute</span> <span class='ocrx_word' id='word_1_262' title='bbox 231 1944 248 1972; x_wconf 94' lang='lat' dir='ltr'>et</span> <span class='ocrx_word' id='word_1_263' title='bbox 260 1938 289 1971; x_wconf 66' lang='lat' dir='ltr'>in5</span> <span class='ocrx_word' id='word_1_264' title='bbox 302 1938 376 1974; x_wconf 89' lang='lat' dir='ltr'>nomine</span> <span class='ocrx_word' id='word_1_265' title='bbox 392 1938 448 1971; x_wconf 92' lang='lat' dir='ltr'>lhesu</span> <span class='ocrx_word' id='word_1_266' title='bbox 462 1938 530 1972; x_wconf 87' lang='lat' dir='ltr'>Christi</span> <span class='ocrx_word' id='word_1_267' title='bbox 544 1945 563 1973; x_wconf 93' lang='lat' dir='ltr'>vt</span> <span class='ocrx_word' id='word_1_268' title='bbox 578 1939 655 1973; x_wconf 88' lang='lat' dir='ltr'>fateatur</span> <span class='ocrx_word' id='word_1_269' title='bbox 667 1939 682 1973; x_wconf 91' lang='lat' dir='ltr'>si</span> <span class='ocrx_word' id='word_1_270' title='bbox 696 1939 772 1983; x_wconf 86' lang='lat' dir='ltr'>Sergius</span> <span class='ocrx_word' id='word_1_271' title='bbox 787 1939 851 1974; x_wconf 88' lang='lat' dir='ltr'>incesti</span> 
     </span>
     <span class='ocr_line' id='line_1_32' title="bbox 121 1991 850 2035; baseline 0.001 -8"><span class='ocrx_word' id='word_1_272' title='bbox 121 2005 140 2033; x_wconf 82' lang='lat'>30</span> <span class='ocrx_word' id='word_1_273' title='bbox 148 1992 233 2027; x_wconf 90' lang='lat' dir='ltr'>conscius</span> <span class='ocrx_word' id='word_1_274' title='bbox 248 1991 342 2026; x_wconf 81' lang='lat' dir='ltr'>habeatur,</span> <span class='ocrx_word' id='word_1_275' title='bbox 365 1991 470 2035; x_wconf 88' lang='lat' dir='ltr'>Respondit</span> <span class='ocrx_word' id='word_1_276' title='bbox 485 1991 545 2026; x_wconf 89' lang='lat' dir='ltr'>infans</span> <span class='ocrx_word' id='word_1_277' title='bbox 561 1992 696 2027; x_wconf 88' lang='lat' dir='ltr'>absolutissimo</span> <span class='ocrx_word' id='word_1_278' title='bbox 712 2004 803 2035; x_wconf 91' lang='lat' dir='ltr'>sermone,</span> <span class='ocrx_word' id='word_1_279' title='bbox 818 2005 850 2028; x_wconf 90' lang='lat' dir='ltr'>an-</span> 
     </span>
     <span class='ocr_line' id='line_1_33' title="bbox 148 2043 851 2085; baseline 0.001 -6"><span class='ocrx_word' id='word_1_280' title='bbox 148 2044 224 2080; x_wconf 90' lang='lat' dir='ltr'>tistitem</span> <span class='ocrx_word' id='word_1_281' title='bbox 240 2044 315 2078; x_wconf 89' lang='lat' dir='ltr'>affinem</span> <span class='ocrx_word' id='word_1_282' title='bbox 331 2043 413 2077; x_wconf 90' lang='lat' dir='ltr'>criminis</span> <span class='ocrx_word' id='word_1_283' title='bbox 428 2055 465 2077; x_wconf 95' lang='lat' dir='ltr'>non</span> <span class='ocrx_word' id='word_1_284' title='bbox 480 2055 532 2085; x_wconf 87' lang='lat' dir='ltr'>esse;</span> <span class='ocrx_word' id='word_1_285' title='bbox 553 2044 608 2078; x_wconf 91' lang='lat' dir='ltr'>nichil</span> <span class='ocrx_word' id='word_1_286' title='bbox 625 2045 676 2078; x_wconf 92' lang='lat' dir='ltr'>illum</span> <span class='ocrx_word' id='word_1_287' title='bbox 695 2057 792 2080; x_wconf 91' lang='lat' dir='ltr'>commune</span> <span class='ocrx_word' id='word_1_288' title='bbox 810 2058 851 2081; x_wconf 91' lang='lat' dir='ltr'>cum</span> 
     </span>
     <span class='ocr_line' id='line_1_34' title="bbox 149 2096 851 2142; baseline 0.003 -10"><span class='ocrx_word' id='word_1_289' title='bbox 149 2098 230 2132; x_wconf 85' lang='lat' dir='ltr'>secundo</span> <span class='ocrx_word' id='word_1_290' title='bbox 243 2107 289 2130; x_wconf 90' lang='lat' dir='ltr'>sexu</span> <span class='ocrx_word' id='word_1_291' title='bbox 300 2096 374 2130; x_wconf 88' lang='lat' dir='ltr'>habere.</span> <span class='ocrx_word' id='word_1_292' title='bbox 396 2096 494 2131; x_wconf 89' lang='lat' dir='ltr'>Aldelmus</span> <span class='ocrx_word' id='word_1_293' title='bbox 506 2097 566 2140; x_wconf 88' lang='lat' dir='ltr'>itaque</span> <span class='ocrx_word' id='word_1_294' title='bbox 578 2103 596 2132; x_wconf 92' lang='lat' dir='ltr'>et</span> <span class='ocrx_word' id='word_1_295' title='bbox 611 2099 633 2132; x_wconf 90' lang='lat' dir='ltr'>ab</span> <span class='ocrx_word' id='word_1_296' title='bbox 647 2098 705 2133; x_wconf 91' lang='lat' dir='ltr'>amico</span> <span class='ocrx_word' id='word_1_297' title='bbox 720 2099 807 2142; x_wconf 88' lang='lat' dir='ltr'>pontifice</span> <span class='ocrx_word' id='word_1_298' title='bbox 820 2101 851 2134; x_wconf 86' lang='lat' dir='ltr'>de·</span> 
     </span>
     <span class='ocr_line' id='line_1_35' title="bbox 148 2144 852 2195; baseline 0.004 -12"><span class='ocrx_word' id='word_1_299' title='bbox 148 2150 195 2195; x_wconf 87' lang='lat' dir='ltr'>pulit</span> <span class='ocrx_word' id='word_1_300' title='bbox 214 2149 314 2190; x_wconf 91' lang='lat' dir='ltr'>infamiam,</span> <span class='ocrx_word' id='word_1_301' title='bbox 330 2156 348 2183; x_wconf 91' lang='lat' dir='ltr'>et</span> <span class='ocrx_word' id='word_1_302' title='bbox 367 2148 401 2182; x_wconf 90' lang='lat' dir='ltr'>sibi</span> <span class='ocrx_word' id='word_1_303' title='bbox 420 2150 539 2183; x_wconf 87' lang='lat' dir='ltr'>accumulauit</span> <span class='ocrx_word' id='word_1_304' title='bbox 558 2150 640 2194; x_wconf 84' lang='lat' dir='ltr'>gratiam.</span> <span class='ocrx_word' id='word_1_305' title='bbox 685 2144 736 2186; x_wconf 85' lang='lat' dir='ltr'>Cum</span> <span class='ocrx_word' id='word_1_306' title='bbox 755 2158 816 2186; x_wconf 90' lang='lat' dir='ltr'>autem</span> <span class='ocrx_word' id='word_1_307' title='bbox 834 2152 852 2186; x_wconf 91' lang='lat' dir='ltr'>in</span> 
     </span>
     <span class='ocr_line' id='line_1_36' title="bbox 149 2202 853 2246; baseline 0.001 -8"><span class='ocrx_word' id='word_1_308' title='bbox 149 2202 225 2238; x_wconf 90' lang='lat' dir='ltr'>cenobio</span> <span class='ocrx_word' id='word_1_309' title='bbox 237 2213 271 2236; x_wconf 86' lang='lat' dir='ltr'>suo</span> <span class='ocrx_word' id='word_1_310' title='bbox 282 2202 379 2236; x_wconf 85' lang='lat' dir='ltr'>ecclesiam</span> <span class='ocrx_word' id='word_1_311' title='bbox 393 2207 456 2235; x_wconf 89' lang='lat' dir='ltr'>sancte</span> <span class='ocrx_word' id='word_1_312' title='bbox 470 2202 528 2236; x_wconf 87' lang='lat' dir='ltr'>Marie</span> <span class='ocrx_word' id='word_1_313' title='bbox 538 2209 658 2246; x_wconf 87' lang='lat' dir='ltr'>construeret,</span> <span class='ocrx_word' id='word_1_314' title='bbox 670 2205 718 2238; x_wconf 76' lang='lat' dir='ltr'>unau</span> <span class='ocrx_word' id='word_1_315' title='bbox 730 2205 808 2238; x_wconf 88' lang='lat' dir='ltr'>trabium</span> <span class='ocrx_word' id='word_1_316' title='bbox 821 2217 853 2240; x_wconf 90' lang='lat' dir='ltr'>ne·</span> 
     </span>
    </p>
   </div>
   <div class='ocr_carea' id='block_1_5' title="bbox 168 2271 656 2310">
    <p class='ocr_par' dir='ltr' id='par_1_6' title="bbox 168 2271 656 2310">
     <span class='ocr_line' id='line_1_37' title="bbox 168 2271 656 2310; baseline 0.004 -10"><span class='ocrx_word' id='word_1_317' title='bbox 168 2272 174 2291; x_wconf 81' lang='lat'>1</span> <span class='ocrx_word' id='word_1_318' title='bbox 184 2271 206 2302; x_wconf 89' lang='lat' dir='ltr'>At</span> <span class='ocrx_word' id='word_1_319' title='bbox 213 2273 240 2301; x_wconf 93' lang='lat' dir='ltr'>the</span> <span class='ocrx_word' id='word_1_320' title='bbox 247 2272 314 2307; x_wconf 91' lang='lat' dir='ltr'>bottom,</span> <span class='ocrx_word' id='word_1_321' title='bbox 322 2271 356 2301; x_wconf 90' lang='lat' dir='ltr'>MS.</span> <span class='ocrx_word' id='word_1_322' title='bbox 363 2271 397 2301; x_wconf 90' lang='lat' dir='ltr'>Tib.</span> <span class='ocrx_word' id='word_1_323' title='bbox 405 2272 434 2301; x_wconf 90' lang='lat' dir='ltr'>has</span> <span class='ocrx_word' id='word_1_324' title='bbox 441 2271 468 2300; x_wconf 92' lang='lat' dir='ltr'>the</span> <span class='ocrx_word' id='word_1_325' title='bbox 475 2271 557 2310; x_wconf 86' lang='lat' dir='ltr'>following</span> <span class='ocrx_word' id='word_1_326' title='bbox 563 2273 656 2310; x_wconf 85' lang='lat' dir='ltr'>Antiphon:</span> 
     </span>
    </p>
   </div>
   <div class='ocr_carea' id='block_1_6' title="bbox 148 2312 854 2677">
    <p class='ocr_par' dir='ltr' id='par_1_7' title="bbox 148 2312 854 2426">
     <span class='ocr_line' id='line_1_38' title="bbox 170 2312 854 2356; baseline 0.004 -10"><span class='ocrx_word' id='word_1_327' title='bbox 170 2312 235 2356; x_wconf 78' lang='lat' dir='ltr'>(Salue)</span> <span class='ocrx_word' id='word_1_328' title='bbox 243 2317 320 2353; x_wconf 89' lang='lat' dir='ltr'>splendor</span> <span class='ocrx_word' id='word_1_329' title='bbox 326 2326 372 2353; x_wconf 87' lang='lat' dir='ltr'>quem</span> <span class='ocrx_word' id='word_1_330' title='bbox 379 2317 447 2346; x_wconf 91' lang='lat' dir='ltr'>intendit</span> <span class='ocrx_word' id='word_1_331' title='bbox 455 2316 484 2345; x_wconf 88' lang='lat' dir='ltr'>flos</span> <span class='ocrx_word' id='word_1_332' title='bbox 490 2317 561 2347; x_wconf 89' lang='lat' dir='ltr'>Albanus</span> <span class='ocrx_word' id='word_1_333' title='bbox 568 2318 655 2349; x_wconf 86' lang='lat' dir='ltr'>martirum:</span> <span class='ocrx_word' id='word_1_334' title='bbox 667 2318 700 2347; x_wconf 89' lang='lat' dir='ltr'>eius</span> <span class='ocrx_word' id='word_1_335' title='bbox 707 2328 755 2355; x_wconf 88' lang='lat' dir='ltr'>prece</span> <span class='ocrx_word' id='word_1_336' title='bbox 762 2319 805 2348; x_wconf 89' lang='lat' dir='ltr'>cuius</span> <span class='ocrx_word' id='word_1_337' title='bbox 811 2318 828 2348; x_wconf 91' lang='lat' dir='ltr'>in</span> <span class='ocrx_word' id='word_1_338' title='bbox 838 2324 854 2349; x_wconf 87' lang='lat' dir='ltr'>te</span> 
     </span>
     <span class='ocr_line' id='line_1_39' title="bbox 148 2357 854 2426; baseline 0.004 -41"><span class='ocrx_word' id='word_1_339' title='bbox 148 2357 254 2426; x_wconf 51' lang='lat' dir='ltr'><strong>ffiffigamus</strong></span> <span class='ocrx_word' id='word_1_340' title='bbox 264 2357 342 2393; x_wconf 88' lang='lat' dir='ltr'>meritum,</span> <span class='ocrx_word' id='word_1_341' title='bbox 353 2365 394 2393; x_wconf 84' lang='lat' dir='ltr'>auge</span> <span class='ocrx_word' id='word_1_342' title='bbox 404 2361 475 2387; x_wconf 88' lang='lat' dir='ltr'>nostrum</span> <span class='ocrx_word' id='word_1_343' title='bbox 483 2360 499 2387; x_wconf 96' lang='lat' dir='ltr'>et</span> <span class='ocrx_word' id='word_1_344' title='bbox 506 2358 573 2395; x_wconf 90' lang='lat' dir='ltr'>adimple</span> <span class='ocrx_word' id='word_1_345' title='bbox 580 2359 622 2395; x_wconf 87' lang='lat' dir='ltr'>pium</span> <span class='ocrx_word' id='word_1_346' title='bbox 630 2358 728 2387; x_wconf 87' lang='lat' dir='ltr'>desiderium.</span> <span class='ocrx_word' id='word_1_347' title='bbox 750 2359 769 2389; x_wconf 95' lang='lat' dir='ltr'>V.</span> <span class='ocrx_word' id='word_1_348' title='bbox 777 2359 831 2389; x_wconf 87' lang='lat' dir='ltr'>Gloria</span> <span class='ocrx_word' id='word_1_349' title='bbox 838 2364 854 2389; x_wconf 93' lang='lat' dir='ltr'>et</span> 
     </span>
    </p>

    <p class='ocr_par' dir='ltr' id='par_1_8' title="bbox 149 2434 854 2677">
     <span class='ocr_line' id='line_1_40' title="bbox 170 2434 854 2480; baseline 0.006 -11"><span class='ocrx_word' id='word_1_350' title='bbox 170 2434 268 2479; x_wconf 83' lang='lat' dir='ltr'>Qucsumus,</span> <span class='ocrx_word' id='word_1_351' title='bbox 276 2441 378 2478; x_wconf 87' lang='lat' dir='ltr'>omnipotens</span> <span class='ocrx_word' id='word_1_352' title='bbox 385 2442 428 2478; x_wconf 86' lang='lat' dir='ltr'>deus,</span> <span class='ocrx_word' id='word_1_353' title='bbox 436 2446 453 2471; x_wconf 92' lang='lat' dir='ltr'>vt</span> <span class='ocrx_word' id='word_1_354' title='bbox 460 2442 501 2472; x_wconf 89' lang='lat' dir='ltr'>beati</span> <span class='ocrx_word' id='word_1_355' title='bbox 508 2442 565 2472; x_wconf 83' lang='lat' dir='ltr'>Albani</span> <span class='ocrx_word' id='word_1_356' title='bbox 572 2442 640 2471; x_wconf 84' lang='lat' dir='ltr'>martiris</span> <span class='ocrx_word' id='word_1_357' title='bbox 647 2442 669 2471; x_wconf 91' lang='lat' dir='ltr'>tui</span> <span class='ocrx_word' id='word_1_358' title='bbox 677 2442 749 2480; x_wconf 86' lang='lat' dir='ltr'>precibus</span> <span class='ocrx_word' id='word_1_359' title='bbox 756 2448 798 2473; x_wconf 90' lang='lat' dir='ltr'>tuam</span> <span class='ocrx_word' id='word_1_360' title='bbox 809 2444 854 2473; x_wconf 85' lang='lat' dir='ltr'>nobis</span> 
     </span>
     <span class='ocr_line' id='line_1_41' title="bbox 149 2480 853 2520; baseline 0.006 -11"><span class='ocrx_word' id='word_1_361' title='bbox 149 2480 225 2510; x_wconf 85' lang='lat' dir='ltr'>iusticiam</span> <span class='ocrx_word' id='word_1_362' title='bbox 233 2481 291 2518; x_wconf 90' lang='lat' dir='ltr'>placari</span> <span class='ocrx_word' id='word_1_363' title='bbox 298 2482 390 2520; x_wconf 66' lang='lat' dir='ltr'>senciamus</span> <span class='ocrx_word' id='word_1_364' title='bbox 399 2482 442 2512; x_wconf 88' lang='lat' dir='ltr'>cuius</span> <span class='ocrx_word' id='word_1_365' title='bbox 452 2482 521 2520; x_wconf 86' lang='lat' dir='ltr'>gloriosa</span> <span class='ocrx_word' id='word_1_366' title='bbox 529 2482 614 2512; x_wconf 87' lang='lat' dir='ltr'>certamina</span> <span class='ocrx_word' id='word_1_367' title='bbox 624 2482 701 2520; x_wconf 89' lang='lat' dir='ltr'>solempni</span> <span class='ocrx_word' id='word_1_368' title='bbox 710 2483 797 2514; x_wconf 85' lang='lat' dir='ltr'>deuocione</span> <span class='ocrx_word' id='word_1_369' title='bbox 805 2494 853 2514; x_wconf 91' lang='lat' dir='ltr'>uene-</span> 
     </span>
     <span class='ocr_line' id='line_1_42' title="bbox 150 2525 854 2602; baseline 0.009 -14"><span class='ocrx_word' id='word_1_370' title='bbox 150 2525 319 2590; x_wconf 41' lang='lat' dir='ltr'>raffliiiifiaerifeilssfrom</span> <span class='ocrx_word' id='word_1_371' title='bbox 326 2561 353 2591; x_wconf 91' lang='lat' dir='ltr'>the</span> <span class='ocrx_word' id='word_1_372' title='bbox 360 2561 406 2591; x_wconf 85' lang='lat' dir='ltr'>Vitae</span> <span class='ocrx_word' id='word_1_373' title='bbox 417 2562 432 2591; x_wconf 93' lang='lat' dir='ltr'>ll</span> <span class='ocrx_word' id='word_1_374' title='bbox 442 2563 474 2591; x_wconf 92' lang='lat' dir='ltr'>and</span> <span class='ocrx_word' id='word_1_375' title='bbox 485 2563 492 2592; x_wconf 96' lang='grc' dir='ltr'>Ι</span> <span class='ocrx_word' id='word_1_376' title='bbox 504 2562 520 2592; x_wconf 90' lang='lat' dir='ltr'>in</span> <span class='ocrx_word' id='word_1_377' title='bbox 530 2561 565 2592; x_wconf 94' lang='lat' dir='ltr'>Act.</span> <span class='ocrx_word' id='word_1_378' title='bbox 577 2561 607 2592; x_wconf 88' lang='lat' dir='ltr'>SS.</span> <span class='ocrx_word' id='word_1_379' title='bbox 616 2561 657 2593; x_wconf 94' lang='lat' dir='ltr'>Boll.</span> <span class='ocrx_word' id='word_1_380' title='bbox 669 2562 706 2601; x_wconf 86' lang='lat' dir='ltr'>May</span> <span class='ocrx_word' id='word_1_381' title='bbox 712 2562 740 2593; x_wconf 86' lang='lat' dir='ltr'>VI.</span> <span class='ocrx_word' id='word_1_382' title='bbox 748 2574 763 2602; x_wconf 90' lang='lat' dir='ltr'>p.</span> <span class='ocrx_word' id='word_1_383' title='bbox 771 2564 799 2601; x_wconf 71' lang='lat'>84:</span> <span class='ocrx_word' id='word_1_384' title='bbox 810 2573 854 2594; x_wconf 89' lang='lat' dir='ltr'>same</span> 
     </span>
     <span class='ocr_line' id='line_1_43' title="bbox 150 2600 853 2639; baseline 0.007 -10"><span class='ocrx_word' id='word_1_385' title='bbox 150 2603 211 2629; x_wconf 83' lang='lat' dir='ltr'>extract</span> <span class='ocrx_word' id='word_1_386' title='bbox 218 2600 234 2628; x_wconf 89' lang='lat' dir='ltr'>in</span> <span class='ocrx_word' id='word_1_387' title='bbox 242 2600 298 2630; x_wconf 90' lang='lat' dir='ltr'>Surius</span> <span class='ocrx_word' id='word_1_388' title='bbox 305 2601 336 2629; x_wconf 82' lang='lat' dir='ltr'>and</span> <span class='ocrx_word' id='word_1_389' title='bbox 344 2601 399 2630; x_wconf 85' lang='lat' dir='ltr'>Sarum</span> <span class='ocrx_word' id='word_1_390' title='bbox 407 2602 488 2639; x_wconf 89' lang='lat' dir='ltr'>Breviary.</span> <span class='ocrx_word' id='word_1_391' title='bbox 575 2601 581 2619; x_wconf 76' lang='lat'>³</span> <span class='ocrx_word' id='word_1_392' title='bbox 592 2602 609 2630; x_wconf 91' lang='lat' dir='ltr'>E.</span> <span class='ocrx_word' id='word_1_393' title='bbox 616 2611 652 2639; x_wconf 89' lang='lat' dir='ltr'>yue.</span> <span class='ocrx_word' id='word_1_394' title='bbox 737 2604 743 2620; x_wconf 82' lang='lat'>¹</span> <span class='ocrx_word' id='word_1_395' title='bbox 754 2604 805 2633; x_wconf 87' lang='lat' dir='ltr'>added</span> <span class='ocrx_word' id='word_1_396' title='bbox 812 2604 828 2633; x_wconf 95' lang='lat' dir='ltr'>in</span> <span class='ocrx_word' id='word_1_397' title='bbox 835 2605 853 2634; x_wconf 91' lang='lat' dir='ltr'>T.</span> 
     </span>
     <span class='ocr_line' id='line_1_44' title="bbox 149 2638 458 2677; baseline 0.01 -11"><span class='ocrx_word' id='word_1_398' title='bbox 149 2640 155 2657; x_wconf 78' lang='lat'>⁵</span> <span class='ocrx_word' id='word_1_399' title='bbox 167 2647 196 2667; x_wconf 86' lang='lat' dir='ltr'>om.</span> <span class='ocrx_word' id='word_1_400' title='bbox 205 2638 221 2667; x_wconf 91' lang='lat' dir='ltr'>in</span> <span class='ocrx_word' id='word_1_401' title='bbox 228 2639 246 2668; x_wconf 91' lang='lat' dir='ltr'>T.</span> <span class='ocrx_word' id='word_1_402' title='bbox 306 2638 312 2655; x_wconf 64' lang='grc' dir='ltr'><strong>θ</strong></span> <span class='ocrx_word' id='word_1_403' title='bbox 322 2639 339 2669; x_wconf 86' lang='grc' dir='ltr'>Τ.</span> <span class='ocrx_word' id='word_1_404' title='bbox 347 2650 387 2677; x_wconf 84' lang='lat' dir='ltr'>una;</span> <span class='ocrx_word' id='word_1_405' title='bbox 397 2640 414 2670; x_wconf 88' lang='lat' dir='ltr'>E.</span> <span class='ocrx_word' id='word_1_406' title='bbox 423 2641 458 2670; x_wconf 87' lang='lat' dir='ltr'>ima.</span> 
     </span>
    </p>
   </div>
   <div class='ocr_carea' id='block_1_7' title="bbox 0 0 894 2803">
    <p class='ocr_par' dir='ltr' id='par_1_9' title="bbox 0 0 894 2803">
     <span class='ocr_line' id='line_1_45' title="bbox 0 0 894 2803; baseline 0 0"><span class='ocrx_word' id='word_1_407' title='bbox 0 0 894 2803; x_wconf 95' lang='lat' dir='ltr'> </span> 
     </span>
    </p>
   </div>
  </div>
 </body>
</html>
