1762 2803
107 108 153 153 470
186 171 187 174 Ἴ
301 94 622 158 palatinorumque.

270 263 284 300 ‘ll
294 256 327 298 DE
335 273 405 297 SANCTO
414 255 515 299 GILsEnro
523 274 639 297 CONFESSORE
645 263 655 296 ¹.

143 346 215 380 Anctus
227 345 277 379 enim
290 346 388 389 Gilbertus,
399 346 418 381 in
431 346 471 381 loco
484 346 618 391 Sempingham
631 347 654 380 ab
667 345 731 380 incolis
745 350 814 388 vocato,

149 399 205 433 nobili
210 399 296 442 prosapia
301 403 360 441 ortus;
369 404 422 443 pater
430 399 469 433 eius
478 399 574 442 Iocelinus,
579 400 632 433 miles
640 399 741 441 strenuus²,
746 409 814 442 genere

111 451 234 493 normannus,
243 456 301 485 mater
309 453 382 485 natione
392 452 471 496 Anglica
478 452 516 487 fuit.
539 453 578 495 Cui,
586 452 694 497 priusquam
703 457 814 493 nasceretur,

110 504 170 540 visum
181 509 210 539 est
221 505 240 539 in
252 506 335 550 sompnis
347 507 396 549 quod
408 506 460 550 quasi
473 507 617 541 descendentem
631 517 642 540 a
653 504 741 549 supernis
752 505 814 539 lunam

93 572 101 601 5
110 558 222 602 suscepisset
230 560 249 592 in
258 560 324 592 sinum⁴
348 558 406 592 Natus
415 566 477 593 autem
487 570 535 603 puer.
542 565 622 600 sanctus,
630 559 649 593 in
658 560 713 592 domo
721 560 779 603 patris
787 560 814 591 sui

110 612 156 645 adeo
167 612 247 645 abiectus
258 612 325 645 mansit
335 613 384 655 quod
394 623 428 646 nec
436 613 498 646 famuli
508 613 575 646 domus
584 623 626 646 cum
638 623 660 645 eo
671 611 731 645 cibum
741 621 815 645 sumere

111 664 240 708 dignarentur:
260 664 354 709 Corporali
367 666 417 699 enim
431 665 540 708 sc[h]emate
553 664 692 709 incompositus,
704 671 722 698 et
736 665 815 698 incultus

112 724 155 752 erat.
172 717 246 751 Litteris
251 723 313 750 tamen
321 718 403 759 traditus,
408 724 426 752 et
434 729 499 761 parum
508 718 612 761 proficiens,
617 719 695 762 patriam
704 717 791 759 desernit,
798 723 816 750 et

112 770 217 805 liberalibus
232 769 251 803 in
267 769 326 805 Gallia
341 771 406 804 studiis
421 771 499 813 deditus,
514 772 596 814 magistri
616 782 684 804 nomen
703 775 721 804 et
738 771 815 814 gradum

85 837 104 857 10
113 824 180 857 habere
191 825 263 856 meruit.
286 823 307 856 In
320 823 407 866 Angliam
419 824 494 857 demum
506 824 585 864 rediens,
598 834 666 867 pueros
677 828 696 856 et
707 823 778 865 puellas
789 823 816 856 in-

113 876 190 911 struxit:
206 876 237 918 qui
248 875 303 918 primi
315 881 367 909 erant
379 875 398 909 in
411 876 477 920 quibus
490 877 534 909 ordo
548 875 729 920 sempinghamensis
743 875 816 909 initium

113 928 204 974 sumpsit:
218 940 265 972 quos
278 929 338 963 adhuc
351 929 439 964 secularis
450 936 467 964 et
479 930 520 974 ipse
533 941 570 964 non
583 930 642 964 solum
655 929 755 963 scolasticis
767 929 816 963 rudi-

114 984 186 1024 mentis,
195 983 228 1016 sed
237 987 254 1016 et
263 982 362 1016 moralibus
373 989 391 1016 et
399 984 504 1017 monasticis
512 983 589 1017 instituit
598 983 703 1027 disciplinis.
727 983 787 1016 Silere
797 984 815 1016 in

114 1035 197 1077 ecclesia,
209 1036 264 1068 simul
276 1035 328 1078 quasi
341 1036 360 1069 in
373 1037 479 1070 dormitorio
493 1035 578 1077 dormire,
591 1046 627 1069 non
640 1035 676 1069 nisi
688 1035 732 1069 locis
744 1036 817 1069 statutis

88 1100 105 1128 15
114 1089 163 1132 loqui
172 1093 190 1121 et
200 1088 267 1131 legere,
276 1099 308 1121 eos
319 1088 428 1122 informauit.
450 1089 481 1122 Ab
492 1089 567 1122 ineunte
578 1088 628 1121 enim
640 1093 688 1121 etate
699 1087 770 1121 animas
782 1089 817 1121 deo

114 1141 226 1182 lucrifacere,
242 1145 260 1174 et
278 1140 418 1184 quibuscunque
432 1146 504 1185 poterat
519 1142 575 1174 verbo
591 1146 609 1174 et
624 1150 679 1184 opere
695 1140 785 1184 proficere
800 1146 818 1174 et

114 1194 201 1237 exemplo
206 1195 304 1236 satagebat.
321 1193 411 1227 Preciosis
418 1199 436 1228 et
441 1195 508 1236 nitidis,
515 1194 616 1228 secundum
623 1193 709 1227 natalium
716 1191 817 1237 [ειιοῑυῐη]8

115 1247 285 1291 dignitatem‚vtens
294 1247 411 1289 indumentis,
416 1246 486 1281 iusticie
491 1252 509 1280 et
515 1247 596 1281 veritatis
603 1252 642 1280 erat
647 1252 727 1281 amator:
736 1247 818 1280 omnium

115 1300 150 1334 sibi
163 1299 245 1333 fauorem
258 1305 276 1332 et
290 1299 367 1342 gratiam
383 1300 500 1342 comparauit.
524 1299 568 1333 Eius
583 1300 663 1343 denique
678 1299 818 1332 conuersatione

88 1365 107 1386 zo
115 1351 200 1386 laudabili
213 1351 312 1385 delectatus
324 1357 377 1395 pater
384 1353 407 1386 ad
417 1352 504 1386 ecclesias
515 1353 538 1386 de
549 1353 682 1396 Sempingham
695 1358 713 1386 et
723 1352 819 1395 Tiringtoir

116 1417 158 1441 eum
166 1405 244 1439 multum
252 1405 363 1439 renitentem
371 1406 490 1450 presentauit.
513 1407 627 1450 Assumptus
637 1406 697 1449 itaque
705 1405 728 1439 ad
736 1405 818 1449 regimen

116 1461 224 1501 animarum,
232 1469 269 1492 vna
277 1469 318 1492 curn
327 1469 360 1492 suo
372 1459 466 1503 capellano
477 1460 496 1493 in
504 1460 559 1493 domo
570 1459 665 1492 cuiusdam
675 1459 780 1501 parochiani
791 1458 819 1493 sui

116 1511 218 1556 hospitatus
222 1510 234 1553 ⁴3
241 1522 283 1545 cum
290 1511 370 1555 [super]³
377 1512 435 1545 forma
440 1512 477 1546 filie
484 1512 566 1556 hospitis,
570 1523 605 1555 que
612 1512 628 1545 ei
634 1512 698 1545 sedulo
704 1511 819 1554 nrinistrauit,

117 1564 186 1598 occulta
196 1565 268 1607 utrique
277 1564 378 1607 surriperet
388 1566 477 1608 contagio,
488 1566 549 1599 uisum
560 1570 589 1598 est
600 1564 694 1598 Gilberto⁵
705 1564 724 1597 in
736 1564 820 1608 sompnis

90 1629 108 1658 25,
118 1617 166 1660 quod
174 1626 249 1648 manum
258 1626 311 1648 suam
319 1617 338 1648 in
346 1616 407 1649 sinum
415 1618 497 1660 predicte
505 1617 565 1659 puelle
573 1617 673 1659 iniecisset,
681 1627 715 1650 nec
725 1616 768 1650 inde
779 1627 819 1650 earn

117 1669 214 1703 extrahere
222 1673 291 1712 posset.
314 1667 347 1702 Vir
354 1668 409 1713 igitur
416 1669 530 1704 castissimus
537 1670 658 1704 vehementer
669 1680 801 1713 expauescens,
810 1681 820 1703 a

119 1725 158 1756 loco
174 1722 205 1754 illo
220 1720 307 1755 velociter
323 1731 343 1755 se
358 1722 455 1756 transtulit.
479 1722 519 1756 Hec
535 1721 585 1756 enim
599 1722 651 1766 virgo
666 1723 783 1766 postmodum
797 1723 820 1756 de

118 1782 191 1821 septem
198 1774 264 1818 primis
272 1779 311 1808 erat
318 1775 337 1807 in
346 1776 412 1818 quibus
419 1775 447 1809 vir
456 1780 530 1809 sanctus
539 1776 622 1809 ordinem
630 1776 727 1809 inchoauit.
773 1768 821 1821 Qui-

118 1831 160 1864 dam
172 1828 293 1873 parochianus
309 1839 354 1863 suus
370 1840 411 1863 cum
427 1830 450 1863 de
466 1829 543 1864 decimis
558 1829 631 1873 frugum
647 1840 722 1863 suarum
738 1829 820 1864 fraudem

91 1897 110 1924 30
118 1883 196 1924 fecisset,
205 1881 291 1925 compulit
298 1882 402 1916 Gilbertus⁶
408 1882 496 1915 rusticum
503 1882 553 1915 illum
560 1893 583 1915 ex
591 1881 666 1926 grangia
674 1882 748 1915 bladum
755 1882 820 1916 eiicere

119 1942 136 1970 et
148 1945 182 1979 per
193 1934 273 1977 singulas
284 1935 360 1978 garbas'·
369 1946 431 1968 coram
443 1946 463 1969 se
474 1945 582 1976 numerare,
594 1940 612 1968 et
623 1934 713 1968 decimam
723 1936 820 1978 partemin

118 1998 205 2022 acernum
217 1998 324 2030 congerens,
336 1987 354 2020 in
366 1988 427 2021 media
438 1988 498 2030 platea
510 1998 587 2020 accenso
599 1998 642 2030 rogo
653 1988 672 2019 in
682 1988 821 2021 detestationem

118 2041 164 2075 tanti
172 2038 254 2072 criminis
265 2044 283 2072 et
294 2045 383 2073 terrorem
395 2040 472 2073 aliorum
483 2040 566 2074 consumi
577 2039 624 2073 lecit.
669 2032 763 2085 Quicquid
772 2040 821 2074 enim

120 2099 182 2138 preter
189 2092 280 2136 stipendia
287 2091 324 2127 uite
333 2093 437 2127 necessaria
445 2093 512 2135 habuit,
518 2093 630 2137 pauperibus
638 2098 656 2127 et
665 2095 728 2136 egenis
737 2104 822 2137 errogare

92 2161 110 2190 35
120 2146 195 2181 curauit.
219 2145 300 2179 Gradum
316 2146 412 2179 sacerdotii
427 2147 502 2178 tandem
518 2146 601 2189 adeptus,
615 2145 716 2179 elemosine
731 2146 822 2190 largitioni

119 2200 217 2243 indulgens
229 2209 321 2243 pauperes
333 2198 387 2243 elegit
399 2209 476 2242 quorum
488 2203 591 2243 paupertas,
604 2198 668 2233 timore
681 2199 710 2233 dei
724 2200 792 2244 pariter
804 2206 822 2235 et

120 2264 187 2295 amore,
194 2259 243 2286 esset
251 2253 334 2286 honesta,
357 2253 433 2296 Septem
442 2252 523 2295 virgines
531 2264 541 2286 a
549 2252 626 2296 strepitu
635 2253 721 2286 mundiet
727 2254 822 2287 hominum

120 2311 197 2352 aspectu
210 2306 288 2349 inclusit,
302 2311 390 2350 precepta
402 2307 439 2340 vite
454 2307 500 2340 dans
516 2306 543 2340 eis
558 2312 576 2339 et
592 2306 700 2350 discipline,
716 2307 822 2341 monasterii

120 2359 225 2394 necessaria
239 2359 310 2392 edificia
321 2359 427 2400 construxit,
438 2359 537 2392 fenestram
547 2370 601 2392 unam
615 2365 709 2403 patentem
722 2370 756 2403 per
767 2370 822 2403 quam

140 2434 145 2450 ¹
157 2433 186 2462 Edi
193 2433 210 2461 iu
216 2432 251 2462 Act.
262 2433 290 2462 SS,
299 2433 339 2463 Boll.
347 2442 356 2468 4
364 2432 409 2462 Febr,
418 2433 429 2461 l.
440 2442 455 2469 p.
464 2441 493 2469 577
501 2433 541 2461 from
548 2443 557 2460 a
565 2432 598 2461 MS.
609 2432 649 2462 Rub.
656 2432 706 2461 Vallis
715 2434 747 2462 and
756 2434 823 2470 Capgr.;

120 2472 194 2510 abridged
201 2472 241 2501 from
249 2472 275 2502 the
280 2472 317 2502 Vita
324 2472 340 2501 in
348 2472 381 2502 MS.
389 2472 443 2509 Cleop.
449 2472 467 2502 B.
473 2471 485 2502 l,
491 2472 515 2503 ed.
524 2472 540 2501 in
548 2471 615 2502 Monast.
621 2472 668 2509 Angl.
674 2472 701 2504 Vt
707 2474 746 2510 946,
756 2474 824 2502 another

120 2513 475 2551 abridg·mentinA.SS.Boll.,Febr.p.576.
529 2512 564 2542 ²E.
572 2513 647 2543 strenuis
700 2513 824 2548 ³0m,;s0Vit.

121 2553 288 2590 ⁴T.hospitatussui.
349 2553 382 2582 ⁵T.
391 2552 473 2590 gileberto.
532 2551 564 2583 ῦΤ.
573 2553 662 2590 gilebertus.
720 2553 755 2583 7Ε.
763 2554 823 2590 gerbas
