1762 2803
137 121 181 174 380
329 119 409 171 mona
425 115 541 179 uramus
556 116 649 180 unalia

136 240 187 282 virgo
199 239 270 273 EIsseda
281 239 299 272 in
311 239 422 272 abbatissam
434 240 496 281 electa,
509 240 555 274 facta
567 245 595 273 est
607 239 687 283 simplex
696 244 716 274 vt
728 238 811 273 columba
824 245 842 274 et

136 291 218 337 omnium
228 293 318 324 bonorum
328 291 387 324 fructu
399 291 482 333 fecunda,
491 292 564 326 Christo
576 292 631 325 ihesu
644 292 714 334 dilecta,
723 291 753 335 qui
766 302 806 325 eam
818 293 841 325 ab

136 343 210 379 infantia
218 344 253 378 sibi
259 343 345 377 famulam
353 343 413 388 elegit.
436 343 482 387 Quis
489 344 538 378 enim
545 345 615 379 referre
624 349 684 389 potest
691 349 768 388 quantas
777 344 841 388 egenis

136 397 248 432 distribuerit
256 397 372 437 elemosinas,
381 403 495 440 quantasque
503 398 595 432 orationes
604 399 638 432 deo
646 397 718 439 fuderit,
726 402 841 441 quantasque

119 462 127 491 5
136 460 169 494 pro
180 455 296 493 peccatorum
307 460 381 483 suorum
393 455 411 483 et
421 449 481 483 omnis
492 449 569 485 ecclesie
579 451 667 484 catholice
677 447 787 484 remissione
797 450 841 484 effu-

136 502 183 536 derit
191 503 293 545 lachrimas,
299 508 316 536 et
323 508 391 547 quanta
398 503 428 536 illa
434 503 487 536 bonis
493 504 523 537 in¹
533 504 617 537 omnibus
624 503 690 538 etiam²
698 503 767 537 actibus
775 503 842 547 iugiter

135 556 220 590 institerit
231 556 337 590 curiositas?
361 556 418 589 Fama
429 556 520 599 siqnidem
530 557 616 590 virtutum
627 556 691 601 ipsius,
700 556 841 600 circumquaque

136 619 170 653 per
177 608 271 652 regionem
283 610 353 652 diffusa,
361 610 435 643 tandem
445 610 468 644 ad
477 620 531 644 aures
541 610 591 653 regis
601 610 691 654 peruenit,
700 615 717 643 et
727 610 750 643 ad
759 611 842 653 reginam

136 667 199 696 vocata
206 668 239 696 est.
262 662 303 703 Que
311 674 369 707 prope
378 663 479 696 thalamum
486 662 531 696 vidit
541 663 614 705 fontem,
623 674 688 706 aquam
696 663 757 696 vinam
767 664 842 696 scaturi-

109 725 127 748 10
136 719 208 750 entem:
224 715 247 749 ad
259 715 307 749 hunc
319 714 396 759 singulis
409 715 499 757 noctibus⁷
511 716 558 749 sicut
571 715 613 749 alibi
626 714 763 756 consueuerat³‚
776 714 842 748 ceteris

136 767 272 812 quiescentibus
285 768 368 801 secreto*
379 768 429 809 exiit,
441 772 460 802 et
472 769 522 801 nuda
535 768 604 802 fontem
617 768 693 809 intrans,
705 767 796 801 orationes
807 768 842 801 deo

85 829 88 837 ·
136 820 191 862 fudit3
207 822 273 855 deinde
285 831 366 861 reuersa,
378 832 432 855 mane
445 821 521 855 inuenta
534 820 592 855 estin
604 821 650 855 lecto
662 820 727 855 similis
739 819 842 861 dormienti,

136 880 223 915 tanquam
236 875 258 906 ab
270 884 292 906 ea
304 874 349 906 nihil
361 874 410 907 aliud
422 884 456 917 per
468 880 540 907 noctem
552 879 608 907 totam
620 879 680 907 actum
692 874 761 906 fnisset.
785 874 842 906 Nocte

136 933 197 962 autem
211 927 289 970 quadam
303 925 371 970 regina,
383 926 427 960 dum
441 936 532 970 somnum,
547 926 613 961 ceteris
626 925 765 968 dormientibus,
776 935 842 969 capere

110 988 128 1019 15
137 989 174 1014 non
182 984 251 1022 posset,
256 979 301 1013 vidit
309 980 399 1023 virginem
407 984 489 1013 sanctam
497 981 520 1014 de
529 980 608 1013 thalamo
616 980 674 1014 solam
683 979 744 1013 exire:
757 983 775 1012 et
782 978 843 1022 ipsam

137 1031 249 1078 impudicitie
261 1031 319 1076 gratia
330 1031 392 1067 exisse
402 1032 496 1075 estimans,
505 1031 626 1076 subsequitur.
651 1032 722 1066 Elsseda
731 1043 781 1074 vero,
790 1031 843 1076 signo

137 1085 196 1120 crucis
208 1097 228 1119 se
240 1085 331 1128 muniens,
340 1086 359 1119 in
367 1086 436 1119 fontem
447 1086 496 1119 nuda
507 1086 595 1129 prosiliit;
610 1092 627 1119 et
639 1085 707 1128 regina,
715 1086 755 1119 viso
767 1085 842 1118 forsitan

136 1139 197 1179 aliquo
208 1137 265 1180 signo,
276 1148 310 1180 pre
320 1137 376 1170 nimio
387 1143 462 1181 stupore
474 1143 536 1172 mente
548 1138 600 1180 quasi
612 1138 690 1171 alienata
699 1143 732 1180 est,
741 1142 759 1171 et
768 1147 843 1171 reuersa

137 1193 159 1225 ad
170 1190 270 1224 thalamum
282 1200 341 1233 suum,
349 1201 391 1224 cum
399 1201 465 1234 magno
473 1190 523 1224 vocis
531 1190 609 1234 strepitu
619 1190 741 1234 prosternitur
746 1189 757 1231 ⁵,
766 1195 784 1223 et
793 1190 843 1224 velut

109 1256 129 1277 κο
137 1243 227 1278 exanimis
237 1243 302 1277 effecta
312 1248 330 1277 et
340 1243 407 1287 pallida
418 1243 437 1277 in
447 1249 496 1277 terra
507 1243 569 1278 iacens
574 1243 585 1278 ⁰.
609 1244 692 1287 Cumque
703 1242 768 1288 virgini
780 1250 843 1278 sancte

137 1298 185 1342 quod
204 1297 305 1330 acciderat⁷
323 1296 410 1330 diuinitus
429 1301 480 1331 esset
502 1297 608 1340 reuelatum,
626 1297 644 1331 in
662 1302 731 1331 terram
752 1302 843 1340 prostrata

136 1349 206 1385 tamdiu
218 1349 319 1383 orationem
331 1360 373 1383 cum
383 1350 477 1383 lachrimis
486 1350 536 1392 fudit,
545 1351 603 1384 donec
614 1350 679 1394 regina
688 1351 769 1394 perfecte
781 1356 844 1384 sanata

137 1402 222 1437 surrexit.
245 1401 322 1436 Dicebat
338 1401 387 1436 enim
401 1404 475 1436 assidue
488 1402 538 1437 inter
553 1408 614 1437 cetera
626 1403 683 1438 verba
698 1402 783 1438 orationis
799 1414 842 1437 sue:

138 1455 231 1497 ‘Domine
243 1455 331 1499 dirigatur
344 1455 402 1489 oratio
415 1456 468 1490 meal
480 1455 499 1489 in
510 1461 609 1500 conspectu
621 1461 656 1496 tuo,
672 1461 690 1490 et
700 1467 723 1490 ne
736 1460 805 1490 statuas
818 1456 843 1489 illi

110 1521 128 1549 ²5
138 1509 186 1543 istud
202 1513 301 1550 peccatum,
316 1508 358 1550 quia
371 1511 429 1541 nescit
442 1508 485 1551 quid
501 1509 553 1542 fecit)
578 1502 687 1551 Prepositus
699 1520 751 1548 vnus,
766 1509 794 1541 cui
809 1520 843 1551 pre

138 1560 204 1594 ceteris
216 1571 260 1593 cura
274 1559 379 1593 monasterii
391 1560 450 1593 fuerat
461 1560 529 1601 collata,
542 1560 635 1594 collectam
647 1559 728 1594 omnium
740 1560 843 1595 reddituum

139 1612 210 1647 Elflede
219 1612 310 1646 abbatisse
318 1613 427 1646 seruandam
436 1612 537 1647 commisit:
550 1624 605 1656 quam
613 1613 653 1657 ipsa
662 1613 774 1656 pauperibus
782 1613 843 1647 statim

138 1664 235 1709 errogauit.
258 1664 304 1698 Cum
316 1670 377 1699 autem
387 1664 485 1709 pecuniam
496 1671 615 1700 memoratam
626 1667 649 1700 ab
661 1665 691 1700 illa
701 1667 813 1711 deposceret¹
825 1671 843 1701 et

138 1729 195 1763 super
203 1718 331 1762 dilapidatione
342 1719 433 1751 bonorum
442 1718 520 1752 ecclesie
530 1719 653 1763 redargueret,
661 1711 692 1753 illa
701 1721 724 1753 ad
735 1720 790 1752 deum
800 1731 842 1753 con-

111 1787 130 1816 30
138 1782 193 1807 uersa
198 1771 224 1805 sic
232 1771 299 1815 [orare]
306 1771 365 1815 Bcepit
372 1783 376 1805 ε
386 1774 389 1789 ‘
396 1771 451 1812 Deus,
458 1771 488 1815 qni
495 1778 560 1806 cuncta
566 1773 631 1806 creasti
637 1783 660 1807 ex
666 1773 727 1814 nihilo,
734 1777 752 1806 et
757 1772 843 1807 uniuersa

139 1831 173 1860 ate
178 1830 239 1859 creata
245 1824 352 1859 mirabiliter
357 1825 393 1859 tuis
399 1824 489 1859 mandatis
496 1825 570 1860 obedire
575 1826 637 1866 fecisti,
643 1826 743 1870 multiplica
748 1836 843 1869 supernos

138 1878 281 1913 misericordiam
293 1883 347 1919 tuam,
356 1882 374 1911 et
384 1888 409 1912 ne
420 1879 495 1913 deseras
506 1884 603 1924 sperantes
615 1879 633 1914 in
644 1884 667 1913 te.
691 1879 729 1925 Ego
740 1890 814 1924 semper
824 1879 842 1913 in

138 1938 156 1966 te
163 1933 242 1974 speram,
249 1943 283 1965 nec
289 1931 376 1965 fraudasti
382 1942 412 1964 me
419 1932 525 1966 adesiderio
532 1943 579 1966 meo.
602 1933 625 1966 Et
630 1943 679 1966 nunc
687 1933 714 1966 fac
722 1933 741 1966 in
749 1933 783 1965 hac
789 1943 844 1966 causa

138 1981 180 2018 ne¹⁰
186 1983 287 2017 confundar
292 1994 332 2026 ego.
355 1982 410 2023 Deus,
417 1983 447 2027 qui
452 1983 523 2027 perdita
528 1983 635 2029 mirabiliter
640 1990 732 2018 restauras
738 1983 754 2025 ¹¹,
761 1990 843 2018 restaura

111 2051 129 2081 ³5
138 2036 235 2081 pecuniam
241 2037 263 2069 ad
270 2037 359 2069 honorem
365 2037 445 2070 nominis
451 2037 477 2069 tui
484 2038 548 2081 egenis
555 2029 663 2081 errogatam.
681 2038 710 2071 Tu
716 2037 765 2071 enim
772 2038 842 2073 dixisti:

138 2089 203 2135 “quod
210 2089 242 2123 vni
251 2099 274 2123 ex
285 2088 365 2122 minimis
373 2089 420 2123 meis
431 2089 504 2132 fecistis,
513 2089 558 2123 mihi
566 2089 661 2124 fecistis.'’'
685 2090 745 2124 Finita
755 2092 842 2131 oratione,

138 2142 198 2191 loculi
204 2143 256 2187 prius
263 2142 320 2183 vacui,
328 2141 404 2185 pecunia
412 2142 462 2186 pleni
470 2142 539 2177 inuenti
548 2147 595 2177 sunt¹
639 2136 683 2179 Fuit
691 2144 756 2178 domus
764 2145 843 2188 quedam

138 2197 188 2230 iuxta
198 2195 322 2238 Romeseiam,
331 2195 350 2228 in
359 2206 395 2238 qua
402 2195 505 2229 vicecomes
517 2195 593 2240 negocia
603 2197 653 2241 regia
663 2199 751 2232 tractabat
762 2203 780 2231 et
790 2198 842 2232 lites:

138 2249 169 2294 qui
177 2250 287 2284 abbatissam
296 2248 386 2283 Eissedam
395 2248 441 2282 fictis
450 2244 610 2283 adinuentionibus
616 2251 698 2284 vexabat.
717 2250 774 2294 Virgo
782 2256 842 2285 autem

111 2320 131 2348 40
138 2307 206 2344 sancta,
217 2302 258 2336 fusa
269 2302 292 2335 ad
304 2302 359 2336 deum
370 2312 432 2345 prece,
440 2312 502 2336 coram
513 2301 619 2337 vicecomite
631 2304 654 2337 ad
666 2304 727 2337 omnia
738 2303 808 2337 obieeta
818 2304 843 2337 ita

138 2355 267 2397 respondebat,
279 2359 298 2388 vt
312 2364 382 2393 omnes
394 2353 442 2387 illius
458 2354 567 2396 sapientiam
581 2355 674 2397 mirantes,
685 2356 781 2389 laudarent
796 2365 843 2389 eam.

138 2408 185 2441 Cum
200 2411 262 2440 autem
277 2406 330 2441 annis
346 2405 408 2440 multis
423 2405 442 2439 in
457 2405 507 2439 omni
524 2406 619 2441 sanctitate
635 2407 691 2442 vitam
707 2409 742 2441 deo
757 2407 842 2451 placitam

158 2495 273 2525 lT.inbonis.
304 2495 399 2526 ²om.inT.
433 2495 467 2525 θΕ.
476 2500 564 2526 consuerat
597 2496 631 2527 4Τ.
640 2498 657 2527 L.
665 2497 766 2533 senemr.
777 2502 843 2528 secreta.

139 2536 291 2572 ⁵L.prostrataest.
324 2535 535 2566 tssolt.tnterrancormit.
569 2535 666 2567 ⁷T.accide.
701 2537 843 2572 ⁹meaom.inT.;

140 2574 353 2606 Bolladdsicutincensnm.
390 2576 547 2612 ⁹soT.;om.inE.
584 2577 595 2595 ¹⁰
606 2578 688 2609 L.vtnon.
700 2576 712 2596 ¹¹
723 2578 842 2608 E.restaurans.
