1762 2803
213 162 214 165 κ
233 126 279 183 bt
294 125 394 180 &aaut
409 125 509 178 attane.
694 143 720 185 μ

18 247 97 285 'vbertim
115 249 226 284 decidentes.
254 249 308 294 ‘Ego,
324 247 387 293 inquit,
405 248 504 292 dyabolum
527 248 604 293 abnego,
622 258 724 293 omnesque

19 302 87 338 Christi
98 303 178 338 detestor
187 303 281 345 inimicos;
297 302 315 337 in
327 302 377 337 illurn
387 304 470 343 credens,
479 302 504 336 illi
515 313 545 336 me
556 302 679 343 committens,
688 302 725 345 qui,

19 356 65 390 sicut
74 356 147 397 asseris,
159 367 169 391 a
179 356 255 391 mortuis
265 355 295 391 die
305 355 358 391 tertia
369 355 480 390 resurrexit!
503 355 551 390 Dicit
560 355 577 389 ei
589 355 724 399 Amphibalus:

20 409 83 442 ‘Forti
98 409 159 443 animo
174 414 225 444 esto:
244 409 330 444 dominus
345 414 406 443 tecum
421 414 455 451 est,
470 414 488 443 et
503 408 552 443 illius
567 408 625 453 gratia
640 418 677 442 non
692 407 724 442 tibi

20 461 78 496 deerit
92 473 178 506 unquam.
208 462 272 496 Fidem
291 473 345 506 quarn
361 462 416 496 ceteri
431 461 534 496 mortalium
550 461 624 495 homine
640 462 742 501 tradentes

19 514 116 558 percipere
122 520 229 549 meruerunt
234 515 245 556 ¹,
251 520 271 548 tu
279 525 316 549 non
324 515 346 548 ab
354 515 429 549 homine
435 525 495 559 neque
500 524 534 559 per
541 513 636 548 hominem
641 513 724 555 didicisti,

19 567 53 602 sed
59 579 93 612 per
99 567 230 603 reuelationem
237 568 293 603 Ihesu
299 567 372 603 Christi.
383 568 451 611 Quare,
456 568 493 603 iam
499 579 575 603 securus
582 568 605 602 de
611 573 630 602 te
636 567 724 610 redditus,

19 621 565 666 longiusiredispono,viamveritatisgentibusostensurus.’
588 621 725 665 ‘Nequaquam

20 673 78 717 inquit
86 674 174 715 Albanus,
180 675 212 708 sed
220 685 256 708 vna
264 674 329 709 saltem
337 675 441 720 septimana
448 685 523 709 maneas
529 674 578 720 apud
583 684 618 718 me,
623 680 643 709 vt
651 673 724 708 interim

20 727 76 761 fidem
81 727 154 771 plenius
159 728 258 763 instructus
264 730 372 773 agnoscam!
384 728 407 763 Et
413 728 480 763 facturn
485 734 513 763 est
518 729 547 762 ita.
586 720 724 763 Gentilisenim
735 738 753 759 io

20 780 94 823 quidam
106 782 129 814 ad
141 780 219 814 iudicem
231 781 331 824 ingressus,
345 782 393 824 quod
408 781 475 814 sactum
490 781 549 814 suerat
562 780 653 814 indicauit.
680 780 724 813 Mox

20 832 76 866 iudex
85 832 112 867 ira
120 838 222 867 commotus
229 833 323 867 Albanum
331 839 349 868 et
357 832 465 876 magistrum
473 831 521 866 illius
529 832 552 866 ad
558 842 579 866 se
584 831 637 866 iussit
642 831 713 866 euocari
720 845 725 867 ε

21 885 54 919 sed
63 885 175 929 Amphibalo
183 886 230 919 clam
237 886 341 928 recedente,
349 886 421 930 equites
429 896 470 920 cum
481 896 548 930 magna
557 895 612 919 manu
622 885 705 929 pediturn
715 895 725 919 a

20 937 80 971 iudice
91 938 148 979 missi,
160 939 250 973 illustrem
259 939 353 973 Albanum
365 939 384 972 in
394 938 456 972 habitu
468 937 571 982 peregrino,
581 937 635 972 nudis
647 937 725 981 pedibus

20 996 63 1025 ante
69 1002 142 1026 cmcem
150 991 219 1026 domini
227 991 313 1035 precibus
320 991 456 1026 incumbentem
465 991 571 1036 reperiunt;
583 991 726 1036 cateruatimque
736 1000 753 1030 15

20 1044 118 1086 irruentes,
133 1045 208 1078 vbinam
225 1051 275 1079 esset
288 1044 366 1079 clericus
383 1055 438 1089 quem
458 1049 564 1089 susceperat
578 1050 726 1089 percunctantur.

21 1097 92 1139 Quibus
106 1097 147 1141 ipse
156 1097 192 1144 ait:
210 1098 268 1133 ‘Ecce
281 1108 323 1132 cum
336 1098 371 1132 deo
384 1103 417 1139 est,
432 1097 484 1132 cuius
499 1097 580 1141 presidio
595 1098 726 1140 circumfultus

20 1149 81 1185 minas
96 1151 192 1186 hominum
207 1162 244 1186 non
259 1153 343 1186 veretur:
371 1151 407 1185 His
419 1151 492 1194 auditis,
505 1162 571 1186 manus
583 1150 600 1184 ei
613 1150 725 1193 iniecerunt;

21 1204 95 1247 rapitur,
111 1205 192 1245 trahitur,
205 1204 286 1248 dirisque
300 1204 379 1238 nexibus
395 1205 512 1238 cathenarum
524 1203 638 1246 constrictus,
652 1205 675 1238 ab
686 1204 725 1239 aliis

20 1257 108 1297 vestibus,
116 1259 139 1291 ab
148 1258 188 1291 aliis
197 1258 274 1292 trahitur
284 1262 302 1291 et
311 1257 386 1301 capillis.
409 1257 520 1291 Caracallum
531 1262 592 1291 autem
604 1256 685 1301 magistri
697 1257 725 1292 sui
734 1267 754 1290 ao

21 1308 56 1343 sibi
64 1311 168 1350 retinuerat,
176 1310 278 1345 certissime
286 1310 347 1345 sciens
354 1311 402 1354 quod
410 1320 447 1345 non
455 1310 508 1354 equis
517 1310 573 1344 oculis
582 1320 622 1344 eam
633 1311 725 1345 seuientes

21 1361 89 1395 inimici
97 1363 206 1406 aspicerent.
229 1363 269 1404 Qua
279 1363 358 1402 indutus,
365 1368 385 1397 vt
396 1373 417 1397 se
428 1373 503 1397 seruum
515 1361 573 1397 erucis
584 1362 645 1406 palam
656 1362 726 1397 cunctis

21 1415 126 1449 ostenderet
137 1415 210 1459 signum
222 1414 333 1450 dominicum
344 1414 410 1459 iugiter
420 1415 438 1449 in
446 1416 533 1449 'inanibus
542 1416 652 1459 preferebat.
671 1415 694 1450 Et
702 1416 725 1450 de

21 1468 83 1502 multis
89 1479 100 1503 a
105 1468 164 1503 iudice
170 1468 297 1514 interrogatus,
304 1479 371 1503 nomen
377 1479 431 1503 suurn
437 1472 508 1503 tantum
514 1467 586 1508 indicat,
594 1467 726 1503 Christianum-

21 1531 57 1564 que
69 1531 90 1555 se
101 1532 144 1555 esse
155 1521 212 1556 libera
222 1533 267 1557 voce
279 1522 381 1557 confitetur.
403 1521 437 1556 Cui
445 1521 501 1556 iudex
509 1522 583 1556 demum
591 1522 626 1556 ait:
638 1522 726 1563 ‘Albane
736 1532 753 1562 ²5

22 1573 98 1608 clericus
105 1574 136 1608 ille
143 1574 173 1609 vbi
182 1580 215 1617 est,
226 1574 256 1619 qui
267 1586 327 1619 nuper
337 1587 348 1609 a
357 1574 430 1609 Christo
442 1576 504 1609 nescio
515 1585 551 1619 quo
563 1575 599 1609 huc
610 1575 696 1617 directus,
707 1583 726 1611 vt

22 1626 92 1661 ciuibus
100 1628 168 1662 nostris
175 1628 259 1662 illuderet
267 1628 314 1662 hanc
322 1628 386 1662 vrbem
393 1628 470 1662 latenter
475 1628 570 1672 ingressus
577 1630 616 1663 est?
638 1628 659 1663 Si
665 1635 727 1663 reatus

22 1680 133 1715 conscientie
152 1692 195 1715 eum
213 1692 250 1715 non
266 1682 384 1721 remorderet,
400 1681 415 1715 si
431 1682 455 1715 de
470 1692 524 1716 cause
539 1692 572 1716 sue
588 1681 674 1725 qualitate
689 1693 726 1716 non

22 1733 119 1776 diffideret,
131 1739 197 1777 sponte
207 1745 227 1769 se
240 1734 308 1768 nostris
319 1734 411 1768 obtutibus
424 1734 537 1778 ingessisset,
548 1740 568 1770 vt
579 1746 613 1779 pro
624 1746 645 1769 se
656 1746 727 1780 suoque

22 1786 111 1830 discipulo
119 1787 207 1831 magister
215 1788 299 1830 egregius
307 1787 398 1830 allegaret.
420 1787 490 1821 Verum
498 1787 517 1820 in
525 1787 565 1821 eius
573 1787 654 1821 doctrina
659 1793 726 1832 quanta
735 1797 755 1826 ao

22 1838 93 1873 latuerit
101 1839 170 1874 salsitas
178 1844 281 1884 quantaque
289 1839 414 1873 fraudulentia.
422 1850 455 1873 suo
463 1840 538 1873 tandem
546 1840 631 1884 patefecit
636 1841 727 1885 exemplo,

22 1893 95 1935 quando
110 1903 153 1927 eum
166 1903 221 1937 quem
235 1893 254 1927 in
266 1903 321 1927 causa
331 1893 378 1927 tueri
392 1893 484 1934 debuerat,
495 1891 548 1927 inerti
560 1893 650 1928 resolutus
662 1894 727 1928 timore

22 1946 103 1979 deseruit
114 1951 133 1980 et
143 1946 216 1990 aufugit.
246 1946 287 1988 Qua
298 1946 317 1979 in
328 1956 354 1986 re,
362 1945 398 1979 nisi
409 1945 466 1986 fallor,
477 1944 522 1979 satis
533 1944 628 1979 euidenter
639 1945 727 1991 intelligis

22 2008 77 2042 quam
89 1999 137 2033 sdtuo
147 1999 216 2033 homini
224 1999 320 2043 prebueris
327 1998 346 2033 in
355 2010 418 2033 errore
425 2009 543 2040 consensum,
549 1999 600 2033 cuius
608 1998 695 2033 instinctu
702 2000 726 2033 ad

22 2056 91 2086 tantam
105 2053 201 2086 deuolutus
213 2063 234 2086 es
246 2053 336 2086 insaniam
351 2058 371 2086 vt
386 2053 447 2086 omnia
461 2063 497 2095 que
512 2052 575 2086 mundi
590 2057 633 2086 sunt
649 2058 726 2096 repente
735 2063 754 2095 35

23 2105 119 2139 desereres
127 2111 146 2139 et
153 2107 198 2139 deos
206 2116 283 2149 magnos
291 2106 360 2140 habere
368 2104 480 2149 contemptui
488 2115 525 2139 non
534 2105 614 2140 timeres.
636 2104 690 2140 Vnde
702 2116 726 2140 ne

23 2156 107 2193 iniuriam
123 2160 199 2193 deorum
212 2159 288 2192 inultam
300 2159 400 2202 preterisse
412 2159 512 2199 videamur,
525 2168 588 2192 eorum
600 2163 726 2202 contemptum

23 2210 41 2244 in
60 2222 106 2246 nece
125 2211 256 2256 contemptoris
274 2211 342 2255 placuit
356 2211 455 2246 vindicare.
481 2211 519 2246 Sed
535 2211 577 2255 quia
590 2221 645 2245 nemo
656 2217 684 2246 est
696 2211 726 2256 qui

23 2264 60 2298 salli
73 2275 110 2299 non
123 2265 188 2309 possit,
202 2275 265 2300 eorum
279 2264 348 2309 poteris
361 2264 506 2308 indignationem
517 2263 617 2308 penitendo
628 2264 727 2300 declinare.

23 2317 106 2358 Quorum
119 2319 196 2361 gratiam
208 2317 349 2362 promereberis,
360 2318 376 2351 si
386 2318 420 2351 hec
429 2323 479 2351 secta
490 2317 639 2361 nephandissima
650 2317 705 2352 luerit
716 2329 756 2362 a40

22 2374 41 2404 te
53 2370 126 2414 penitus
141 2372 247 2415 segregata.¹
276 2371 380 2414 Respondit
392 2370 487 2404 Albanus:
506 2369 577 2404 ‘Verba
588 2374 624 2411 tua,
640 2382 651 2405 o
666 2370 727 2415 iudex,

23 2423 88 2465 quibus
105 2424 175 2458 diucius
192 2424 287 2466 insudasti,
298 2435 353 2468 quam
369 2434 417 2457 vana
435 2423 472 2456 sint
490 2428 509 2457 et
526 2423 625 2467 superflua,
645 2424 690 2458 satis
707 2425 727 2459 in

23 2482 110 2521 promptu
120 2482 152 2512 est.
176 2477 257 2512 Clericus
266 2477 321 2519 enim,
329 2477 344 2511 si
355 2477 429 2518 bonum,
437 2475 453 2510 si
463 2476 506 2510 vtile
515 2476 614 2518 videretur,
622 2477 638 2511 si
648 2478 727 2522 denique

23 2528 106 2575 utrique²
116 2535 200 2565 nostrum
210 2530 260 2566 cordi
270 2535 325 2573 esset,
334 2530 357 2566 ad
368 2528 461 2565 vestram³
472 2529 534 2574 vtique
545 2530 656 2568 audientiam
666 2542 727 2566 occur·

69 2593 75 2612 ¹
85 2593 116 2625 Vit.
123 2599 243 2625 consueverunt.
338 2594 345 2612 ²
355 2594 373 2624 E.
379 2598 450 2632 vterque.
550 2594 556 2613 ³
567 2595 585 2625 E.
592 2600 666 2625 nostram.
