1762 2803
258 113 304 170 bt
319 110 406 166 &trun
422 110 476 169 bo·
492 109 609 166 motato
742 126 783 171 341

81 237 117 270 deo
133 235 241 276 effunderet,
256 239 323 277 petens
338 239 357 268 vt
374 239 468 277 acceptam
484 234 560 268 haberet
578 232 686 267 seruitutem
701 242 754 267 snam
769 238 787 266 et

82 287 158 321 fratrum
174 297 255 328 suorum,
267 291 286 320 et
302 285 377 320 nomina
390 297 454 319 eorum
468 284 487 319 in
501 285 547 319 libro
560 284 597 319 vite
610 284 740 319 conscriberet.
763 284 787 318 Et

82 340 129 374 iacta
142 344 171 374 est
185 340 209 374 ad
222 349 265 375 eum
277 350 315 374 vox
330 339 354 374 de
369 338 413 380 celo,
426 339 501 373 dicens:
519 338 643 381 ‘Consertare
655 338 687 381 fili,
700 338 786 383 quoniam

82 393 168 429 exaudita
178 399 206 429 est
216 394 322 437 deprecatio
332 399 374 429 tua:
387 398 405 427 et
415 392 490 428 nomina
500 392 579 428 tilionim
590 398 669 435 tuorum,
677 401 711 437 pro
721 391 788 437 quibus

81 447 155 490 rogasti,
164 446 183 480 in
195 447 239 481 celis
251 447 320 491 scripta
330 452 378 481 sunt.
401 446 440 480 Soli
452 445 501 481 enirn
513 447 550 480 duo
562 447 585 480 de
596 456 673 480 numero
684 445 756 479 illorum
766 444 785 478 in
795 454 804 486 5

81 504 131 532 terra
144 498 207 542 scripti
221 503 269 541 sunt,
283 499 325 543 quia
338 509 370 532 eor
384 508 448 532 eorum
463 509 474 532 a
487 504 603 533 terrenorum
616 508 679 532 amore
693 507 787 542 nunquam

81 551 169 586 recessit'
193 551 232 586 Nec
247 552 305 586 multo
320 557 361 597 post
377 552 413 585 duo
428 551 520 595 conuersi,
535 551 599 585 relicto
613 551 684 595 ordine,
696 551 753 585 vitam
767 550 786 584 in

82 605 145 638 seculo
154 604 223 639 misere
233 605 325 638 finierunt.
371 597 421 640 Cum
433 609 494 638 autern
507 614 541 648 per
549 604 712 638 Nouum-castrum
720 603 787 638 transi·

82 663 121 692 tum
133 658 207 699 laceret,
215 658 264 691 inter
275 658 363 691 iuuenum
374 657 446 700 copiam
459 657 553 691 hominem
564 657 614 692 videt
625 656 702 691 mirabili
714 656 787 691 curiosi-

81 715 118 744 tate
127 710 162 744 huc
170 715 188 744 et
196 710 238 744 illuc
246 710 372 753 discurrendo,
379 710 451 755 procaci
459 710 509 743 vultu
517 709 601 752 blandiri,
606 715 624 743 et
630 709 682 754 quasi
690 711 786 753 negocium
799 718 816 740 ιο

82 762 159 795 arduum
174 762 292 806 suggerere¹.
322 762 345 795 Et
364 761 484 796 considerans
498 762 527 796 vir
542 762 571 795 dei
590 773 627 795 non
646 772 689 796 esse
708 761 787 795 hominis

82 813 167 856 officium,
175 816 208 849 sed
220 814 288 849 inimici
300 814 404 857 ludibrium,
412 815 482 859 potenti
492 815 558 849 virtute
568 815 668 850 verborum
679 813 759 859 imperat
768 820 787 849 vt

82 867 188 902 societatem
196 868 246 901 illam
256 867 361 911 quantotius
372 867 473 911 relinquat3
485 867 549 901 ‘Heus
556 873 581 910 tu,
589 867 653 911 inquit,
661 866 787 908 calamistrate,

82 931 118 954 non
129 932 150 955 es
158 920 203 955 viris
214 920 249 954 illis
260 921 387 955 necessarius:
399 922 466 955 recede
473 920 566 962 velociter,
574 927 592 955 et
601 931 680 965 sequere
687 922 728 956 me?
752 920 787 963 Qui

83 973 144 1009 statim
155 974 237 1009 demisso
244 974 295 1008 vultu
306 973 377 1009 abbatis
384 973 461 1018 vestigia
472 983 507 1018 per
517 974 575 1008 lutum
587 973 696 1018 platearum,
703 973 753 1009 velut
764 974 787 1008 ad
798 982 815 1014 ¹⁵

82 1027 150 1061 caudas
156 1037 245 1070 equorum
251 1027 322 1070 ligatus,
328 1027 398 1061 cunctis
405 1026 482 1061 mirabili
490 1032 566 1071 stupore
572 1026 663 1070 perculsis
670 1027 788 1070 sequebatur.

83 1079 105 1113 ln
113 1078 220 1113 diuerticulo
230 1080 338 1113 semitarum
345 1084 398 1113 extra
405 1080 470 1114 vrbem
478 1079 524 1114 dixit
532 1078 549 1113 ei
555 1079 584 1114 vir
592 1078 632 1114 dei:
644 1079 701 1122 ‘Quis
709 1085 762 1119 estu,
770 1085 788 1113 et

83 1131 126 1176 quid
140 1142 182 1167 cum
197 1131 301 1167 hominibus
316 1131 353 1166 illis
366 1132 478 1167 tractabas?’
501 1132 524 1166 Et
537 1131 579 1166 ille:
596 1131 652 1174 ‘Quis
665 1142 713 1174 sum,
724 1131 788 1177 inquit,

83 1186 131 1219 bene
138 1185 191 1226 nosti,
200 1191 218 1218 et
225 1196 282 1229 opera
290 1196 332 1219 mea
339 1196 377 1219 non
384 1190 403 1219 te
411 1185 472 1220 latent.
496 1185 564 1230 Nuptie
572 1196 613 1219 curn
621 1195 689 1230 magna
699 1195 767 1230 pompa
777 1196 788 1219 a

83 1237 170 1273 diuitibus
179 1243 243 1282 parate
250 1238 269 1272 in
277 1238 317 1273 vico
325 1238 356 1272 illo
364 1238 492 1281 celebrantur;
503 1249 612 1283 parauerarn
620 1243 638 1273 et
649 1249 684 1283 ego
695 1239 788 1283 quomodo
798 1248 817 1270 πο

83 1301 163 1333 sponsus
171 1291 189 1324 in
197 1290 280 1324 conuiuio
288 1292 311 1324 ab
317 1292 384 1325 emulis
392 1291 431 1324 suis
439 1291 511 1325 occisus
518 1297 586 1333 rueret,
591 1297 609 1325 et
616 1291 705 1335 indignati
710 1291 788 1325 conuiue

82 1344 101 1377 in
115 1344 203 1377 vltionem
217 1343 281 1388 sponsi
293 1343 407 1385 festinarent,
419 1349 437 1377 et
452 1344 479 1377 ira
492 1349 510 1378 et
526 1343 614 1379 ebrietate
627 1343 713 1386 excecati,
725 1349 789 1378 mutua

84 1397 129 1431 cede
143 1396 195 1430 multi
210 1395 304 1441 perirent;
322 1396 403 1432 futurum
415 1396 470 1432 etiam
482 1402 501 1431 vt
513 1397 558 1432 vrbs
573 1396 592 1431 in
606 1397 716 1432 seditionem
728 1407 788 1438 versa,

82 1449 190 1484 intestinum
201 1450 270 1483 bellurn
281 1449 375 1492 conflaret,
391 1461 425 1494 per
436 1450 484 1495 quod
496 1450 595 1484 multorum
608 1449 669 1484 anime
685 1449 733 1484 cesis
748 1461 788 1484 cor-

82 1503 158 1547 poribus
168 1502 187 1536 in
195 1508 265 1537 sortem
273 1508 357 1537 nostram
365 1503 479 1538 deuenirent.
503 1503 591 1538 Putabam
602 1513 632 1537 me
643 1502 729 1548 gaudium
739 1513 787 1548 mag-
797 1513 816 1544 25

83 1567 128 1590 num
139 1557 163 1590 de
175 1557 241 1599 adepta
250 1556 326 1589 victoria
336 1556 424 1599 magistro
434 1566 476 1589 meo
486 1555 585 1590 nunciare:
597 1566 646 1590 nunc
656 1555 745 1599 dissipato
755 1566 790 1599 per

83 1613 101 1641 te
113 1607 188 1641 consilio
199 1617 241 1641 meo
249 1617 318 1641 vacuus
329 1609 391 1649 redeo,
400 1612 418 1641 et
429 1607 489 1641 inanis
500 1608 577 1642 recedo!
599 1607 633 1641 Vir
643 1612 704 1642 autem
714 1608 789 1649 domini,

83 1660 171 1695 malitiam
181 1660 231 1694 illius
240 1669 336 1701 execrans,
343 1660 428 1704 precepit
438 1661 457 1695 in
469 1660 544 1695 nomine
554 1659 629 1702 domini,
637 1665 657 1694 vt
666 1660 740 1694 deserta
749 1660 790 1694 loca

83 1717 155 1758 petens,
160 1712 236 1747 ulterius
244 1712 350 1747 hominibus
357 1712 435 1748 illudere
443 1724 479 1747 non
487 1718 609 1758 presumeret
630 1712 661 1747 Ad
670 1713 717 1748 hanc
723 1724 789 1748 vocem

83 1766 191 1811 liquefactus
202 1765 287 1800 inimicus
298 1765 376 1809 euanuit,
385 1772 403 1800 et
414 1771 485 1801 tantum
496 1771 538 1810 post
548 1777 569 1801 se
579 1767 674 1801 horrorem
685 1765 762 1811 reliquit,
770 1772 789 1801 vt
797 1775 817 1805 30

83 1818 131 1863 equi,
144 1819 221 1861 hinnitu,
233 1818 313 1862 fremitu,
325 1824 343 1854 et
356 1820 466 1863 vngularum
479 1819 560 1855 fossione
573 1818 672 1862 sepientes,
683 1818 715 1854 vix
727 1831 738 1854 a
750 1830 789 1854 ses-

84 1872 156 1907 soribus
163 1873 202 1905 suis
210 1877 294 1916 poterant
301 1872 387 1907 coerceri.
427 1866 515 1917 Quadam
521 1877 581 1907 autem
588 1872 690 1906 noctevidit
696 1872 789 1906 diabolum

84 1935 137 1960 secus
144 1924 237 1959 introitum
244 1924 295 1959 chori
301 1924 408 1968 consistere,
413 1925 511 1968 volentem,
517 1924 550 1960 sed
558 1935 595 1960 non
602 1924 700 1966 valentem,
706 1923 789 1960 introire.

84 1978 129 2012 Erat
140 1983 202 2012 autern
212 1977 263 2022 quasi
274 1977 353 2012 rusticus
362 1978 470 2020 succinctus,
481 1978 536 2013 nudis
547 1983 566 2012 et
577 1977 637 2022 longis
648 1976 702 2020 tibiis,
712 1983 790 2022 portans

84 2031 102 2065 in
108 2037 160 2076 tergo
167 2031 279 2075 sportellam,
284 2031 334 2075 ligno
340 2036 383 2066 ante
389 2036 454 2075 pectus
460 2031 534 2065 funibus
539 2030 642 2075 innex[am]
648 2030 659 2065 ².
672 2030 695 2065 Et
700 2031 789 2075 producto
798 2039 817 2070 35

83 2084 135 2126 collo,
143 2088 202 2118 rotatu
213 2083 307 2118 oculorum
319 2084 368 2128 cepit
376 2084 452 2119 chorum
461 2084 543 2125 circuire,
551 2089 569 2118 et
580 2089 632 2119 acuto
640 2084 705 2119 intuitu
713 2090 790 2119 cunctos

85 2138 207 2177 considerare,
219 2137 234 2170 si
250 2136 294 2179 quid
308 2136 343 2170 sibi
356 2137 453 2180 placitum³
464 2137 549 2171 inuenire
564 2138 659 2180 potuisset
681 2137 725 2170 Viro
740 2137 789 2170 enim

84 2188 114 2225 dei
126 2189 223 2225 instantius
235 2194 304 2232 orante,
316 2194 334 2223 et
346 2189 412 2224 fratres
423 2200 434 2225 a
445 2196 519 2234 torpore
531 2190 628 2233 excitante,
639 2190 683 2224 dum
694 2189 790 2234 improbus

85 2244 190 2287 explorator
200 2242 231 2277 diu
243 2242 310 2277 frustra
321 2249 423 2287 expectans
436 2243 481 2278 nihil
493 2243 597 2288 proficeret,
608 2254 651 2277 cum
663 2242 790 2288 indignatione

85 2297 175 2332 recedens
183 2296 259 2330 chorum
267 2306 399 2331 conuersorum
406 2297 505 2342 diligenter
511 2297 603 2333 intuetur:
615 2296 631 2331 si
639 2307 694 2341 quem
702 2307 789 2341 sompno·
797 2306 818 2337 40

84 2351 155 2384 lentum
162 2349 218 2392 videt,
226 2348 353 2383 cachinnando
361 2350 484 2395 contempnit,
496 2350 512 2385 si
520 2361 575 2395 quem
583 2350 643 2385 noxiis
651 2349 790 2395 cogitationibus

84 2408 198 2446 occupatum,
213 2401 255 2435 huic
269 2406 307 2435 toto
322 2407 388 2436 conatu
403 2402 505 2447 tripudians
520 2402 619 2446 applaudit.
647 2402 727 2437 Demum
741 2402 791 2437 inter

85 2454 164 2490 nouitios
176 2454 262 2489 iuuenem
276 2454 363 2499 repperit,
374 2455 430 2490 corde
443 2455 466 2490 ad
479 2454 542 2489 illicita
552 2454 647 2499 vagante⁴‚
658 2454 698 2489 solo
712 2465 790 2500 corpore

104 2527 218 2567 ‘lauggere
268 2526 302 2560 ²T.
310 2528 328 2561 E.
336 2528 401 2560 innexo.
449 2529 507 2562 ’nt
515 2529 598 2570 placidum,
606 2530 623 2561 l..
631 2539 661 2561 oni.
669 2529 703 2561 sibi.
753 2528 789 2561 ¹1⁵.

85 2578 163 2609 uagante;
173 2570 191 2601 E.
198 2573 287 2609 vagantem.
