1762 2803
117 138 145 182 70
307 123 386 175 thuna
402 120 518 183 lentona
533 119 626 181 annito

116 243 196 279 Proinde
208 244 231 278 ad
244 243 318 279 celestia
329 244 432 286 tendentes,
445 242 493 276 inter
505 241 593 286 pestifera
603 240 667 275 mundi
676 239 731 274 huius
742 240 817 284 negocia

116 304 221 332 sanctorum
240 308 315 341 semper
333 296 425 330 consortia
444 295 535 329 amabant.
580 287 719 337 Primogenitus
738 304 817 337 namque

116 353 164 393 Ado,
179 355 244 385 cuncta
259 349 323 384 mundi
338 349 392 383 huius
408 348 501 383 obstacula
516 352 649 391 contempnens
665 352 683 381 et
698 348 817 380 monasticam

116 404 172 439 vitam
180 408 275 447 appetens,
284 402 415 436 monasterium
427 400 549 435 iordanensel
556 411 613 443 super
623 399 698 433 ssuuium
707 400 790 433 Materne
799 400 817 433 in

100 457 192 501 5proprio
205 457 244 489 solo
258 456 359 489 secundum
373 454 455 497 regulam
468 454 525 487 sancti
539 453 652 493 Columbani,
666 453 763 487 adiuuante
777 464 818 496 ger-

117 520 171 543 mano
186 519 219 542 suo
231 507 326 548 Audoeno,
338 507 445 541 construxit.
469 506 519 540 Bado
532 517 576 541 vero
590 505 718 540 thesaurorum
729 505 818 548 regalium

117 571 200 596 summus
210 566 317 603 procurator
327 560 408 600 effectus,
419 565 482 592 sancte
493 564 554 592 tamen
564 558 647 602 religioni
658 559 742 592 subditus
753 565 771 592 et
781 559 818 592 ele-

117 612 193 645 mosinis
202 612 289 654 intentus,
296 612 344 645 iuste
354 617 372 645 et
382 611 413 655 pie
420 612 476 645 vitam
487 612 554 644 ducere
566 610 640 645 curauit.
685 604 767 646 Sanctus
775 622 819 644 vero

117 665 224 708 Audoenus,
230 669 352 709 cognomento
358 665 415 707 Dado,
420 664 523 698 auricularii
528 664 535 683 ²
541 664 601 697 locum
607 664 626 697 in
632 664 674 697 aula
680 663 730 708 regis
738 664 819 706 sortitur,

90 730 109 750 10
117 724 135 754 et
148 720 171 753 ad
185 719 274 762 signanda
287 718 354 762 scripta
365 718 395 752 vel
407 718 466 752 edicta
477 717 550 761 regalia,
562 727 640 761 quorum
652 716 692 761 ipse
706 717 820 761 conscriptor

118 777 161 815 erat,
170 772 250 816 sigillum
257 772 287 807 vel
297 772 372 805 anulum
383 771 432 815 regis
442 771 560 805 custodiebat.
583 771 628 805 Erat
638 776 699 805 autem
710 782 766 805 sensu
778 782 820 815 pro·

118 826 190 867 fundus,
197 824 268 869 eloquio
276 824 367 868 copiosus,
374 823 449 858 consilio
457 823 551 868 prouidus,
558 823 640 868 corporis
649 829 718 858 statura
726 835 820 868 procerus,

117 880 168 914 vultu
182 880 265 921 decorus,
279 884 298 912 et
312 882 355 912 ante
370 877 431 911 omnia
444 878 463 911 in
479 877 547 911 Christi
563 877 650 911 charitate
665 877 761 919 fundatus3
781 877 820 922 regi

119 932 208 974 amabilis,
219 937 238 965 et
251 931 321 965 cunctis
332 931 446 975 principibus
459 930 570 965 venerabilis
584 936 627 965 erat.
650 930 735 975 Denique
747 931 820 965 assidue

93 997 110 1025 15
120 996 183 1028 regem
197 985 265 1017 hortari
279 985 348 1017 solebat
360 990 379 1018 vt
393 995 456 1026 regem
470 985 551 1017 omniurn
565 984 663 1024 Christum,
676 984 789 1018 conditorem
802 989 821 1017 et

120 1038 257 1080 redemptorem
268 1046 327 1077 suum,
339 1036 379 1069 sine
391 1047 427 1079 quo
440 1036 500 1068 nuilus
510 1036 558 1069 iuste
570 1041 635 1080 regnat
644 1036 673 1069 vel
685 1036 769 1079 imperat,
781 1036 820 1069 dili-

119 1091 186 1134 gend0,
197 1089 283 1131 timendo,
293 1089 400 1131 cunctisque
412 1088 481 1121 domini
492 1088 582 1122 mandatis
594 1089 696 1123 obediendo
707 1089 737 1133 pie
748 1089 820 1131 coleret,

120 1142 243 1177 subiectorum
251 1152 271 1175 se
282 1141 392 1185 populorum
404 1142 473 1175 socium
483 1142 541 1186 magis
552 1152 607 1185 quam
619 1141 713 1175 dominum
723 1141 821 1182 estimaret,

120 1194 197 1230 subditis
216 1199 304 1239 parceret,
320 1195 411 1239 superbos
428 1194 533 1236 debellaret,
549 1194 667 1238 pauperibus,
683 1194 821 1239 peregrinis,et

93 1261 112 1281 20
119 1249 179 1284 viduis
186 1248 308 1292 omnibusque
316 1248 445 1282 necessitatem
452 1247 564 1292 patientibus
571 1247 602 1290 pie
610 1248 722 1282 subueniret.
753 1241 821 1292 Fulge-

120 1303 150 1337 bat
162 1307 180 1336 et
190 1301 258 1335 sodalis
270 1301 310 1334 eius
321 1301 340 1333 in
352 1302 394 1334 aula
406 1301 461 1345 regis,
473 1301 547 1334 nomine
559 1300 634 1344 Eligius,
646 1311 700 1344 quern
711 1306 731 1334 vt
742 1300 822 1334 animam

120 1365 172 1389 suam
180 1355 271 1398 diligebat.
295 1354 330 1387 His
339 1365 390 1388 amor
397 1365 445 1388 vnus
453 1359 498 1394 erat,
506 1364 537 1387 cor
544 1364 601 1388 vnum
610 1359 628 1388 et
636 1354 697 1387 anima
703 1365 749 1395 vna3
762 1355 784 1388 ab
793 1355 822 1388 his

120 1409 180 1442 cuncti
194 1408 306 1441 Francorum
319 1418 406 1450 proceres
419 1407 505 1450 exempla
516 1408 618 1448 sumebant,
630 1413 648 1441 et
659 1407 727 1441 monita
740 1407 822 1442 doctrine
849 1443 854 1452 ,

121 1461 205 1495 salutaris
220 1461 334 1494 hauriebant.
357 1461 406 1503 Sepe
422 1471 502 1503 namque
516 1461 617 1494 Audoenus
632 1460 714 1494 vestibus
729 1461 823 1503 preciosis,

94 1526 112 1557 25
121 1524 176 1548 aureo
183 1513 287 1558 precinctus
293 1512 366 1547 baltheo
372 1512 441 1555 enituit,
448 1517 466 1546 et
473 1512 537 1546 subtus
543 1511 601 1546 cilicio
607 1523 649 1545 caro
655 1517 702 1546 tecta
708 1512 745 1546 fuit.
761 1512 823 1546 Insati-

121 1566 205 1610 gabiliter
215 1566 346 1608 perseuerabat
353 1565 372 1598 in
382 1565 497 1605 orationibus,
505 1564 583 1605 ieiuniis,
590 1565 663 1608 vigiliis,
671 1565 748 1599 lectione
756 1566 823 1606 diuina,

122 1617 215 1662 hospitum
228 1617 350 1661 susceptione,
362 1623 380 1651 et
391 1628 493 1661 pauperum
505 1623 523 1650 et
536 1617 651 1650 infirmorum
663 1617 764 1651 ministerio
775 1629 824 1663 pene

122 1681 197 1715 semper
212 1669 285 1703 deditus
300 1674 344 1703 erat.
371 1670 393 1703 In
408 1669 455 1703 silua
470 1669 563 1712 brigiensi,
581 1669 600 1703 in
617 1669 726 1713 patrimonio
743 1671 823 1715 proprio,

122 1723 254 1759 monasterium
265 1723 366 1758 secundum
374 1722 457 1766 regulam
469 1723 526 1757 sancti
537 1722 651 1765 Columbani,
660 1723 823 1758 ‘Hicrosolimum’

95 1791 114 1819 30
122 1782 252 1822 nuncupatum,
261 1776 368 1825 construxit,
375 1782 392 1810 et
398 1776 478 1820 Agilum,
487 1776 545 1811 sancti
554 1776 661 1811 Columbani
670 1777 784 1821 discipulum,
792 1778 824 1811 ab·

122 1833 183 1865 batem
192 1830 288 1864 constituit.
333 1823 384 1865 Cum
393 1835 453 1864 autem
464 1831 536 1864 heresis
544 1831 624 1874 quedam
631 1835 689 1864 totum
697 1842 746 1874 pene
754 1831 825 1865 sedaret

122 1885 216 1924 orientem,
225 1888 243 1917 et
251 1883 346 1916 dominum
354 1889 437 1917 nostrum
446 1884 521 1917 ihesum
530 1884 624 1917 Christum
634 1894 671 1916 non
679 1895 741 1917 veram
750 1895 824 1917 carnem

122 1949 146 1971 ex
158 1936 229 1979 virgine
242 1935 301 1969 Maria
313 1935 436 1978 assumpsisse
449 1942 551 1977 assereret;
564 1935 665 1969 Audoenus
681 1941 744 1970 contra
759 1947 824 1970 omnes

122 1988 213 2023 hereticos
225 1987 302 2021 Galliam
314 1987 403 2021 intrantes
416 1988 518 2031 disputans,
532 1988 640 2022 manifesta³
651 1989 721 2022 ratione
733 1993 751 2021 et
763 1989 825 2022 diuina

95 2055 113 2084 35
122 2041 228 2075 auctoritate
243 2040 360 2082 conuincens,
371 2040 390 2072 in
403 2040 511 2084 longinquas
525 2040 611 2084 regiones
623 2040 687 2084 sugere
699 2041 824 2084 compellebat.

124 2087 250 2130 simoniacam
258 2092 368 2137 prauitatem
376 2092 394 2126 in
403 2093 472 2127 cunctis
481 2093 593 2128 Francorum
601 2104 650 2138 pene
658 2094 740 2128 ecclesiis
748 2094 824 2128 nimium

123 2146 237 2192 preualuisse
244 2145 368 2187 considerans,
374 2145 422 2189 cepit
430 2146 468 2190 regi
475 2148 552 2181 suadere
558 2151 577 2181 vt
583 2146 661 2190 patriam
667 2146 698 2181 tali
704 2147 744 2181 labe
751 2157 825 2191 corrup·

122 2207 160 2235 tam
168 2199 258 2234 medicina
266 2198 340 2234 salutari
348 2199 438 2235 liberaret.
455 2200 567 2235 Hortabatur
574 2205 594 2234 vt
602 2200 706 2234 nullatenus
714 2201 825 2235 consentiret

123 2253 207 2297 cuiquam
215 2263 278 2286 sacros
286 2251 360 2286 ordines
368 2263 430 2287 emere
438 2253 467 2287 vel
474 2254 565 2295 vendere3
580 2253 644 2286 dicens
651 2252 686 2286 tale
695 2253 825 2287 commercium

96 2320 115 2349 4⁰
124 2305 218 2351 dyabolica
230 2305 293 2339 fraude
305 2311 398 2349 repertum
410 2311 428 2340 et
440 2307 462 2340 ab
474 2306 598 2341 ecclesiastice
609 2305 653 2339 fidei
662 2306 740 2349 puritate
752 2307 825 2350 penitus

124 2357 254 2393 eliminandum
262 2358 311 2400 fore;
324 2359 382 2402 magis
393 2359 488 2403 eligendos
499 2370 540 2394 esse
550 2360 573 2393 ad
582 2369 644 2393 sacros
651 2359 726 2393 ordines
734 2370 780 2403 quos
788 2370 825 2394 non

124 2421 193 2452 aurum,
207 2412 240 2445 sed
255 2411 298 2445 fidei
313 2412 388 2454 puritas,
402 2413 484 2446 doctrine
498 2411 584 2452 suauitas
597 2422 669 2445 morum
682 2412 764 2456 probitas
777 2424 825 2447 com·

125 2464 238 2497 mendarent.
283 2457 360 2498 Electus
376 2465 398 2498 ad
414 2465 592 2509 archiepiscopatum
607 2464 772 2510 rothomagensem,
788 2475 825 2499 non

145 2566 150 2584 ¹
161 2565 201 2596 Boll.
209 2566 299 2606 Iodarense,
307 2568 342 2597 Sur.
350 2569 451 2600 Lodariense.
492 2569 498 2586 ²
508 2569 518 2600 i.
524 2579 538 2599 e.
545 2569 631 2599 secretarii.
671 2569 677 2587 ³
688 2571 706 2600 E.
713 2570 801 2601 manifeste.
